{"usOut":1682690141490920,"usIn":1682690141468962,"usDiff":21958,"testnet":false,"result":{"trades":[{"trade_seq":126,"trade_id":"248980019","timestamp":1680185087764,"tick_direction":2,"price":0.175,"mark_price":0.17491983,"iv":160.15,"instrument_name":"BTC-31MAR23-23500-C","index_price":28489.72,"direction":"sell","amount":7.0},{"trade_seq":125,"trade_id":"248929255","timestamp":1680168007396,"tick_direction":3,"price":0.177,"mark_price":0.17661734,"iv":173.55,"instrument_name":"BTC-31MAR23-23500-C","index_price":28528.04,"direction":"sell","amount":0.8},{"trade_seq":124,"trade_id":"248929240","timestamp":1680168005302,"tick_direction":3,"price":0.177,"mark_price":0.17671901,"iv":166.5,"instrument_name":"BTC-31MAR23-23500-C","index_price":28531.17,"direction":"sell","amount":0.1},{"trade_seq":123,"trade_id":"248929238","timestamp":1680168004424,"tick_direction":2,"price":0.177,"mark_price":0.17680226,"iv":165.87,"instrument_name":"BTC-31MAR23-23500-C","index_price":28531.29,"direction":"sell","amount":0.1},{"trade_seq":122,"trade_id":"248904232","timestamp":1680158316963,"tick_direction":2,"price":0.1795,"mark_price":0.17924373,"iv":156.34,"instrument_name":"BTC-31MAR23-23500-C","index_price":28604.84,"direction":"sell","amount":1.0},{"trade_seq":121,"trade_id":"248904007","timestamp":1680158081648,"tick_direction":0,"price":0.1805,"mark_price":0.18007455,"iv":169.46,"instrument_name":"BTC-31MAR23-23500-C","index_price":28634.81,"direction":"sell","amount":1.0},{"trade_seq":120,"trade_id":"248876624","timestamp":1680145808579,"tick_direction":0,"price":0.1755,"mark_price":0.17588615,"iv":0.0,"instrument_name":"BTC-31MAR23-23500-C","index_price":28488.69,"direction":"sell","amount":1.0},{"trade_seq":119,"trade_id":"248260865","timestamp":1679838003018,"tick_direction":0,"price":0.1655,"mark_price":0.16476802,"iv":93.34,"instrument_name":"BTC-31MAR23-23500-C","index_price":28073.36,"direction":"sell","amount":0.1},{"trade_seq":118,"trade_id":"248221127","timestamp":1679797097976,"tick_direction":0,"price":0.1515,"mark_price":0.15141556,"iv":81.44,"instrument_name":"BTC-31MAR23-23500-C","index_price":27629.84,"direction":"sell","amount":0.1},{"trade_seq":117,"trade_id":"248151810","timestamp":1679741112483,"tick_direction":2,"price":0.1485,"mark_price":0.14867266,"iv":72.81,"instrument_name":"BTC-31MAR23-23500-C","index_price":27529.9,"direction":"sell","amount":0.1},{"trade_seq":116,"trade_id":"247944158","timestamp":1679645133647,"tick_direction":0,"price":0.173,"mark_price":0.17234072,"iv":82.33,"instrument_name":"BTC-31MAR23-23500-C","index_price":28309.67,"direction":"sell","amount":0.1},{"trade_seq":115,"trade_id":"247916242","timestamp":1679631379403,"tick_direction":0,"price":0.172,"mark_price":0.17179408,"iv":80.94,"instrument_name":"BTC-31MAR23-23500-C","index_price":28272.84,"direction":"sell","amount":0.1},{"trade_seq":114,"trade_id":"246308099","timestamp":1679134419452,"tick_direction":0,"price":0.154,"mark_price":0.15397601,"iv":72.47,"instrument_name":"BTC-31MAR23-23500-C","index_price":27476.1,"direction":"sell","amount":0.2},{"trade_seq":113,"trade_id":"245796065","timestamp":1679020160665,"tick_direction":0,"price":0.108,"mark_price":0.10674506,"iv":65.81,"instrument_name":"BTC-31MAR23-23500-C","index_price":25863.29,"direction":"sell","amount":1.0},{"trade_seq":112,"trade_id":"245560100","timestamp":1678938999808,"tick_direction":2,"price":0.061,"mark_price":0.06090688,"iv":52.85,"instrument_name":"BTC-31MAR23-23500-C","index_price":24335.54,"direction":"buy","amount":1.0},{"trade_seq":111,"trade_id":"245165082","timestamp":1678820127531,"tick_direction":0,"price":0.09,"mark_price":0.09007938,"iv":62.89,"instrument_name":"BTC-31MAR23-23500-C","index_price":25091.69,"direction":"sell","amount":0.9},{"trade_seq":110,"trade_id":"244950393","timestamp":1678776396431,"tick_direction":3,"price":0.07,"mark_price":0.07027339,"iv":57.79,"instrument_name":"BTC-31MAR23-23500-C","index_price":24451.81,"direction":"buy","amount":0.2},{"trade_seq":109,"trade_id":"244950384","timestamp":1678776394292,"tick_direction":3,"price":0.07,"mark_price":0.07022803,"iv":57.86,"instrument_name":"BTC-31MAR23-23500-C","index_price":24448.96,"direction":"buy","amount":0.2},{"trade_seq":108,"trade_id":"244950379","timestamp":1678776392406,"tick_direction":3,"price":0.07,"mark_price":0.07024635,"iv":57.84,"instrument_name":"BTC-31MAR23-23500-C","index_price":24449.4,"direction":"buy","amount":0.1},{"trade_seq":107,"trade_id":"244950374","timestamp":1678776390406,"tick_direction":3,"price":0.07,"mark_price":0.07019197,"iv":57.92,"instrument_name":"BTC-31MAR23-23500-C","index_price":24449.52,"direction":"buy","amount":0.2},{"trade_seq":106,"trade_id":"244950336","timestamp":1678776374305,"tick_direction":2,"price":0.07,"mark_price":0.07015577,"iv":58.0,"instrument_name":"BTC-31MAR23-23500-C","index_price":24442.88,"direction":"buy","amount":0.1},{"trade_seq":105,"trade_id":"244948390","timestamp":1678775307373,"tick_direction":0,"price":0.0725,"mark_price":0.0725341,"iv":58.39,"instrument_name":"BTC-31MAR23-23500-C","index_price":24536.07,"direction":"buy","amount":0.1},{"trade_seq":104,"trade_id":"244947175","timestamp":1678774535931,"tick_direction":0,"price":0.072,"mark_price":0.07205956,"iv":58.43,"instrument_name":"BTC-31MAR23-23500-C","index_price":24515.43,"direction":"buy","amount":0.2},{"trade_seq":103,"trade_id":"244946907","timestamp":1678774446659,"tick_direction":2,"price":0.0705,"mark_price":0.07085397,"iv":58.02,"instrument_name":"BTC-31MAR23-23500-C","index_price":24463.7,"direction":"buy","amount":1.2},{"trade_seq":102,"trade_id":"244946896","timestamp":1678774440745,"tick_direction":2,"price":0.071,"mark_price":0.07109654,"iv":58.47,"instrument_name":"BTC-31MAR23-23500-C","index_price":24468.86,"direction":"buy","amount":4.6},{"trade_seq":101,"trade_id":"244946895","timestamp":1678774440124,"tick_direction":2,"price":0.0715,"mark_price":0.07109654,"iv":59.09,"instrument_name":"BTC-31MAR23-23500-C","index_price":24470.3,"direction":"buy","amount":0.1},{"trade_seq":100,"trade_id":"244914107","timestamp":1678759392593,"tick_direction":2,"price":0.0725,"mark_price":0.07279573,"iv":59.52,"instrument_name":"BTC-31MAR23-23500-C","index_price":24471.47,"direction":"buy","amount":2.4},{"trade_seq":99,"trade_id":"244914010","timestamp":1678759376747,"tick_direction":1,"price":0.0735,"mark_price":0.07327546,"iv":60.16,"instrument_name":"BTC-31MAR23-23500-C","index_price":24502.74,"direction":"buy","amount":0.2},{"trade_seq":98,"trade_id":"244914009","timestamp":1678759376726,"tick_direction":1,"price":0.0735,"mark_price":0.07327546,"iv":60.16,"instrument_name":"BTC-31MAR23-23500-C","index_price":24502.74,"direction":"buy","amount":0.1},{"trade_seq":97,"trade_id":"244913988","timestamp":1678759376639,"tick_direction":0,"price":0.0735,"mark_price":0.07327546,"iv":60.16,"instrument_name":"BTC-31MAR23-23500-C","index_price":24502.74,"direction":"buy","amount":1.6},{"trade_seq":96,"trade_id":"244903272","timestamp":1678754110588,"tick_direction":2,"price":0.0655,"mark_price":0.0660287,"iv":59.4,"instrument_name":"BTC-31MAR23-23500-C","index_price":24196.31,"direction":"buy","amount":7.2},{"trade_seq":95,"trade_id":"244902190","timestamp":1678753592240,"tick_direction":3,"price":0.0665,"mark_price":0.06753055,"iv":59.46,"instrument_name":"BTC-31MAR23-23500-C","index_price":24220.29,"direction":"buy","amount":1.2},{"trade_seq":94,"trade_id":"244902187","timestamp":1678753592212,"tick_direction":2,"price":0.0665,"mark_price":0.06753055,"iv":59.46,"instrument_name":"BTC-31MAR23-23500-C","index_price":24220.29,"direction":"buy","amount":0.8},{"trade_seq":93,"trade_id":"244901070","timestamp":1678752995639,"tick_direction":0,"price":0.0675,"mark_price":0.06728989,"iv":61.48,"instrument_name":"BTC-31MAR23-23500-C","index_price":24198.43,"direction":"sell","amount":0.1},{"trade_seq":92,"trade_id":"244894377","timestamp":1678749963487,"tick_direction":2,"price":0.065,"mark_price":0.06546608,"iv":61.64,"instrument_name":"BTC-31MAR23-23500-C","index_price":24069.41,"direction":"sell","amount":0.2},{"trade_seq":91,"trade_id":"244883413","timestamp":1678743661137,"tick_direction":2,"price":0.069,"mark_price":0.0702035,"iv":62.12,"instrument_name":"BTC-31MAR23-23500-C","index_price":24189.2,"direction":"sell","amount":0.7},{"trade_seq":90,"trade_id":"244878438","timestamp":1678740789150,"tick_direction":3,"price":0.07,"mark_price":0.07079418,"iv":62.69,"instrument_name":"BTC-31MAR23-23500-C","index_price":24206.28,"direction":"sell","amount":6.0},{"trade_seq":89,"trade_id":"244878437","timestamp":1678740789150,"tick_direction":2,"price":0.07,"mark_price":0.07079418,"iv":62.69,"instrument_name":"BTC-31MAR23-23500-C","index_price":24206.28,"direction":"sell","amount":5.0},{"trade_seq":88,"trade_id":"244876871","timestamp":1678740618631,"tick_direction":1,"price":0.0725,"mark_price":0.07275856,"iv":63.11,"instrument_name":"BTC-31MAR23-23500-C","index_price":24272.84,"direction":"sell","amount":0.9},{"trade_seq":87,"trade_id":"244876351","timestamp":1678740576668,"tick_direction":1,"price":0.0725,"mark_price":0.07263985,"iv":63.25,"instrument_name":"BTC-31MAR23-23500-C","index_price":24264.25,"direction":"sell","amount":0.7},{"trade_seq":86,"trade_id":"244876341","timestamp":1678740576301,"tick_direction":1,"price":0.0725,"mark_price":0.07263985,"iv":63.25,"instrument_name":"BTC-31MAR23-23500-C","index_price":24270.88,"direction":"sell","amount":3.0},{"trade_seq":85,"trade_id":"244876146","timestamp":1678740562444,"tick_direction":1,"price":0.0725,"mark_price":0.07279178,"iv":63.15,"instrument_name":"BTC-31MAR23-23500-C","index_price":24271.88,"direction":"sell","amount":0.2},{"trade_seq":84,"trade_id":"244876086","timestamp":1678740553749,"tick_direction":0,"price":0.0725,"mark_price":0.07263018,"iv":63.35,"instrument_name":"BTC-31MAR23-23500-C","index_price":24270.9,"direction":"sell","amount":0.5},{"trade_seq":83,"trade_id":"244875885","timestamp":1678740539606,"tick_direction":3,"price":0.072,"mark_price":0.07240869,"iv":63.11,"instrument_name":"BTC-31MAR23-23500-C","index_price":24258.59,"direction":"sell","amount":0.2},{"trade_seq":82,"trade_id":"244871711","timestamp":1678738615574,"tick_direction":2,"price":0.072,"mark_price":0.07343568,"iv":62.02,"instrument_name":"BTC-31MAR23-23500-C","index_price":24324.88,"direction":"sell","amount":0.4},{"trade_seq":81,"trade_id":"244867725","timestamp":1678737182395,"tick_direction":3,"price":0.0725,"mark_price":0.07229944,"iv":63.17,"instrument_name":"BTC-31MAR23-23500-C","index_price":24327.43,"direction":"sell","amount":0.5},{"trade_seq":80,"trade_id":"244867641","timestamp":1678737129942,"tick_direction":3,"price":0.0725,"mark_price":0.07272112,"iv":62.67,"instrument_name":"BTC-31MAR23-23500-C","index_price":24335.46,"direction":"sell","amount":0.2},{"trade_seq":79,"trade_id":"244831363","timestamp":1678724846504,"tick_direction":2,"price":0.0725,"mark_price":0.0713814,"iv":67.58,"instrument_name":"BTC-31MAR23-23500-C","index_price":24145.17,"direction":"buy","amount":2.4},{"trade_seq":78,"trade_id":"244814983","timestamp":1678722215025,"tick_direction":2,"price":0.078,"mark_price":0.07829054,"iv":71.76,"instrument_name":"BTC-31MAR23-23500-C","index_price":24228.62,"direction":"buy","amount":0.7},{"trade_seq":77,"trade_id":"244808627","timestamp":1678721701064,"tick_direction":0,"price":0.08,"mark_price":0.07940382,"iv":72.53,"instrument_name":"BTC-31MAR23-23500-C","index_price":24302.22,"direction":"buy","amount":0.4},{"trade_seq":76,"trade_id":"244789892","timestamp":1678720260612,"tick_direction":3,"price":0.0785,"mark_price":0.07707487,"iv":70.8,"instrument_name":"BTC-31MAR23-23500-C","index_price":24285.73,"direction":"sell","amount":6.1},{"trade_seq":75,"trade_id":"244789863","timestamp":1678720259366,"tick_direction":2,"price":0.0785,"mark_price":0.07719311,"iv":70.74,"instrument_name":"BTC-31MAR23-23500-C","index_price":24288.29,"direction":"sell","amount":4.6},{"trade_seq":74,"trade_id":"244787432","timestamp":1678720171636,"tick_direction":2,"price":0.0805,"mark_price":0.08137402,"iv":67.65,"instrument_name":"BTC-31MAR23-23500-C","index_price":24503.43,"direction":"sell","amount":5.6},{"trade_seq":73,"trade_id":"244786843","timestamp":1678720158867,"tick_direction":0,"price":0.0815,"mark_price":0.08100924,"iv":69.21,"instrument_name":"BTC-31MAR23-23500-C","index_price":24452.59,"direction":"sell","amount":4.2},{"trade_seq":72,"trade_id":"244769390","timestamp":1678719371378,"tick_direction":1,"price":0.0565,"mark_price":0.05665892,"iv":64.01,"instrument_name":"BTC-31MAR23-23500-C","index_price":23601.08,"direction":"buy","amount":1.2},{"trade_seq":71,"trade_id":"244769389","timestamp":1678719371378,"tick_direction":0,"price":0.0565,"mark_price":0.05665892,"iv":64.01,"instrument_name":"BTC-31MAR23-23500-C","index_price":23601.08,"direction":"buy","amount":1.0},{"trade_seq":70,"trade_id":"244767972","timestamp":1678719226610,"tick_direction":2,"price":0.0555,"mark_price":0.05517691,"iv":64.74,"instrument_name":"BTC-31MAR23-23500-C","index_price":23512.28,"direction":"buy","amount":1.0},{"trade_seq":69,"trade_id":"244762735","timestamp":1678718646090,"tick_direction":0,"price":0.0565,"mark_price":0.0568328,"iv":64.43,"instrument_name":"BTC-31MAR23-23500-C","index_price":23577.74,"direction":"buy","amount":1.0},{"trade_seq":68,"trade_id":"244762086","timestamp":1678718557645,"tick_direction":3,"price":0.055,"mark_price":0.0546603,"iv":65.18,"instrument_name":"BTC-31MAR23-23500-C","index_price":23483.32,"direction":"buy","amount":1.0},{"trade_seq":67,"trade_id":"244760037","timestamp":1678718285526,"tick_direction":2,"price":0.055,"mark_price":0.05528957,"iv":64.31,"instrument_name":"BTC-31MAR23-23500-C","index_price":23509.8,"direction":"buy","amount":1.0},{"trade_seq":66,"trade_id":"244759824","timestamp":1678718256307,"tick_direction":2,"price":0.0555,"mark_price":0.05489805,"iv":65.04,"instrument_name":"BTC-31MAR23-23500-C","index_price":23506.17,"direction":"buy","amount":1.0},{"trade_seq":65,"trade_id":"244757659","timestamp":1678717988247,"tick_direction":0,"price":0.0565,"mark_price":0.05645924,"iv":64.71,"instrument_name":"BTC-31MAR23-23500-C","index_price":23550.2,"direction":"buy","amount":1.0},{"trade_seq":64,"trade_id":"244756979","timestamp":1678717924898,"tick_direction":2,"price":0.0555,"mark_price":0.05582508,"iv":64.28,"instrument_name":"BTC-31MAR23-23500-C","index_price":23509.83,"direction":"buy","amount":1.0},{"trade_seq":63,"trade_id":"244755015","timestamp":1678717825618,"tick_direction":1,"price":0.0565,"mark_price":0.05589933,"iv":65.06,"instrument_name":"BTC-31MAR23-23500-C","index_price":23532.74,"direction":"sell","amount":1.0},{"trade_seq":62,"trade_id":"244755004","timestamp":1678717825227,"tick_direction":1,"price":0.0565,"mark_price":0.05589933,"iv":65.01,"instrument_name":"BTC-31MAR23-23500-C","index_price":23532.95,"direction":"sell","amount":7.8},{"trade_seq":61,"trade_id":"244755003","timestamp":1678717825226,"tick_direction":0,"price":0.0565,"mark_price":0.05589933,"iv":65.01,"instrument_name":"BTC-31MAR23-23500-C","index_price":23532.95,"direction":"sell","amount":12.8},{"trade_seq":60,"trade_id":"244754962","timestamp":1678717820986,"tick_direction":1,"price":0.056,"mark_price":0.0559272,"iv":64.45,"instrument_name":"BTC-31MAR23-23500-C","index_price":23539.93,"direction":"sell","amount":0.3},{"trade_seq":59,"trade_id":"244754961","timestamp":1678717820983,"tick_direction":1,"price":0.056,"mark_price":0.0559272,"iv":64.45,"instrument_name":"BTC-31MAR23-23500-C","index_price":23539.93,"direction":"sell","amount":0.1},{"trade_seq":58,"trade_id":"244754958","timestamp":1678717820947,"tick_direction":0,"price":0.056,"mark_price":0.0559272,"iv":64.45,"instrument_name":"BTC-31MAR23-23500-C","index_price":23539.93,"direction":"sell","amount":8.0},{"trade_seq":57,"trade_id":"244754887","timestamp":1678717816133,"tick_direction":0,"price":0.0555,"mark_price":0.05573905,"iv":64.05,"instrument_name":"BTC-31MAR23-23500-C","index_price":23534.33,"direction":"buy","amount":1.0},{"trade_seq":56,"trade_id":"244754703","timestamp":1678717802493,"tick_direction":0,"price":0.055,"mark_price":0.05500172,"iv":63.84,"instrument_name":"BTC-31MAR23-23500-C","index_price":23516.07,"direction":"buy","amount":1.0},{"trade_seq":55,"trade_id":"244752875","timestamp":1678717679131,"tick_direction":3,"price":0.054,"mark_price":0.05550824,"iv":62.8,"instrument_name":"BTC-31MAR23-23500-C","index_price":23509.15,"direction":"buy","amount":6.3},{"trade_seq":54,"trade_id":"244752874","timestamp":1678717679130,"tick_direction":2,"price":0.054,"mark_price":0.05550824,"iv":62.8,"instrument_name":"BTC-31MAR23-23500-C","index_price":23509.15,"direction":"buy","amount":2.0},{"trade_seq":53,"trade_id":"244752869","timestamp":1678717678823,"tick_direction":0,"price":0.0545,"mark_price":0.05550824,"iv":63.37,"instrument_name":"BTC-31MAR23-23500-C","index_price":23509.15,"direction":"buy","amount":0.1},{"trade_seq":52,"trade_id":"244752811","timestamp":1678717676810,"tick_direction":2,"price":0.054,"mark_price":0.0556169,"iv":62.58,"instrument_name":"BTC-31MAR23-23500-C","index_price":23518.6,"direction":"buy","amount":17.4},{"trade_seq":51,"trade_id":"244752785","timestamp":1678717675709,"tick_direction":2,"price":0.0545,"mark_price":0.05567508,"iv":63.05,"instrument_name":"BTC-31MAR23-23500-C","index_price":23524.46,"direction":"buy","amount":7.7},{"trade_seq":50,"trade_id":"244752623","timestamp":1678717666698,"tick_direction":3,"price":0.055,"mark_price":0.05612739,"iv":63.12,"instrument_name":"BTC-31MAR23-23500-C","index_price":23543.11,"direction":"buy","amount":0.9},{"trade_seq":49,"trade_id":"244752622","timestamp":1678717666514,"tick_direction":2,"price":0.055,"mark_price":0.05612739,"iv":63.12,"instrument_name":"BTC-31MAR23-23500-C","index_price":23543.11,"direction":"buy","amount":8.9},{"trade_seq":48,"trade_id":"244751876","timestamp":1678717619209,"tick_direction":0,"price":0.0555,"mark_price":0.05655757,"iv":62.9,"instrument_name":"BTC-31MAR23-23500-C","index_price":23543.4,"direction":"buy","amount":5.4},{"trade_seq":47,"trade_id":"244741254","timestamp":1678717241391,"tick_direction":1,"price":0.0475,"mark_price":0.04825873,"iv":62.25,"instrument_name":"BTC-31MAR23-23500-C","index_price":23223.39,"direction":"buy","amount":3.4},{"trade_seq":46,"trade_id":"244741253","timestamp":1678717241390,"tick_direction":0,"price":0.0475,"mark_price":0.04825873,"iv":62.25,"instrument_name":"BTC-31MAR23-23500-C","index_price":23223.39,"direction":"buy","amount":1.7},{"trade_seq":45,"trade_id":"244738004","timestamp":1678717085708,"tick_direction":0,"price":0.046,"mark_price":0.04653325,"iv":62.4,"instrument_name":"BTC-31MAR23-23500-C","index_price":23128.7,"direction":"buy","amount":1.0},{"trade_seq":44,"trade_id":"244733122","timestamp":1678716682517,"tick_direction":0,"price":0.0435,"mark_price":0.04349092,"iv":62.76,"instrument_name":"BTC-31MAR23-23500-C","index_price":22922.15,"direction":"buy","amount":1.6},{"trade_seq":43,"trade_id":"244704708","timestamp":1678712848524,"tick_direction":1,"price":0.0345,"mark_price":0.03462742,"iv":63.04,"instrument_name":"BTC-31MAR23-23500-C","index_price":22359.28,"direction":"sell","amount":5.0},{"trade_seq":42,"trade_id":"244704652","timestamp":1678712842982,"tick_direction":1,"price":0.0345,"mark_price":0.03456667,"iv":63.02,"instrument_name":"BTC-31MAR23-23500-C","index_price":22350.59,"direction":"buy","amount":5.0},{"trade_seq":41,"trade_id":"244704651","timestamp":1678712842982,"tick_direction":1,"price":0.0345,"mark_price":0.03456667,"iv":63.02,"instrument_name":"BTC-31MAR23-23500-C","index_price":22350.59,"direction":"buy","amount":2.3},{"trade_seq":40,"trade_id":"244704468","timestamp":1678712826072,"tick_direction":0,"price":0.0345,"mark_price":0.03438902,"iv":62.98,"instrument_name":"BTC-31MAR23-23500-C","index_price":22358.34,"direction":"buy","amount":2.7},{"trade_seq":39,"trade_id":"244703662","timestamp":1678712776659,"tick_direction":0,"price":0.034,"mark_price":0.03382074,"iv":63.2,"instrument_name":"BTC-31MAR23-23500-C","index_price":22333.8,"direction":"buy","amount":5.0},{"trade_seq":38,"trade_id":"244698336","timestamp":1678712337921,"tick_direction":0,"price":0.03,"mark_price":0.02979761,"iv":60.84,"instrument_name":"BTC-31MAR23-23500-C","index_price":22175.07,"direction":"buy","amount":0.1},{"trade_seq":37,"trade_id":"244697495","timestamp":1678712087789,"tick_direction":0,"price":0.0275,"mark_price":0.02716532,"iv":59.36,"instrument_name":"BTC-31MAR23-23500-C","index_price":22092.91,"direction":"buy","amount":0.1},{"trade_seq":36,"trade_id":"244697347","timestamp":1678712043749,"tick_direction":1,"price":0.027,"mark_price":0.02723924,"iv":58.43,"instrument_name":"BTC-31MAR23-23500-C","index_price":22100.76,"direction":"buy","amount":5.0},{"trade_seq":35,"trade_id":"244697346","timestamp":1678712043749,"tick_direction":0,"price":0.027,"mark_price":0.02723924,"iv":58.43,"instrument_name":"BTC-31MAR23-23500-C","index_price":22100.76,"direction":"buy","amount":5.0},{"trade_seq":34,"trade_id":"244696733","timestamp":1678711808643,"tick_direction":3,"price":0.026,"mark_price":0.02598329,"iv":58.17,"instrument_name":"BTC-31MAR23-23500-C","index_price":22047.21,"direction":"buy","amount":1.4},{"trade_seq":33,"trade_id":"244696727","timestamp":1678711807761,"tick_direction":3,"price":0.026,"mark_price":0.02595286,"iv":58.3,"instrument_name":"BTC-31MAR23-23500-C","index_price":22045.85,"direction":"buy","amount":1.0},{"trade_seq":32,"trade_id":"244696726","timestamp":1678711807758,"tick_direction":3,"price":0.026,"mark_price":0.02595286,"iv":58.3,"instrument_name":"BTC-31MAR23-23500-C","index_price":22045.85,"direction":"buy","amount":2.6},{"trade_seq":31,"trade_id":"244696711","timestamp":1678711803018,"tick_direction":3,"price":0.026,"mark_price":0.02581294,"iv":58.51,"instrument_name":"BTC-31MAR23-23500-C","index_price":22025.75,"direction":"buy","amount":1.4},{"trade_seq":30,"trade_id":"244696373","timestamp":1678711693745,"tick_direction":2,"price":0.026,"mark_price":0.02587595,"iv":58.32,"instrument_name":"BTC-31MAR23-23500-C","index_price":22030.72,"direction":"sell","amount":3.6},{"trade_seq":29,"trade_id":"244695936","timestamp":1678711553033,"tick_direction":1,"price":0.0265,"mark_price":0.02633263,"iv":58.22,"instrument_name":"BTC-31MAR23-23500-C","index_price":22066.6,"direction":"buy","amount":5.0},{"trade_seq":28,"trade_id":"244695931","timestamp":1678711551055,"tick_direction":1,"price":0.0265,"mark_price":0.02626358,"iv":58.27,"instrument_name":"BTC-31MAR23-23500-C","index_price":22063.95,"direction":"buy","amount":5.0},{"trade_seq":27,"trade_id":"244695930","timestamp":1678711551055,"tick_direction":0,"price":0.0265,"mark_price":0.02626358,"iv":58.27,"instrument_name":"BTC-31MAR23-23500-C","index_price":22063.95,"direction":"buy","amount":5.0},{"trade_seq":26,"trade_id":"244695410","timestamp":1678711377621,"tick_direction":1,"price":0.026,"mark_price":0.02625867,"iv":57.24,"instrument_name":"BTC-31MAR23-23500-C","index_price":22090.97,"direction":"sell","amount":0.1},{"trade_seq":25,"trade_id":"244684374","timestamp":1678705633795,"tick_direction":1,"price":0.026,"mark_price":0.02630553,"iv":55.23,"instrument_name":"BTC-31MAR23-23500-C","index_price":22234.16,"direction":"buy","amount":1.0},{"trade_seq":24,"trade_id":"244684373","timestamp":1678705633795,"tick_direction":0,"price":0.026,"mark_price":0.02630553,"iv":55.23,"instrument_name":"BTC-31MAR23-23500-C","index_price":22234.16,"direction":"buy","amount":7.0},{"trade_seq":23,"trade_id":"244681061","timestamp":1678703904171,"tick_direction":1,"price":0.0255,"mark_price":0.02589426,"iv":56.16,"instrument_name":"BTC-31MAR23-23500-C","index_price":22145.27,"direction":"sell","amount":20.0},{"trade_seq":22,"trade_id":"244680991","timestamp":1678703861348,"tick_direction":1,"price":0.0255,"mark_price":0.02585488,"iv":56.23,"instrument_name":"BTC-31MAR23-23500-C","index_price":22141.96,"direction":"sell","amount":0.3},{"trade_seq":21,"trade_id":"244680989","timestamp":1678703861218,"tick_direction":1,"price":0.0255,"mark_price":0.02585488,"iv":56.23,"instrument_name":"BTC-31MAR23-23500-C","index_price":22141.96,"direction":"sell","amount":0.1},{"trade_seq":20,"trade_id":"244680988","timestamp":1678703861216,"tick_direction":1,"price":0.0255,"mark_price":0.02585488,"iv":56.23,"instrument_name":"BTC-31MAR23-23500-C","index_price":22141.96,"direction":"sell","amount":0.1},{"trade_seq":19,"trade_id":"244680987","timestamp":1678703861192,"tick_direction":1,"price":0.0255,"mark_price":0.02585488,"iv":56.23,"instrument_name":"BTC-31MAR23-23500-C","index_price":22141.96,"direction":"sell","amount":0.2},{"trade_seq":18,"trade_id":"244680986","timestamp":1678703860061,"tick_direction":0,"price":0.0255,"mark_price":0.02598471,"iv":56.17,"instrument_name":"BTC-31MAR23-23500-C","index_price":22143.57,"direction":"sell","amount":0.2},{"trade_seq":17,"trade_id":"244673193","timestamp":1678700488433,"tick_direction":2,"price":0.0235,"mark_price":0.0242,"iv":55.14,"instrument_name":"BTC-31MAR23-23500-C","index_price":22054.07,"direction":"sell","amount":0.1},{"trade_seq":16,"trade_id":"244667836","timestamp":1678699887044,"tick_direction":3,"price":0.025,"mark_price":0.02527302,"iv":54.73,"instrument_name":"BTC-31MAR23-23500-C","index_price":22179.49,"direction":"sell","amount":1.0},{"trade_seq":15,"trade_id":"244667096","timestamp":1678699719613,"tick_direction":2,"price":0.025,"mark_price":0.02524894,"iv":54.79,"instrument_name":"BTC-31MAR23-23500-C","index_price":22166.54,"direction":"sell","amount":2.3},{"trade_seq":14,"trade_id":"244662548","timestamp":1678698187374,"tick_direction":3,"price":0.026,"mark_price":0.02579683,"iv":54.52,"instrument_name":"BTC-31MAR23-23500-C","index_price":22252.25,"direction":"buy","amount":3.2},{"trade_seq":13,"trade_id":"244662547","timestamp":1678698187374,"tick_direction":3,"price":0.026,"mark_price":0.02579683,"iv":54.52,"instrument_name":"BTC-31MAR23-23500-C","index_price":22252.25,"direction":"buy","amount":7.8},{"trade_seq":12,"trade_id":"244662546","timestamp":1678698187374,"tick_direction":2,"price":0.026,"mark_price":0.02579683,"iv":54.52,"instrument_name":"BTC-31MAR23-23500-C","index_price":22252.25,"direction":"buy","amount":5.0},{"trade_seq":11,"trade_id":"244659851","timestamp":1678697478286,"tick_direction":2,"price":0.0265,"mark_price":0.02643149,"iv":54.51,"instrument_name":"BTC-31MAR23-23500-C","index_price":22275.98,"direction":"sell","amount":0.4},{"trade_seq":10,"trade_id":"244655555","timestamp":1678695804146,"tick_direction":1,"price":0.0305,"mark_price":0.02981168,"iv":55.83,"instrument_name":"BTC-31MAR23-23500-C","index_price":22476.41,"direction":"buy","amount":3.8},{"trade_seq":9,"trade_id":"244655554","timestamp":1678695804146,"tick_direction":0,"price":0.0305,"mark_price":0.02981168,"iv":55.83,"instrument_name":"BTC-31MAR23-23500-C","index_price":22476.41,"direction":"buy","amount":6.0},{"trade_seq":8,"trade_id":"244655448","timestamp":1678695740058,"tick_direction":2,"price":0.03,"mark_price":0.02969185,"iv":55.37,"instrument_name":"BTC-31MAR23-23500-C","index_price":22467.76,"direction":"buy","amount":0.1},{"trade_seq":7,"trade_id":"244654394","timestamp":1678695321768,"tick_direction":0,"price":0.0305,"mark_price":0.02986943,"iv":55.47,"instrument_name":"BTC-31MAR23-23500-C","index_price":22489.96,"direction":"buy","amount":6.1},{"trade_seq":6,"trade_id":"244653805","timestamp":1678695143190,"tick_direction":1,"price":0.03,"mark_price":0.0295356,"iv":54.96,"instrument_name":"BTC-31MAR23-23500-C","index_price":22486.32,"direction":"buy","amount":1.1},{"trade_seq":5,"trade_id":"244653804","timestamp":1678695143190,"tick_direction":0,"price":0.03,"mark_price":0.0295356,"iv":54.96,"instrument_name":"BTC-31MAR23-23500-C","index_price":22486.32,"direction":"buy","amount":20.0},{"trade_seq":4,"trade_id":"244645025","timestamp":1678693366246,"tick_direction":1,"price":0.0295,"mark_price":0.02919427,"iv":53.95,"instrument_name":"BTC-31MAR23-23500-C","index_price":22539.02,"direction":"buy","amount":2.2},{"trade_seq":3,"trade_id":"244645022","timestamp":1678693366233,"tick_direction":0,"price":0.0295,"mark_price":0.02919427,"iv":53.95,"instrument_name":"BTC-31MAR23-23500-C","index_price":22539.02,"direction":"buy","amount":1.8},{"trade_seq":2,"trade_id":"244639785","timestamp":1678691997108,"tick_direction":0,"price":0.0265,"mark_price":0.02608806,"iv":52.33,"instrument_name":"BTC-31MAR23-23500-C","index_price":22448.87,"direction":"buy","amount":3.5},{"trade_seq":1,"trade_id":"244628354","timestamp":1678686281934,"tick_direction":1,"price":0.026,"mark_price":0.02612734,"iv":50.76,"instrument_name":"BTC-31MAR23-23500-C","index_price":22456.41,"direction":"buy","amount":0.2}],"has_more":false},"jsonrpc":"2.0"}