{"usOut":1682689784021043,"usIn":1682689783754495,"usDiff":266548,"testnet":false,"result":{"trades":[{"trade_seq":1705,"trade_id":"248743602","timestamp":1680080692005,"tick_direction":3,"price":0.0005,"mark_price":0.00013161,"iv":126.82,"instrument_name":"BTC-31MAR23-35000-C","index_price":28502.38,"direction":"buy","amount":1.0},{"trade_seq":1704,"trade_id":"248743601","timestamp":1680080690332,"tick_direction":3,"price":0.0005,"mark_price":0.0001316,"iv":126.79,"instrument_name":"BTC-31MAR23-35000-C","index_price":28503.85,"direction":"buy","amount":1.0},{"trade_seq":1703,"trade_id":"248743598","timestamp":1680080688651,"tick_direction":3,"price":0.0005,"mark_price":0.00013219,"iv":126.74,"instrument_name":"BTC-31MAR23-35000-C","index_price":28506.06,"direction":"buy","amount":1.0},{"trade_seq":1702,"trade_id":"248743596","timestamp":1680080686917,"tick_direction":3,"price":0.0005,"mark_price":0.00013218,"iv":126.71,"instrument_name":"BTC-31MAR23-35000-C","index_price":28506.88,"direction":"buy","amount":1.0},{"trade_seq":1701,"trade_id":"248567811","timestamp":1679989843595,"tick_direction":3,"price":0.0005,"mark_price":0.0001344,"iv":124.93,"instrument_name":"BTC-31MAR23-35000-C","index_price":27036.45,"direction":"buy","amount":0.1},{"trade_seq":1700,"trade_id":"248299829","timestamp":1679856898788,"tick_direction":3,"price":0.0005,"mark_price":0.00064461,"iv":91.1,"instrument_name":"BTC-31MAR23-35000-C","index_price":27834.18,"direction":"sell","amount":0.7},{"trade_seq":1699,"trade_id":"248294681","timestamp":1679853871265,"tick_direction":3,"price":0.0005,"mark_price":0.00066674,"iv":90.66,"instrument_name":"BTC-31MAR23-35000-C","index_price":27851.55,"direction":"sell","amount":0.1},{"trade_seq":1698,"trade_id":"248294680","timestamp":1679853858615,"tick_direction":3,"price":0.0005,"mark_price":0.00066609,"iv":90.68,"instrument_name":"BTC-31MAR23-35000-C","index_price":27851.42,"direction":"sell","amount":0.1},{"trade_seq":1697,"trade_id":"248285810","timestamp":1679847804540,"tick_direction":3,"price":0.0005,"mark_price":0.00068424,"iv":90.33,"instrument_name":"BTC-31MAR23-35000-C","index_price":27838.12,"direction":"buy","amount":0.1},{"trade_seq":1696,"trade_id":"248245174","timestamp":1679827212787,"tick_direction":3,"price":0.0005,"mark_price":0.00071935,"iv":89.81,"instrument_name":"BTC-31MAR23-35000-C","index_price":27697.63,"direction":"buy","amount":0.9},{"trade_seq":1695,"trade_id":"248245173","timestamp":1679827212785,"tick_direction":3,"price":0.0005,"mark_price":0.00071935,"iv":89.81,"instrument_name":"BTC-31MAR23-35000-C","index_price":27697.63,"direction":"sell","amount":0.1},{"trade_seq":1694,"trade_id":"248245145","timestamp":1679827191487,"tick_direction":3,"price":0.0005,"mark_price":0.00071889,"iv":89.82,"instrument_name":"BTC-31MAR23-35000-C","index_price":27696.28,"direction":"sell","amount":0.9},{"trade_seq":1693,"trade_id":"248245144","timestamp":1679827191487,"tick_direction":3,"price":0.0005,"mark_price":0.00071889,"iv":89.82,"instrument_name":"BTC-31MAR23-35000-C","index_price":27696.28,"direction":"sell","amount":2.5},{"trade_seq":1692,"trade_id":"248243829","timestamp":1679824938806,"tick_direction":3,"price":0.0005,"mark_price":0.00072299,"iv":89.46,"instrument_name":"BTC-31MAR23-35000-C","index_price":27704.04,"direction":"sell","amount":0.1},{"trade_seq":1691,"trade_id":"248241553","timestamp":1679822260641,"tick_direction":3,"price":0.0005,"mark_price":0.00072192,"iv":89.12,"instrument_name":"BTC-31MAR23-35000-C","index_price":27711.94,"direction":"sell","amount":0.1},{"trade_seq":1690,"trade_id":"248224178","timestamp":1679803168545,"tick_direction":3,"price":0.0005,"mark_price":0.00071558,"iv":89.09,"instrument_name":"BTC-31MAR23-35000-C","index_price":27555.03,"direction":"sell","amount":0.1},{"trade_seq":1689,"trade_id":"248201260","timestamp":1679774591888,"tick_direction":3,"price":0.0005,"mark_price":0.00071408,"iv":89.99,"instrument_name":"BTC-31MAR23-35000-C","index_price":27223.93,"direction":"sell","amount":0.1},{"trade_seq":1688,"trade_id":"248201255","timestamp":1679774591309,"tick_direction":3,"price":0.0005,"mark_price":0.00071454,"iv":89.99,"instrument_name":"BTC-31MAR23-35000-C","index_price":27233.62,"direction":"sell","amount":0.1},{"trade_seq":1687,"trade_id":"248201254","timestamp":1679774591231,"tick_direction":3,"price":0.0005,"mark_price":0.00071454,"iv":89.99,"instrument_name":"BTC-31MAR23-35000-C","index_price":27233.62,"direction":"sell","amount":0.1},{"trade_seq":1686,"trade_id":"248201234","timestamp":1679774591122,"tick_direction":3,"price":0.0005,"mark_price":0.00071454,"iv":89.99,"instrument_name":"BTC-31MAR23-35000-C","index_price":27233.62,"direction":"sell","amount":0.1},{"trade_seq":1685,"trade_id":"248201203","timestamp":1679774590688,"tick_direction":3,"price":0.0005,"mark_price":0.00071134,"iv":90.04,"instrument_name":"BTC-31MAR23-35000-C","index_price":27234.29,"direction":"sell","amount":0.1},{"trade_seq":1684,"trade_id":"248201202","timestamp":1679774590636,"tick_direction":3,"price":0.0005,"mark_price":0.00071134,"iv":90.04,"instrument_name":"BTC-31MAR23-35000-C","index_price":27234.29,"direction":"sell","amount":0.1},{"trade_seq":1683,"trade_id":"248201081","timestamp":1679774563304,"tick_direction":3,"price":0.0005,"mark_price":0.00068577,"iv":90.47,"instrument_name":"BTC-31MAR23-35000-C","index_price":27193.92,"direction":"sell","amount":0.2},{"trade_seq":1682,"trade_id":"248145254","timestamp":1679734582881,"tick_direction":3,"price":0.0005,"mark_price":0.00073724,"iv":83.68,"instrument_name":"BTC-31MAR23-35000-C","index_price":27477.4,"direction":"sell","amount":0.1},{"trade_seq":1681,"trade_id":"248137258","timestamp":1679728184959,"tick_direction":3,"price":0.0005,"mark_price":0.00070464,"iv":82.73,"instrument_name":"BTC-31MAR23-35000-C","index_price":27510.89,"direction":"sell","amount":2.3},{"trade_seq":1680,"trade_id":"248137257","timestamp":1679728184959,"tick_direction":3,"price":0.0005,"mark_price":0.00070464,"iv":82.73,"instrument_name":"BTC-31MAR23-35000-C","index_price":27510.89,"direction":"sell","amount":0.5},{"trade_seq":1679,"trade_id":"248137256","timestamp":1679728184959,"tick_direction":3,"price":0.0005,"mark_price":0.00070464,"iv":82.73,"instrument_name":"BTC-31MAR23-35000-C","index_price":27510.89,"direction":"sell","amount":5.0},{"trade_seq":1678,"trade_id":"248137255","timestamp":1679728184959,"tick_direction":3,"price":0.0005,"mark_price":0.00070464,"iv":82.73,"instrument_name":"BTC-31MAR23-35000-C","index_price":27510.89,"direction":"sell","amount":1.0},{"trade_seq":1677,"trade_id":"248137254","timestamp":1679728184959,"tick_direction":3,"price":0.0005,"mark_price":0.00070464,"iv":82.73,"instrument_name":"BTC-31MAR23-35000-C","index_price":27510.89,"direction":"sell","amount":0.2},{"trade_seq":1676,"trade_id":"248137253","timestamp":1679728184959,"tick_direction":2,"price":0.0005,"mark_price":0.00070464,"iv":82.73,"instrument_name":"BTC-31MAR23-35000-C","index_price":27510.89,"direction":"sell","amount":1.0},{"trade_seq":1675,"trade_id":"248121551","timestamp":1679709853551,"tick_direction":3,"price":0.001,"mark_price":0.00071869,"iv":89.94,"instrument_name":"BTC-31MAR23-35000-C","index_price":27516.86,"direction":"buy","amount":8.0},{"trade_seq":1674,"trade_id":"248090774","timestamp":1679692866380,"tick_direction":2,"price":0.001,"mark_price":0.00105194,"iv":91.36,"instrument_name":"BTC-31MAR23-35000-C","index_price":27297.15,"direction":"sell","amount":5.0},{"trade_seq":1673,"trade_id":"248019565","timestamp":1679667561879,"tick_direction":1,"price":0.0015,"mark_price":0.0013038,"iv":84.68,"instrument_name":"BTC-31MAR23-35000-C","index_price":28177.71,"direction":"buy","amount":3.0},{"trade_seq":1672,"trade_id":"248019564","timestamp":1679667561879,"tick_direction":0,"price":0.0015,"mark_price":0.0013038,"iv":84.68,"instrument_name":"BTC-31MAR23-35000-C","index_price":28177.71,"direction":"buy","amount":1.0},{"trade_seq":1671,"trade_id":"247982443","timestamp":1679658477133,"tick_direction":3,"price":0.001,"mark_price":0.00084058,"iv":86.58,"instrument_name":"BTC-31MAR23-35000-C","index_price":27480.43,"direction":"sell","amount":0.3},{"trade_seq":1670,"trade_id":"247964250","timestamp":1679650510984,"tick_direction":2,"price":0.001,"mark_price":0.00128383,"iv":77.97,"instrument_name":"BTC-31MAR23-35000-C","index_price":28180.28,"direction":"sell","amount":0.1},{"trade_seq":1669,"trade_id":"247949166","timestamp":1679645885783,"tick_direction":2,"price":0.0015,"mark_price":0.00157669,"iv":82.9,"instrument_name":"BTC-31MAR23-35000-C","index_price":28205.22,"direction":"sell","amount":0.1},{"trade_seq":1668,"trade_id":"247913730","timestamp":1679627926950,"tick_direction":3,"price":0.002,"mark_price":0.00201629,"iv":85.64,"instrument_name":"BTC-31MAR23-35000-C","index_price":28227.73,"direction":"sell","amount":0.1},{"trade_seq":1667,"trade_id":"247913729","timestamp":1679627924812,"tick_direction":3,"price":0.002,"mark_price":0.00201532,"iv":85.64,"instrument_name":"BTC-31MAR23-35000-C","index_price":28227.65,"direction":"sell","amount":0.1},{"trade_seq":1666,"trade_id":"247913728","timestamp":1679627922399,"tick_direction":3,"price":0.002,"mark_price":0.00201459,"iv":85.64,"instrument_name":"BTC-31MAR23-35000-C","index_price":28227.73,"direction":"sell","amount":0.1},{"trade_seq":1665,"trade_id":"247913727","timestamp":1679627920267,"tick_direction":3,"price":0.002,"mark_price":0.00201408,"iv":85.63,"instrument_name":"BTC-31MAR23-35000-C","index_price":28228.23,"direction":"sell","amount":0.1},{"trade_seq":1664,"trade_id":"247908615","timestamp":1679622611648,"tick_direction":2,"price":0.002,"mark_price":0.00221716,"iv":84.25,"instrument_name":"BTC-31MAR23-35000-C","index_price":28319.35,"direction":"sell","amount":22.0},{"trade_seq":1663,"trade_id":"247894713","timestamp":1679613415088,"tick_direction":1,"price":0.0025,"mark_price":0.00244097,"iv":85.25,"instrument_name":"BTC-31MAR23-35000-C","index_price":28486.59,"direction":"buy","amount":6.2},{"trade_seq":1662,"trade_id":"247894712","timestamp":1679613415088,"tick_direction":0,"price":0.0025,"mark_price":0.00244097,"iv":85.25,"instrument_name":"BTC-31MAR23-35000-C","index_price":28486.59,"direction":"buy","amount":50.0},{"trade_seq":1661,"trade_id":"247881313","timestamp":1679606778270,"tick_direction":2,"price":0.002,"mark_price":0.00213874,"iv":85.04,"instrument_name":"BTC-31MAR23-35000-C","index_price":28164.95,"direction":"sell","amount":0.2},{"trade_seq":1660,"trade_id":"247868331","timestamp":1679601916181,"tick_direction":3,"price":0.0025,"mark_price":0.00273364,"iv":86.81,"instrument_name":"BTC-31MAR23-35000-C","index_price":28300.24,"direction":"buy","amount":0.7},{"trade_seq":1659,"trade_id":"247868330","timestamp":1679601916178,"tick_direction":3,"price":0.0025,"mark_price":0.00273364,"iv":86.81,"instrument_name":"BTC-31MAR23-35000-C","index_price":28300.24,"direction":"buy","amount":18.1},{"trade_seq":1658,"trade_id":"247868329","timestamp":1679601915913,"tick_direction":3,"price":0.0025,"mark_price":0.00273364,"iv":86.81,"instrument_name":"BTC-31MAR23-35000-C","index_price":28300.24,"direction":"buy","amount":1.0},{"trade_seq":1657,"trade_id":"247868328","timestamp":1679601915910,"tick_direction":3,"price":0.0025,"mark_price":0.00273364,"iv":86.81,"instrument_name":"BTC-31MAR23-35000-C","index_price":28300.24,"direction":"sell","amount":26.7},{"trade_seq":1656,"trade_id":"247868327","timestamp":1679601915910,"tick_direction":3,"price":0.0025,"mark_price":0.00273364,"iv":86.81,"instrument_name":"BTC-31MAR23-35000-C","index_price":28300.24,"direction":"sell","amount":20.4},{"trade_seq":1655,"trade_id":"247868326","timestamp":1679601915910,"tick_direction":3,"price":0.0025,"mark_price":0.00273364,"iv":86.81,"instrument_name":"BTC-31MAR23-35000-C","index_price":28300.24,"direction":"sell","amount":8.8},{"trade_seq":1654,"trade_id":"247868325","timestamp":1679601915910,"tick_direction":3,"price":0.0025,"mark_price":0.00273364,"iv":86.81,"instrument_name":"BTC-31MAR23-35000-C","index_price":28300.24,"direction":"sell","amount":20.0},{"trade_seq":1653,"trade_id":"247868324","timestamp":1679601915910,"tick_direction":3,"price":0.0025,"mark_price":0.00273364,"iv":86.81,"instrument_name":"BTC-31MAR23-35000-C","index_price":28300.24,"direction":"sell","amount":4.3},{"trade_seq":1652,"trade_id":"247867783","timestamp":1679601755869,"tick_direction":2,"price":0.0025,"mark_price":0.00280869,"iv":86.36,"instrument_name":"BTC-31MAR23-35000-C","index_price":28338.27,"direction":"sell","amount":0.1},{"trade_seq":1651,"trade_id":"247865514","timestamp":1679601360232,"tick_direction":1,"price":0.003,"mark_price":0.00294674,"iv":88.42,"instrument_name":"BTC-31MAR23-35000-C","index_price":28434.56,"direction":"sell","amount":0.5},{"trade_seq":1650,"trade_id":"247864650","timestamp":1679601299233,"tick_direction":1,"price":0.003,"mark_price":0.0029528,"iv":88.07,"instrument_name":"BTC-31MAR23-35000-C","index_price":28461.29,"direction":"buy","amount":5.4},{"trade_seq":1649,"trade_id":"247864649","timestamp":1679601299233,"tick_direction":0,"price":0.003,"mark_price":0.0029528,"iv":88.07,"instrument_name":"BTC-31MAR23-35000-C","index_price":28461.29,"direction":"buy","amount":0.1},{"trade_seq":1648,"trade_id":"247858648","timestamp":1679600604370,"tick_direction":3,"price":0.0025,"mark_price":0.00238144,"iv":88.5,"instrument_name":"BTC-31MAR23-35000-C","index_price":28145.34,"direction":"buy","amount":0.4},{"trade_seq":1647,"trade_id":"247858647","timestamp":1679600604370,"tick_direction":3,"price":0.0025,"mark_price":0.00238144,"iv":88.5,"instrument_name":"BTC-31MAR23-35000-C","index_price":28145.34,"direction":"buy","amount":4.6},{"trade_seq":1646,"trade_id":"247843925","timestamp":1679598084028,"tick_direction":3,"price":0.0025,"mark_price":0.00241064,"iv":89.21,"instrument_name":"BTC-31MAR23-35000-C","index_price":28063.5,"direction":"buy","amount":0.2},{"trade_seq":1645,"trade_id":"247843922","timestamp":1679598083705,"tick_direction":3,"price":0.0025,"mark_price":0.00241064,"iv":89.24,"instrument_name":"BTC-31MAR23-35000-C","index_price":28060.66,"direction":"buy","amount":0.6},{"trade_seq":1644,"trade_id":"247843910","timestamp":1679598082186,"tick_direction":3,"price":0.0025,"mark_price":0.00239978,"iv":89.27,"instrument_name":"BTC-31MAR23-35000-C","index_price":28058.15,"direction":"buy","amount":0.1},{"trade_seq":1643,"trade_id":"247843909","timestamp":1679598082117,"tick_direction":3,"price":0.0025,"mark_price":0.00239978,"iv":89.27,"instrument_name":"BTC-31MAR23-35000-C","index_price":28058.15,"direction":"buy","amount":0.2},{"trade_seq":1642,"trade_id":"247843908","timestamp":1679598082088,"tick_direction":3,"price":0.0025,"mark_price":0.00239978,"iv":89.27,"instrument_name":"BTC-31MAR23-35000-C","index_price":28058.15,"direction":"buy","amount":0.1},{"trade_seq":1641,"trade_id":"247843664","timestamp":1679598058608,"tick_direction":3,"price":0.0025,"mark_price":0.00243251,"iv":89.27,"instrument_name":"BTC-31MAR23-35000-C","index_price":28056.17,"direction":"buy","amount":0.1},{"trade_seq":1640,"trade_id":"247843634","timestamp":1679598056479,"tick_direction":3,"price":0.0025,"mark_price":0.00243909,"iv":89.28,"instrument_name":"BTC-31MAR23-35000-C","index_price":28055.59,"direction":"buy","amount":0.1},{"trade_seq":1639,"trade_id":"247843631","timestamp":1679598054947,"tick_direction":3,"price":0.0025,"mark_price":0.00243571,"iv":89.3,"instrument_name":"BTC-31MAR23-35000-C","index_price":28054.25,"direction":"buy","amount":0.1},{"trade_seq":1638,"trade_id":"247843630","timestamp":1679598054591,"tick_direction":2,"price":0.0025,"mark_price":0.00243571,"iv":89.36,"instrument_name":"BTC-31MAR23-35000-C","index_price":28049.03,"direction":"buy","amount":0.2},{"trade_seq":1637,"trade_id":"247808062","timestamp":1679591513664,"tick_direction":3,"price":0.003,"mark_price":0.00303212,"iv":88.27,"instrument_name":"BTC-31MAR23-35000-C","index_price":28387.35,"direction":"sell","amount":0.1},{"trade_seq":1636,"trade_id":"247808028","timestamp":1679591506937,"tick_direction":2,"price":0.003,"mark_price":0.0030281,"iv":88.24,"instrument_name":"BTC-31MAR23-35000-C","index_price":28390.28,"direction":"sell","amount":0.1},{"trade_seq":1635,"trade_id":"247789340","timestamp":1679587155465,"tick_direction":0,"price":0.004,"mark_price":0.00394778,"iv":89.98,"instrument_name":"BTC-31MAR23-35000-C","index_price":28655.89,"direction":"buy","amount":0.2},{"trade_seq":1634,"trade_id":"247776717","timestamp":1679585534065,"tick_direction":1,"price":0.0035,"mark_price":0.00369892,"iv":87.58,"instrument_name":"BTC-31MAR23-35000-C","index_price":28656.86,"direction":"sell","amount":2.8},{"trade_seq":1633,"trade_id":"247774970","timestamp":1679585367589,"tick_direction":0,"price":0.0035,"mark_price":0.00327874,"iv":88.42,"instrument_name":"BTC-31MAR23-35000-C","index_price":28582.17,"direction":"buy","amount":0.2},{"trade_seq":1632,"trade_id":"247762733","timestamp":1679584560129,"tick_direction":0,"price":0.003,"mark_price":0.00321734,"iv":84.52,"instrument_name":"BTC-31MAR23-35000-C","index_price":28672.18,"direction":"buy","amount":0.8},{"trade_seq":1631,"trade_id":"247752107","timestamp":1679584043750,"tick_direction":0,"price":0.002,"mark_price":0.00186835,"iv":83.03,"instrument_name":"BTC-31MAR23-35000-C","index_price":28206.44,"direction":"sell","amount":0.4},{"trade_seq":1630,"trade_id":"247695387","timestamp":1679572782379,"tick_direction":1,"price":0.0015,"mark_price":0.00129758,"iv":84.14,"instrument_name":"BTC-31MAR23-35000-C","index_price":27663.01,"direction":"buy","amount":0.9},{"trade_seq":1629,"trade_id":"247695386","timestamp":1679572782379,"tick_direction":0,"price":0.0015,"mark_price":0.00129758,"iv":84.14,"instrument_name":"BTC-31MAR23-35000-C","index_price":27663.01,"direction":"buy","amount":0.1},{"trade_seq":1628,"trade_id":"247616285","timestamp":1679539508454,"tick_direction":3,"price":0.001,"mark_price":0.00122502,"iv":80.28,"instrument_name":"BTC-31MAR23-35000-C","index_price":27337.9,"direction":"sell","amount":1.6},{"trade_seq":1627,"trade_id":"247616284","timestamp":1679539508454,"tick_direction":3,"price":0.001,"mark_price":0.00122502,"iv":80.28,"instrument_name":"BTC-31MAR23-35000-C","index_price":27337.9,"direction":"sell","amount":0.4},{"trade_seq":1626,"trade_id":"247593091","timestamp":1679531148500,"tick_direction":2,"price":0.001,"mark_price":0.00128002,"iv":78.83,"instrument_name":"BTC-31MAR23-35000-C","index_price":27438.49,"direction":"sell","amount":0.1},{"trade_seq":1625,"trade_id":"247563900","timestamp":1679521380568,"tick_direction":1,"price":0.0015,"mark_price":0.00160448,"iv":86.24,"instrument_name":"BTC-31MAR23-35000-C","index_price":27158.88,"direction":"sell","amount":5.5},{"trade_seq":1624,"trade_id":"247562858","timestamp":1679521238490,"tick_direction":1,"price":0.0015,"mark_price":0.00152519,"iv":85.65,"instrument_name":"BTC-31MAR23-35000-C","index_price":27217.35,"direction":"buy","amount":4.1},{"trade_seq":1623,"trade_id":"247529328","timestamp":1679515812509,"tick_direction":1,"price":0.0015,"mark_price":0.00147563,"iv":87.39,"instrument_name":"BTC-31MAR23-35000-C","index_price":27023.85,"direction":"sell","amount":1.1},{"trade_seq":1622,"trade_id":"247529327","timestamp":1679515812499,"tick_direction":1,"price":0.0015,"mark_price":0.00147563,"iv":87.39,"instrument_name":"BTC-31MAR23-35000-C","index_price":27023.85,"direction":"buy","amount":0.5},{"trade_seq":1621,"trade_id":"247529326","timestamp":1679515812499,"tick_direction":0,"price":0.0015,"mark_price":0.00147563,"iv":87.39,"instrument_name":"BTC-31MAR23-35000-C","index_price":27023.85,"direction":"buy","amount":0.2},{"trade_seq":1620,"trade_id":"247525200","timestamp":1679515456966,"tick_direction":2,"price":0.001,"mark_price":0.00150665,"iv":82.86,"instrument_name":"BTC-31MAR23-35000-C","index_price":26927.9,"direction":"sell","amount":0.5},{"trade_seq":1619,"trade_id":"247504074","timestamp":1679514017127,"tick_direction":2,"price":0.0015,"mark_price":0.00179445,"iv":85.47,"instrument_name":"BTC-31MAR23-35000-C","index_price":27193.62,"direction":"sell","amount":10.0},{"trade_seq":1618,"trade_id":"247417445","timestamp":1679509432057,"tick_direction":3,"price":0.0035,"mark_price":0.00387547,"iv":85.21,"instrument_name":"BTC-31MAR23-35000-C","index_price":28454.18,"direction":"sell","amount":15.0},{"trade_seq":1617,"trade_id":"247417444","timestamp":1679509432057,"tick_direction":3,"price":0.0035,"mark_price":0.00387547,"iv":85.21,"instrument_name":"BTC-31MAR23-35000-C","index_price":28454.18,"direction":"sell","amount":4.0},{"trade_seq":1616,"trade_id":"247417443","timestamp":1679509432057,"tick_direction":3,"price":0.0035,"mark_price":0.00387547,"iv":85.21,"instrument_name":"BTC-31MAR23-35000-C","index_price":28454.18,"direction":"sell","amount":8.9},{"trade_seq":1615,"trade_id":"247417442","timestamp":1679509432057,"tick_direction":3,"price":0.0035,"mark_price":0.00387547,"iv":85.21,"instrument_name":"BTC-31MAR23-35000-C","index_price":28454.18,"direction":"sell","amount":4.9},{"trade_seq":1614,"trade_id":"247417441","timestamp":1679509432057,"tick_direction":2,"price":0.0035,"mark_price":0.00387547,"iv":85.21,"instrument_name":"BTC-31MAR23-35000-C","index_price":28454.18,"direction":"sell","amount":4.8},{"trade_seq":1613,"trade_id":"247401100","timestamp":1679508174828,"tick_direction":2,"price":0.004,"mark_price":0.00433213,"iv":87.82,"instrument_name":"BTC-31MAR23-35000-C","index_price":28441.88,"direction":"sell","amount":1.0},{"trade_seq":1612,"trade_id":"247385704","timestamp":1679507900316,"tick_direction":1,"price":0.0055,"mark_price":0.0054505,"iv":93.19,"instrument_name":"BTC-31MAR23-35000-C","index_price":28547.66,"direction":"buy","amount":0.2},{"trade_seq":1611,"trade_id":"247383939","timestamp":1679507579662,"tick_direction":0,"price":0.0055,"mark_price":0.00524601,"iv":93.77,"instrument_name":"BTC-31MAR23-35000-C","index_price":28491.1,"direction":"buy","amount":0.3},{"trade_seq":1610,"trade_id":"247375110","timestamp":1679505809281,"tick_direction":0,"price":0.005,"mark_price":0.00472136,"iv":92.6,"instrument_name":"BTC-31MAR23-35000-C","index_price":28412.86,"direction":"buy","amount":10.0},{"trade_seq":1609,"trade_id":"247362217","timestamp":1679501267267,"tick_direction":2,"price":0.0045,"mark_price":0.00494546,"iv":86.8,"instrument_name":"BTC-31MAR23-35000-C","index_price":28682.91,"direction":"sell","amount":1.0},{"trade_seq":1608,"trade_id":"247360860","timestamp":1679500806209,"tick_direction":3,"price":0.005,"mark_price":0.00500498,"iv":89.12,"instrument_name":"BTC-31MAR23-35000-C","index_price":28652.0,"direction":"buy","amount":4.0},{"trade_seq":1607,"trade_id":"247360110","timestamp":1679500457883,"tick_direction":3,"price":0.005,"mark_price":0.00516543,"iv":88.83,"instrument_name":"BTC-31MAR23-35000-C","index_price":28674.98,"direction":"sell","amount":0.1},{"trade_seq":1606,"trade_id":"247358291","timestamp":1679500119022,"tick_direction":2,"price":0.005,"mark_price":0.00487008,"iv":90.12,"instrument_name":"BTC-31MAR23-35000-C","index_price":28565.82,"direction":"buy","amount":0.1},{"trade_seq":1605,"trade_id":"247355791","timestamp":1679499276765,"tick_direction":1,"price":0.0055,"mark_price":0.00533915,"iv":89.65,"instrument_name":"BTC-31MAR23-35000-C","index_price":28772.2,"direction":"buy","amount":1.0},{"trade_seq":1604,"trade_id":"247355609","timestamp":1679499156095,"tick_direction":1,"price":0.0055,"mark_price":0.00535367,"iv":89.52,"instrument_name":"BTC-31MAR23-35000-C","index_price":28771.75,"direction":"buy","amount":2.0},{"trade_seq":1603,"trade_id":"247354153","timestamp":1679498663015,"tick_direction":1,"price":0.0055,"mark_price":0.00529537,"iv":89.91,"instrument_name":"BTC-31MAR23-35000-C","index_price":28743.16,"direction":"buy","amount":2.0},{"trade_seq":1602,"trade_id":"247353893","timestamp":1679498634160,"tick_direction":1,"price":0.0055,"mark_price":0.00530844,"iv":89.87,"instrument_name":"BTC-31MAR23-35000-C","index_price":28747.35,"direction":"buy","amount":2.0},{"trade_seq":1601,"trade_id":"247353878","timestamp":1679498628704,"tick_direction":1,"price":0.0055,"mark_price":0.00530925,"iv":89.86,"instrument_name":"BTC-31MAR23-35000-C","index_price":28746.78,"direction":"buy","amount":2.0},{"trade_seq":1600,"trade_id":"247353041","timestamp":1679498417334,"tick_direction":0,"price":0.0055,"mark_price":0.00519642,"iv":90.3,"instrument_name":"BTC-31MAR23-35000-C","index_price":28715.51,"direction":"buy","amount":1.0},{"trade_seq":1599,"trade_id":"247347039","timestamp":1679497221824,"tick_direction":3,"price":0.005,"mark_price":0.00491082,"iv":88.71,"instrument_name":"BTC-31MAR23-35000-C","index_price":28671.02,"direction":"buy","amount":2.0},{"trade_seq":1598,"trade_id":"247346991","timestamp":1679497214390,"tick_direction":3,"price":0.005,"mark_price":0.00485598,"iv":88.94,"instrument_name":"BTC-31MAR23-35000-C","index_price":28650.21,"direction":"buy","amount":1.0},{"trade_seq":1597,"trade_id":"247345113","timestamp":1679496803212,"tick_direction":2,"price":0.005,"mark_price":0.00470779,"iv":89.26,"instrument_name":"BTC-31MAR23-35000-C","index_price":28617.11,"direction":"buy","amount":5.0},{"trade_seq":1596,"trade_id":"247340674","timestamp":1679496406837,"tick_direction":0,"price":0.0055,"mark_price":0.00516433,"iv":89.53,"instrument_name":"BTC-31MAR23-35000-C","index_price":28762.05,"direction":"buy","amount":0.4},{"trade_seq":1595,"trade_id":"247330444","timestamp":1679494386611,"tick_direction":3,"price":0.0045,"mark_price":0.00469284,"iv":89.66,"instrument_name":"BTC-31MAR23-35000-C","index_price":28402.78,"direction":"sell","amount":2.0},{"trade_seq":1594,"trade_id":"247330443","timestamp":1679494386611,"tick_direction":3,"price":0.0045,"mark_price":0.00469284,"iv":89.66,"instrument_name":"BTC-31MAR23-35000-C","index_price":28402.78,"direction":"sell","amount":2.4},{"trade_seq":1593,"trade_id":"247330381","timestamp":1679494349769,"tick_direction":3,"price":0.0045,"mark_price":0.00466218,"iv":89.77,"instrument_name":"BTC-31MAR23-35000-C","index_price":28394.07,"direction":"sell","amount":2.0},{"trade_seq":1592,"trade_id":"247329207","timestamp":1679493574056,"tick_direction":2,"price":0.0045,"mark_price":0.0047102,"iv":89.99,"instrument_name":"BTC-31MAR23-35000-C","index_price":28370.07,"direction":"sell","amount":1.0},{"trade_seq":1591,"trade_id":"247328516","timestamp":1679493023485,"tick_direction":3,"price":0.005,"mark_price":0.0048317,"iv":91.75,"instrument_name":"BTC-31MAR23-35000-C","index_price":28401.74,"direction":"buy","amount":1.0},{"trade_seq":1590,"trade_id":"247323607","timestamp":1679491299904,"tick_direction":3,"price":0.005,"mark_price":0.0049036,"iv":92.45,"instrument_name":"BTC-31MAR23-35000-C","index_price":28338.05,"direction":"buy","amount":1.0},{"trade_seq":1589,"trade_id":"247321209","timestamp":1679489442793,"tick_direction":3,"price":0.005,"mark_price":0.00479474,"iv":92.81,"instrument_name":"BTC-31MAR23-35000-C","index_price":28292.52,"direction":"buy","amount":4.0},{"trade_seq":1588,"trade_id":"247321196","timestamp":1679489425482,"tick_direction":3,"price":0.005,"mark_price":0.00478917,"iv":92.8,"instrument_name":"BTC-31MAR23-35000-C","index_price":28291.55,"direction":"buy","amount":1.0},{"trade_seq":1587,"trade_id":"247321195","timestamp":1679489425482,"tick_direction":3,"price":0.005,"mark_price":0.00478917,"iv":92.8,"instrument_name":"BTC-31MAR23-35000-C","index_price":28291.55,"direction":"buy","amount":4.0},{"trade_seq":1586,"trade_id":"247321169","timestamp":1679489398063,"tick_direction":3,"price":0.005,"mark_price":0.00479396,"iv":92.83,"instrument_name":"BTC-31MAR23-35000-C","index_price":28288.34,"direction":"buy","amount":4.0},{"trade_seq":1585,"trade_id":"247318973","timestamp":1679488220034,"tick_direction":2,"price":0.005,"mark_price":0.00497236,"iv":93.05,"instrument_name":"BTC-31MAR23-35000-C","index_price":28274.95,"direction":"buy","amount":4.0},{"trade_seq":1584,"trade_id":"247312117","timestamp":1679483079443,"tick_direction":1,"price":0.0055,"mark_price":0.00528222,"iv":95.21,"instrument_name":"BTC-31MAR23-35000-C","index_price":28241.53,"direction":"buy","amount":1.0},{"trade_seq":1583,"trade_id":"247308713","timestamp":1679480912860,"tick_direction":0,"price":0.0055,"mark_price":0.00515156,"iv":95.65,"instrument_name":"BTC-31MAR23-35000-C","index_price":28179.17,"direction":"buy","amount":1.0},{"trade_seq":1582,"trade_id":"247303165","timestamp":1679476786305,"tick_direction":2,"price":0.005,"mark_price":0.00519222,"iv":93.94,"instrument_name":"BTC-31MAR23-35000-C","index_price":28132.7,"direction":"sell","amount":4.1},{"trade_seq":1581,"trade_id":"247297286","timestamp":1679473810534,"tick_direction":3,"price":0.0055,"mark_price":0.00528098,"iv":94.73,"instrument_name":"BTC-31MAR23-35000-C","index_price":28236.73,"direction":"sell","amount":2.0},{"trade_seq":1580,"trade_id":"247296499","timestamp":1679473272806,"tick_direction":3,"price":0.0055,"mark_price":0.00525049,"iv":94.71,"instrument_name":"BTC-31MAR23-35000-C","index_price":28233.44,"direction":"buy","amount":0.1},{"trade_seq":1579,"trade_id":"247284752","timestamp":1679469769964,"tick_direction":3,"price":0.0055,"mark_price":0.00527935,"iv":93.92,"instrument_name":"BTC-31MAR23-35000-C","index_price":28284.15,"direction":"buy","amount":0.1},{"trade_seq":1578,"trade_id":"247284751","timestamp":1679469769964,"tick_direction":2,"price":0.0055,"mark_price":0.00527935,"iv":93.92,"instrument_name":"BTC-31MAR23-35000-C","index_price":28284.15,"direction":"buy","amount":0.1},{"trade_seq":1577,"trade_id":"247268116","timestamp":1679459160843,"tick_direction":1,"price":0.006,"mark_price":0.00536009,"iv":95.61,"instrument_name":"BTC-31MAR23-35000-C","index_price":28227.86,"direction":"buy","amount":9.8},{"trade_seq":1576,"trade_id":"247268115","timestamp":1679459160843,"tick_direction":0,"price":0.006,"mark_price":0.00536009,"iv":95.61,"instrument_name":"BTC-31MAR23-35000-C","index_price":28227.86,"direction":"buy","amount":0.2},{"trade_seq":1575,"trade_id":"247248900","timestamp":1679449569956,"tick_direction":1,"price":0.005,"mark_price":0.00470748,"iv":92.14,"instrument_name":"BTC-31MAR23-35000-C","index_price":28134.09,"direction":"buy","amount":1.8},{"trade_seq":1574,"trade_id":"247248896","timestamp":1679449562946,"tick_direction":1,"price":0.005,"mark_price":0.00470107,"iv":92.14,"instrument_name":"BTC-31MAR23-35000-C","index_price":28134.2,"direction":"buy","amount":1.2},{"trade_seq":1573,"trade_id":"247236298","timestamp":1679444601341,"tick_direction":1,"price":0.005,"mark_price":0.0044626,"iv":91.69,"instrument_name":"BTC-31MAR23-35000-C","index_price":28160.96,"direction":"buy","amount":10.6},{"trade_seq":1572,"trade_id":"247236297","timestamp":1679444601341,"tick_direction":1,"price":0.005,"mark_price":0.0044626,"iv":91.69,"instrument_name":"BTC-31MAR23-35000-C","index_price":28160.96,"direction":"buy","amount":5.0},{"trade_seq":1571,"trade_id":"247236296","timestamp":1679444601341,"tick_direction":1,"price":0.005,"mark_price":0.0044626,"iv":91.69,"instrument_name":"BTC-31MAR23-35000-C","index_price":28160.96,"direction":"buy","amount":2.0},{"trade_seq":1570,"trade_id":"247236295","timestamp":1679444601341,"tick_direction":1,"price":0.005,"mark_price":0.0044626,"iv":91.69,"instrument_name":"BTC-31MAR23-35000-C","index_price":28160.96,"direction":"buy","amount":0.2},{"trade_seq":1569,"trade_id":"247236294","timestamp":1679444601341,"tick_direction":1,"price":0.005,"mark_price":0.0044626,"iv":91.69,"instrument_name":"BTC-31MAR23-35000-C","index_price":28160.96,"direction":"buy","amount":14.0},{"trade_seq":1568,"trade_id":"247236293","timestamp":1679444601341,"tick_direction":1,"price":0.005,"mark_price":0.0044626,"iv":91.69,"instrument_name":"BTC-31MAR23-35000-C","index_price":28160.96,"direction":"buy","amount":5.0},{"trade_seq":1567,"trade_id":"247236292","timestamp":1679444601341,"tick_direction":0,"price":0.005,"mark_price":0.0044626,"iv":91.69,"instrument_name":"BTC-31MAR23-35000-C","index_price":28160.96,"direction":"buy","amount":3.2},{"trade_seq":1566,"trade_id":"247223505","timestamp":1679436490141,"tick_direction":2,"price":0.0045,"mark_price":0.00472595,"iv":89.63,"instrument_name":"BTC-31MAR23-35000-C","index_price":28123.87,"direction":"sell","amount":0.2},{"trade_seq":1565,"trade_id":"247215399","timestamp":1679432983119,"tick_direction":3,"price":0.005,"mark_price":0.00504899,"iv":92.06,"instrument_name":"BTC-31MAR23-35000-C","index_price":28078.34,"direction":"sell","amount":4.4},{"trade_seq":1564,"trade_id":"247215398","timestamp":1679432983116,"tick_direction":3,"price":0.005,"mark_price":0.00504899,"iv":92.06,"instrument_name":"BTC-31MAR23-35000-C","index_price":28078.34,"direction":"sell","amount":0.6},{"trade_seq":1563,"trade_id":"247214519","timestamp":1679432808914,"tick_direction":3,"price":0.005,"mark_price":0.00523654,"iv":91.18,"instrument_name":"BTC-31MAR23-35000-C","index_price":28150.72,"direction":"sell","amount":4.3},{"trade_seq":1562,"trade_id":"247214376","timestamp":1679432645096,"tick_direction":3,"price":0.005,"mark_price":0.00523666,"iv":91.19,"instrument_name":"BTC-31MAR23-35000-C","index_price":28151.22,"direction":"sell","amount":5.0},{"trade_seq":1561,"trade_id":"247213144","timestamp":1679431887222,"tick_direction":3,"price":0.005,"mark_price":0.00507107,"iv":91.54,"instrument_name":"BTC-31MAR23-35000-C","index_price":28117.37,"direction":"sell","amount":1.2},{"trade_seq":1560,"trade_id":"247213143","timestamp":1679431887219,"tick_direction":3,"price":0.005,"mark_price":0.00507107,"iv":91.54,"instrument_name":"BTC-31MAR23-35000-C","index_price":28117.37,"direction":"sell","amount":1.8},{"trade_seq":1559,"trade_id":"247213142","timestamp":1679431887184,"tick_direction":3,"price":0.005,"mark_price":0.00507107,"iv":91.54,"instrument_name":"BTC-31MAR23-35000-C","index_price":28117.37,"direction":"sell","amount":2.7},{"trade_seq":1558,"trade_id":"247213141","timestamp":1679431887182,"tick_direction":3,"price":0.005,"mark_price":0.00507107,"iv":91.54,"instrument_name":"BTC-31MAR23-35000-C","index_price":28117.37,"direction":"sell","amount":5.0},{"trade_seq":1557,"trade_id":"247203250","timestamp":1679427405249,"tick_direction":3,"price":0.005,"mark_price":0.00520951,"iv":90.16,"instrument_name":"BTC-31MAR23-35000-C","index_price":28220.85,"direction":"sell","amount":20.0},{"trade_seq":1556,"trade_id":"247196490","timestamp":1679424090445,"tick_direction":3,"price":0.005,"mark_price":0.00510786,"iv":90.83,"instrument_name":"BTC-31MAR23-35000-C","index_price":28141.37,"direction":"sell","amount":5.0},{"trade_seq":1555,"trade_id":"247196487","timestamp":1679424088736,"tick_direction":3,"price":0.005,"mark_price":0.00511117,"iv":90.85,"instrument_name":"BTC-31MAR23-35000-C","index_price":28139.94,"direction":"sell","amount":5.0},{"trade_seq":1554,"trade_id":"247196471","timestamp":1679424086264,"tick_direction":3,"price":0.005,"mark_price":0.00511801,"iv":90.79,"instrument_name":"BTC-31MAR23-35000-C","index_price":28141.49,"direction":"sell","amount":10.0},{"trade_seq":1553,"trade_id":"247195627","timestamp":1679423772286,"tick_direction":3,"price":0.005,"mark_price":0.00525626,"iv":90.12,"instrument_name":"BTC-31MAR23-35000-C","index_price":28203.62,"direction":"sell","amount":20.0},{"trade_seq":1552,"trade_id":"247195616","timestamp":1679423769318,"tick_direction":3,"price":0.005,"mark_price":0.00525406,"iv":90.13,"instrument_name":"BTC-31MAR23-35000-C","index_price":28200.95,"direction":"sell","amount":19.0},{"trade_seq":1551,"trade_id":"247193740","timestamp":1679423075429,"tick_direction":3,"price":0.005,"mark_price":0.00510445,"iv":90.44,"instrument_name":"BTC-31MAR23-35000-C","index_price":28177.46,"direction":"sell","amount":1.0},{"trade_seq":1550,"trade_id":"247192757","timestamp":1679422761933,"tick_direction":3,"price":0.005,"mark_price":0.00507777,"iv":90.15,"instrument_name":"BTC-31MAR23-35000-C","index_price":28201.95,"direction":"sell","amount":20.0},{"trade_seq":1549,"trade_id":"247192756","timestamp":1679422758429,"tick_direction":3,"price":0.005,"mark_price":0.00508036,"iv":90.13,"instrument_name":"BTC-31MAR23-35000-C","index_price":28203.04,"direction":"sell","amount":1.7},{"trade_seq":1548,"trade_id":"247187991","timestamp":1679421499978,"tick_direction":3,"price":0.005,"mark_price":0.00492128,"iv":91.17,"instrument_name":"BTC-31MAR23-35000-C","index_price":28102.49,"direction":"sell","amount":3.1},{"trade_seq":1547,"trade_id":"247187990","timestamp":1679421499974,"tick_direction":3,"price":0.005,"mark_price":0.00492128,"iv":91.17,"instrument_name":"BTC-31MAR23-35000-C","index_price":28102.49,"direction":"sell","amount":15.2},{"trade_seq":1546,"trade_id":"247187570","timestamp":1679421382122,"tick_direction":3,"price":0.005,"mark_price":0.0049664,"iv":90.58,"instrument_name":"BTC-31MAR23-35000-C","index_price":28165.45,"direction":"sell","amount":2.8},{"trade_seq":1545,"trade_id":"247187565","timestamp":1679421381281,"tick_direction":3,"price":0.005,"mark_price":0.00496124,"iv":90.6,"instrument_name":"BTC-31MAR23-35000-C","index_price":28162.54,"direction":"sell","amount":16.2},{"trade_seq":1544,"trade_id":"247187564","timestamp":1679421381014,"tick_direction":2,"price":0.005,"mark_price":0.00496124,"iv":90.6,"instrument_name":"BTC-31MAR23-35000-C","index_price":28162.54,"direction":"sell","amount":1.0},{"trade_seq":1543,"trade_id":"247171572","timestamp":1679418393141,"tick_direction":1,"price":0.0055,"mark_price":0.0053478,"iv":90.28,"instrument_name":"BTC-31MAR23-35000-C","index_price":28314.03,"direction":"sell","amount":5.0},{"trade_seq":1542,"trade_id":"247162206","timestamp":1679416792796,"tick_direction":1,"price":0.0055,"mark_price":0.00525286,"iv":90.07,"instrument_name":"BTC-31MAR23-35000-C","index_price":28326.57,"direction":"sell","amount":16.6},{"trade_seq":1541,"trade_id":"247162205","timestamp":1679416792787,"tick_direction":1,"price":0.0055,"mark_price":0.00525286,"iv":90.07,"instrument_name":"BTC-31MAR23-35000-C","index_price":28326.57,"direction":"sell","amount":3.4},{"trade_seq":1540,"trade_id":"247162071","timestamp":1679416777202,"tick_direction":1,"price":0.0055,"mark_price":0.0053987,"iv":89.49,"instrument_name":"BTC-31MAR23-35000-C","index_price":28376.92,"direction":"sell","amount":5.0},{"trade_seq":1539,"trade_id":"247162024","timestamp":1679416768848,"tick_direction":0,"price":0.0055,"mark_price":0.00545215,"iv":89.19,"instrument_name":"BTC-31MAR23-35000-C","index_price":28402.31,"direction":"sell","amount":5.0},{"trade_seq":1538,"trade_id":"247158772","timestamp":1679416521625,"tick_direction":3,"price":0.005,"mark_price":0.00500553,"iv":89.17,"instrument_name":"BTC-31MAR23-35000-C","index_price":28238.02,"direction":"sell","amount":5.0},{"trade_seq":1537,"trade_id":"247157607","timestamp":1679416405326,"tick_direction":3,"price":0.005,"mark_price":0.00502622,"iv":88.69,"instrument_name":"BTC-31MAR23-35000-C","index_price":28272.26,"direction":"buy","amount":0.1},{"trade_seq":1536,"trade_id":"247157606","timestamp":1679416405315,"tick_direction":3,"price":0.005,"mark_price":0.00502622,"iv":88.69,"instrument_name":"BTC-31MAR23-35000-C","index_price":28272.26,"direction":"buy","amount":0.1},{"trade_seq":1535,"trade_id":"247143461","timestamp":1679410357350,"tick_direction":3,"price":0.005,"mark_price":0.00499642,"iv":92.59,"instrument_name":"BTC-31MAR23-35000-C","index_price":27908.47,"direction":"sell","amount":4.2},{"trade_seq":1534,"trade_id":"247143300","timestamp":1679410309922,"tick_direction":3,"price":0.005,"mark_price":0.00507704,"iv":92.2,"instrument_name":"BTC-31MAR23-35000-C","index_price":27940.12,"direction":"sell","amount":5.8},{"trade_seq":1533,"trade_id":"247142008","timestamp":1679409505740,"tick_direction":3,"price":0.005,"mark_price":0.00507562,"iv":91.46,"instrument_name":"BTC-31MAR23-35000-C","index_price":28014.2,"direction":"sell","amount":4.2},{"trade_seq":1532,"trade_id":"247139415","timestamp":1679408688555,"tick_direction":3,"price":0.005,"mark_price":0.00500322,"iv":92.68,"instrument_name":"BTC-31MAR23-35000-C","index_price":27892.39,"direction":"sell","amount":5.8},{"trade_seq":1531,"trade_id":"247139169","timestamp":1679408666225,"tick_direction":3,"price":0.005,"mark_price":0.00506544,"iv":92.33,"instrument_name":"BTC-31MAR23-35000-C","index_price":27930.96,"direction":"sell","amount":10.0},{"trade_seq":1530,"trade_id":"247137030","timestamp":1679408129738,"tick_direction":2,"price":0.005,"mark_price":0.00508009,"iv":91.99,"instrument_name":"BTC-31MAR23-35000-C","index_price":27939.77,"direction":"sell","amount":10.0},{"trade_seq":1529,"trade_id":"247125027","timestamp":1679403727851,"tick_direction":0,"price":0.006,"mark_price":0.00565719,"iv":92.65,"instrument_name":"BTC-31MAR23-35000-C","index_price":28203.94,"direction":"buy","amount":0.5},{"trade_seq":1528,"trade_id":"247114802","timestamp":1679400959286,"tick_direction":0,"price":0.0045,"mark_price":0.00431643,"iv":87.4,"instrument_name":"BTC-31MAR23-35000-C","index_price":28134.48,"direction":"sell","amount":2.2},{"trade_seq":1527,"trade_id":"247104025","timestamp":1679395729447,"tick_direction":1,"price":0.004,"mark_price":0.00381669,"iv":85.72,"instrument_name":"BTC-31MAR23-35000-C","index_price":28068.57,"direction":"buy","amount":3.0},{"trade_seq":1526,"trade_id":"247104018","timestamp":1679395719598,"tick_direction":1,"price":0.004,"mark_price":0.00381725,"iv":85.73,"instrument_name":"BTC-31MAR23-35000-C","index_price":28068.16,"direction":"buy","amount":4.0},{"trade_seq":1525,"trade_id":"247098972","timestamp":1679394234337,"tick_direction":1,"price":0.004,"mark_price":0.00400123,"iv":83.73,"instrument_name":"BTC-31MAR23-35000-C","index_price":28240.94,"direction":"buy","amount":7.1},{"trade_seq":1524,"trade_id":"247098899","timestamp":1679394228078,"tick_direction":1,"price":0.004,"mark_price":0.00399092,"iv":83.89,"instrument_name":"BTC-31MAR23-35000-C","index_price":28229.04,"direction":"buy","amount":0.8},{"trade_seq":1523,"trade_id":"247098891","timestamp":1679394227398,"tick_direction":1,"price":0.004,"mark_price":0.00399702,"iv":83.91,"instrument_name":"BTC-31MAR23-35000-C","index_price":28227.09,"direction":"buy","amount":10.0},{"trade_seq":1522,"trade_id":"247098865","timestamp":1679394226401,"tick_direction":1,"price":0.004,"mark_price":0.00399753,"iv":83.89,"instrument_name":"BTC-31MAR23-35000-C","index_price":28224.4,"direction":"buy","amount":5.0},{"trade_seq":1521,"trade_id":"247098837","timestamp":1679394220982,"tick_direction":1,"price":0.004,"mark_price":0.00398257,"iv":84.03,"instrument_name":"BTC-31MAR23-35000-C","index_price":28214.63,"direction":"buy","amount":2.1},{"trade_seq":1520,"trade_id":"247097908","timestamp":1679394179979,"tick_direction":1,"price":0.004,"mark_price":0.00395528,"iv":84.21,"instrument_name":"BTC-31MAR23-35000-C","index_price":28213.03,"direction":"buy","amount":10.0},{"trade_seq":1519,"trade_id":"247090065","timestamp":1679392123972,"tick_direction":0,"price":0.004,"mark_price":0.00391214,"iv":85.65,"instrument_name":"BTC-31MAR23-35000-C","index_price":28046.56,"direction":"buy","amount":4.0},{"trade_seq":1518,"trade_id":"247081329","timestamp":1679389856083,"tick_direction":0,"price":0.0037,"mark_price":0.00352367,"iv":87.1,"instrument_name":"BTC-31MAR23-35000-C","index_price":27781.68,"direction":"buy","block_trade_id":"69362","amount":27.0},{"trade_seq":1517,"trade_id":"247079081","timestamp":1679388641878,"tick_direction":2,"price":0.003,"mark_price":0.00356044,"iv":83.76,"instrument_name":"BTC-31MAR23-35000-C","index_price":27735.86,"direction":"sell","amount":0.5},{"trade_seq":1516,"trade_id":"247038143","timestamp":1679376976629,"tick_direction":1,"price":0.004,"mark_price":0.00364595,"iv":86.7,"instrument_name":"BTC-31MAR23-35000-C","index_price":27879.0,"direction":"buy","amount":10.1},{"trade_seq":1515,"trade_id":"247038142","timestamp":1679376976629,"tick_direction":1,"price":0.004,"mark_price":0.00364595,"iv":86.7,"instrument_name":"BTC-31MAR23-35000-C","index_price":27879.0,"direction":"buy","amount":3.2},{"trade_seq":1514,"trade_id":"247038141","timestamp":1679376976629,"tick_direction":1,"price":0.004,"mark_price":0.00364595,"iv":86.7,"instrument_name":"BTC-31MAR23-35000-C","index_price":27879.0,"direction":"buy","amount":5.0},{"trade_seq":1513,"trade_id":"247034287","timestamp":1679374753627,"tick_direction":1,"price":0.004,"mark_price":0.0038598,"iv":85.28,"instrument_name":"BTC-31MAR23-35000-C","index_price":28005.92,"direction":"sell","amount":1.8},{"trade_seq":1512,"trade_id":"247034009","timestamp":1679374503600,"tick_direction":0,"price":0.004,"mark_price":0.00374006,"iv":85.4,"instrument_name":"BTC-31MAR23-35000-C","index_price":27992.99,"direction":"buy","amount":0.1},{"trade_seq":1511,"trade_id":"247033842","timestamp":1679374339632,"tick_direction":2,"price":0.0035,"mark_price":0.00375771,"iv":82.95,"instrument_name":"BTC-31MAR23-35000-C","index_price":28000.7,"direction":"sell","amount":0.1},{"trade_seq":1510,"trade_id":"246991664","timestamp":1679354180398,"tick_direction":3,"price":0.004,"mark_price":0.00394275,"iv":85.78,"instrument_name":"BTC-31MAR23-35000-C","index_price":27834.77,"direction":"buy","amount":12.0},{"trade_seq":1509,"trade_id":"246991663","timestamp":1679354180302,"tick_direction":3,"price":0.004,"mark_price":0.00394275,"iv":85.78,"instrument_name":"BTC-31MAR23-35000-C","index_price":27834.77,"direction":"buy","amount":22.0},{"trade_seq":1508,"trade_id":"246920508","timestamp":1679333068912,"tick_direction":3,"price":0.004,"mark_price":0.00386241,"iv":86.32,"instrument_name":"BTC-31MAR23-35000-C","index_price":27700.41,"direction":"buy","amount":8.9},{"trade_seq":1507,"trade_id":"246920432","timestamp":1679333052269,"tick_direction":3,"price":0.004,"mark_price":0.00392516,"iv":86.01,"instrument_name":"BTC-31MAR23-35000-C","index_price":27735.67,"direction":"buy","amount":8.9},{"trade_seq":1506,"trade_id":"246912332","timestamp":1679331126617,"tick_direction":3,"price":0.004,"mark_price":0.00389342,"iv":86.46,"instrument_name":"BTC-31MAR23-35000-C","index_price":27700.87,"direction":"buy","amount":4.0},{"trade_seq":1505,"trade_id":"246912322","timestamp":1679331123929,"tick_direction":2,"price":0.004,"mark_price":0.0038903,"iv":86.47,"instrument_name":"BTC-31MAR23-35000-C","index_price":27699.67,"direction":"buy","amount":4.0},{"trade_seq":1504,"trade_id":"246884089","timestamp":1679326218373,"tick_direction":3,"price":0.005,"mark_price":0.00515173,"iv":86.28,"instrument_name":"BTC-31MAR23-35000-C","index_price":28090.81,"direction":"sell","amount":2.5},{"trade_seq":1503,"trade_id":"246883088","timestamp":1679325775425,"tick_direction":3,"price":0.005,"mark_price":0.00525791,"iv":86.82,"instrument_name":"BTC-31MAR23-35000-C","index_price":28033.72,"direction":"sell","amount":2.7},{"trade_seq":1502,"trade_id":"246883087","timestamp":1679325775425,"tick_direction":3,"price":0.005,"mark_price":0.00525791,"iv":86.82,"instrument_name":"BTC-31MAR23-35000-C","index_price":28033.72,"direction":"sell","amount":4.7},{"trade_seq":1501,"trade_id":"246867775","timestamp":1679321565266,"tick_direction":2,"price":0.005,"mark_price":0.00515952,"iv":87.22,"instrument_name":"BTC-31MAR23-35000-C","index_price":27963.92,"direction":"sell","amount":0.3},{"trade_seq":1500,"trade_id":"246849120","timestamp":1679315860556,"tick_direction":1,"price":0.007,"mark_price":0.00690113,"iv":90.2,"instrument_name":"BTC-31MAR23-35000-C","index_price":28339.61,"direction":"sell","amount":0.1},{"trade_seq":1499,"trade_id":"246849119","timestamp":1679315860554,"tick_direction":0,"price":0.007,"mark_price":0.00690113,"iv":90.2,"instrument_name":"BTC-31MAR23-35000-C","index_price":28339.61,"direction":"sell","amount":0.6},{"trade_seq":1498,"trade_id":"246834148","timestamp":1679308157536,"tick_direction":0,"price":0.0064,"mark_price":0.00658217,"iv":89.81,"instrument_name":"BTC-31MAR23-35000-C","index_price":28180.89,"direction":"sell","combo_id":"BTC-CDIAG-31MAR23_24MAR23-35000_29000","block_trade_id":"69191","amount":25.0},{"trade_seq":1497,"trade_id":"246833474","timestamp":1679307844494,"tick_direction":2,"price":0.006,"mark_price":0.00648148,"iv":88.9,"instrument_name":"BTC-31MAR23-35000-C","index_price":28129.87,"direction":"sell","amount":5.0},{"trade_seq":1496,"trade_id":"246819895","timestamp":1679304250841,"tick_direction":3,"price":0.007,"mark_price":0.00715627,"iv":90.73,"instrument_name":"BTC-31MAR23-35000-C","index_price":28269.28,"direction":"buy","amount":6.4},{"trade_seq":1495,"trade_id":"246819890","timestamp":1679304250816,"tick_direction":3,"price":0.007,"mark_price":0.00715627,"iv":90.73,"instrument_name":"BTC-31MAR23-35000-C","index_price":28269.28,"direction":"buy","amount":1.8},{"trade_seq":1494,"trade_id":"246819889","timestamp":1679304250814,"tick_direction":3,"price":0.007,"mark_price":0.00715627,"iv":90.73,"instrument_name":"BTC-31MAR23-35000-C","index_price":28269.28,"direction":"buy","amount":2.7},{"trade_seq":1493,"trade_id":"246819888","timestamp":1679304250812,"tick_direction":3,"price":0.007,"mark_price":0.00715627,"iv":90.73,"instrument_name":"BTC-31MAR23-35000-C","index_price":28269.28,"direction":"sell","amount":10.0},{"trade_seq":1492,"trade_id":"246819887","timestamp":1679304250812,"tick_direction":3,"price":0.007,"mark_price":0.00715627,"iv":90.73,"instrument_name":"BTC-31MAR23-35000-C","index_price":28269.28,"direction":"sell","amount":5.0},{"trade_seq":1491,"trade_id":"246819886","timestamp":1679304250812,"tick_direction":2,"price":0.007,"mark_price":0.00715627,"iv":90.73,"instrument_name":"BTC-31MAR23-35000-C","index_price":28269.28,"direction":"sell","amount":4.1},{"trade_seq":1490,"trade_id":"246815481","timestamp":1679303424301,"tick_direction":2,"price":0.0075,"mark_price":0.00736993,"iv":91.57,"instrument_name":"BTC-31MAR23-35000-C","index_price":28326.14,"direction":"sell","amount":5.0},{"trade_seq":1489,"trade_id":"246811854","timestamp":1679303065397,"tick_direction":0,"price":0.008,"mark_price":0.00794082,"iv":90.6,"instrument_name":"BTC-31MAR23-35000-C","index_price":28550.55,"direction":"buy","amount":0.8},{"trade_seq":1488,"trade_id":"246808143","timestamp":1679302449244,"tick_direction":3,"price":0.0075,"mark_price":0.00748742,"iv":90.91,"instrument_name":"BTC-31MAR23-35000-C","index_price":28380.8,"direction":"buy","amount":0.7},{"trade_seq":1487,"trade_id":"246805860","timestamp":1679301809698,"tick_direction":2,"price":0.0075,"mark_price":0.00726544,"iv":91.72,"instrument_name":"BTC-31MAR23-35000-C","index_price":28299.55,"direction":"sell","amount":0.1},{"trade_seq":1486,"trade_id":"246803690","timestamp":1679301478382,"tick_direction":1,"price":0.008,"mark_price":0.00763101,"iv":91.11,"instrument_name":"BTC-31MAR23-35000-C","index_price":28497.36,"direction":"buy","amount":0.6},{"trade_seq":1485,"trade_id":"246803689","timestamp":1679301478382,"tick_direction":1,"price":0.008,"mark_price":0.00763101,"iv":91.11,"instrument_name":"BTC-31MAR23-35000-C","index_price":28497.36,"direction":"buy","amount":4.0},{"trade_seq":1484,"trade_id":"246803688","timestamp":1679301478382,"tick_direction":1,"price":0.008,"mark_price":0.00763101,"iv":91.11,"instrument_name":"BTC-31MAR23-35000-C","index_price":28497.36,"direction":"buy","amount":2.3},{"trade_seq":1483,"trade_id":"246803687","timestamp":1679301478382,"tick_direction":1,"price":0.008,"mark_price":0.00763101,"iv":91.11,"instrument_name":"BTC-31MAR23-35000-C","index_price":28497.36,"direction":"buy","amount":3.5},{"trade_seq":1482,"trade_id":"246803686","timestamp":1679301478382,"tick_direction":1,"price":0.008,"mark_price":0.00763101,"iv":91.11,"instrument_name":"BTC-31MAR23-35000-C","index_price":28497.36,"direction":"buy","amount":5.0},{"trade_seq":1481,"trade_id":"246803685","timestamp":1679301478382,"tick_direction":0,"price":0.008,"mark_price":0.00763101,"iv":91.11,"instrument_name":"BTC-31MAR23-35000-C","index_price":28497.36,"direction":"buy","amount":9.6},{"trade_seq":1480,"trade_id":"246801716","timestamp":1679301256274,"tick_direction":1,"price":0.007,"mark_price":0.00676176,"iv":90.25,"instrument_name":"BTC-31MAR23-35000-C","index_price":28285.69,"direction":"buy","amount":2.4},{"trade_seq":1479,"trade_id":"246801715","timestamp":1679301256274,"tick_direction":1,"price":0.007,"mark_price":0.00676176,"iv":90.25,"instrument_name":"BTC-31MAR23-35000-C","index_price":28285.69,"direction":"buy","amount":1.4},{"trade_seq":1478,"trade_id":"246801714","timestamp":1679301256248,"tick_direction":1,"price":0.007,"mark_price":0.00676176,"iv":90.25,"instrument_name":"BTC-31MAR23-35000-C","index_price":28285.69,"direction":"buy","amount":2.6},{"trade_seq":1477,"trade_id":"246801713","timestamp":1679301256248,"tick_direction":1,"price":0.007,"mark_price":0.00676176,"iv":90.25,"instrument_name":"BTC-31MAR23-35000-C","index_price":28285.69,"direction":"buy","amount":4.0},{"trade_seq":1476,"trade_id":"246801712","timestamp":1679301256248,"tick_direction":1,"price":0.007,"mark_price":0.00676176,"iv":90.25,"instrument_name":"BTC-31MAR23-35000-C","index_price":28285.69,"direction":"buy","amount":1.0},{"trade_seq":1475,"trade_id":"246801711","timestamp":1679301256248,"tick_direction":0,"price":0.007,"mark_price":0.00676176,"iv":90.25,"instrument_name":"BTC-31MAR23-35000-C","index_price":28285.69,"direction":"buy","amount":2.4},{"trade_seq":1474,"trade_id":"246798646","timestamp":1679300399977,"tick_direction":1,"price":0.0065,"mark_price":0.00630754,"iv":89.99,"instrument_name":"BTC-31MAR23-35000-C","index_price":28145.14,"direction":"buy","amount":3.0},{"trade_seq":1473,"trade_id":"246798645","timestamp":1679300399977,"tick_direction":0,"price":0.0065,"mark_price":0.00630754,"iv":89.99,"instrument_name":"BTC-31MAR23-35000-C","index_price":28145.14,"direction":"buy","amount":2.1},{"trade_seq":1472,"trade_id":"246798282","timestamp":1679300306057,"tick_direction":2,"price":0.0055,"mark_price":0.00636398,"iv":86.47,"instrument_name":"BTC-31MAR23-35000-C","index_price":28142.58,"direction":"sell","amount":0.1},{"trade_seq":1471,"trade_id":"246785694","timestamp":1679298786450,"tick_direction":1,"price":0.0065,"mark_price":0.00652614,"iv":88.7,"instrument_name":"BTC-31MAR23-35000-C","index_price":28268.95,"direction":"buy","amount":0.1},{"trade_seq":1470,"trade_id":"246780047","timestamp":1679298182376,"tick_direction":0,"price":0.0065,"mark_price":0.00655653,"iv":88.82,"instrument_name":"BTC-31MAR23-35000-C","index_price":28256.87,"direction":"buy","amount":0.1},{"trade_seq":1469,"trade_id":"246757076","timestamp":1679292450955,"tick_direction":0,"price":0.005,"mark_price":0.00496917,"iv":89.11,"instrument_name":"BTC-31MAR23-35000-C","index_price":27665.96,"direction":"buy","amount":1.3},{"trade_seq":1468,"trade_id":"246727990","timestamp":1679283274923,"tick_direction":3,"price":0.0045,"mark_price":0.00458786,"iv":90.03,"instrument_name":"BTC-31MAR23-35000-C","index_price":27336.15,"direction":"sell","amount":2.7},{"trade_seq":1467,"trade_id":"246727989","timestamp":1679283274923,"tick_direction":3,"price":0.0045,"mark_price":0.00458786,"iv":90.03,"instrument_name":"BTC-31MAR23-35000-C","index_price":27336.15,"direction":"sell","amount":5.2},{"trade_seq":1466,"trade_id":"246721653","timestamp":1679282615277,"tick_direction":2,"price":0.0045,"mark_price":0.0045968,"iv":90.0,"instrument_name":"BTC-31MAR23-35000-C","index_price":27343.58,"direction":"sell","amount":0.3},{"trade_seq":1465,"trade_id":"246718016","timestamp":1679281555597,"tick_direction":2,"price":0.005,"mark_price":0.00528212,"iv":89.86,"instrument_name":"BTC-31MAR23-35000-C","index_price":27553.38,"direction":"sell","amount":0.5},{"trade_seq":1464,"trade_id":"246696645","timestamp":1679276426244,"tick_direction":3,"price":0.0065,"mark_price":0.00662473,"iv":92.07,"instrument_name":"BTC-31MAR23-35000-C","index_price":27842.8,"direction":"sell","amount":9.0},{"trade_seq":1463,"trade_id":"246696500","timestamp":1679276310734,"tick_direction":3,"price":0.0065,"mark_price":0.00665574,"iv":92.02,"instrument_name":"BTC-31MAR23-35000-C","index_price":27844.58,"direction":"sell","amount":25.0},{"trade_seq":1462,"trade_id":"246692551","timestamp":1679274925651,"tick_direction":3,"price":0.0065,"mark_price":0.00671225,"iv":92.09,"instrument_name":"BTC-31MAR23-35000-C","index_price":27829.67,"direction":"sell","amount":0.1},{"trade_seq":1461,"trade_id":"246692550","timestamp":1679274925651,"tick_direction":3,"price":0.0065,"mark_price":0.00671225,"iv":92.09,"instrument_name":"BTC-31MAR23-35000-C","index_price":27829.67,"direction":"sell","amount":25.0},{"trade_seq":1460,"trade_id":"246691536","timestamp":1679274704276,"tick_direction":3,"price":0.0065,"mark_price":0.00658828,"iv":92.61,"instrument_name":"BTC-31MAR23-35000-C","index_price":27790.09,"direction":"sell","amount":0.1},{"trade_seq":1459,"trade_id":"246690393","timestamp":1679274487640,"tick_direction":3,"price":0.0065,"mark_price":0.00660996,"iv":92.34,"instrument_name":"BTC-31MAR23-35000-C","index_price":27815.62,"direction":"buy","amount":0.1},{"trade_seq":1458,"trade_id":"246688331","timestamp":1679274195309,"tick_direction":3,"price":0.0065,"mark_price":0.00669385,"iv":93.13,"instrument_name":"BTC-31MAR23-35000-C","index_price":27729.84,"direction":"sell","amount":0.1},{"trade_seq":1457,"trade_id":"246688330","timestamp":1679274195309,"tick_direction":3,"price":0.0065,"mark_price":0.00669385,"iv":93.13,"instrument_name":"BTC-31MAR23-35000-C","index_price":27729.84,"direction":"sell","amount":3.0},{"trade_seq":1456,"trade_id":"246688329","timestamp":1679274195309,"tick_direction":2,"price":0.0065,"mark_price":0.00669385,"iv":93.13,"instrument_name":"BTC-31MAR23-35000-C","index_price":27729.84,"direction":"sell","amount":1.0},{"trade_seq":1455,"trade_id":"246670383","timestamp":1679270034899,"tick_direction":1,"price":0.0085,"mark_price":0.00848226,"iv":95.57,"instrument_name":"BTC-31MAR23-35000-C","index_price":28075.82,"direction":"sell","amount":0.1},{"trade_seq":1454,"trade_id":"246670378","timestamp":1679270034494,"tick_direction":1,"price":0.0085,"mark_price":0.00848226,"iv":95.51,"instrument_name":"BTC-31MAR23-35000-C","index_price":28075.82,"direction":"sell","amount":0.6},{"trade_seq":1453,"trade_id":"246666278","timestamp":1679268567493,"tick_direction":1,"price":0.0085,"mark_price":0.00893213,"iv":92.65,"instrument_name":"BTC-31MAR23-35000-C","index_price":28324.13,"direction":"sell","amount":1.0},{"trade_seq":1452,"trade_id":"246650188","timestamp":1679263297198,"tick_direction":1,"price":0.0085,"mark_price":0.00814577,"iv":95.97,"instrument_name":"BTC-31MAR23-35000-C","index_price":28003.36,"direction":"sell","amount":5.0},{"trade_seq":1451,"trade_id":"246650177","timestamp":1679263287852,"tick_direction":1,"price":0.0085,"mark_price":0.00815498,"iv":95.91,"instrument_name":"BTC-31MAR23-35000-C","index_price":28006.42,"direction":"sell","amount":0.3},{"trade_seq":1450,"trade_id":"246650172","timestamp":1679263287305,"tick_direction":1,"price":0.0085,"mark_price":0.00815684,"iv":95.9,"instrument_name":"BTC-31MAR23-35000-C","index_price":28007.16,"direction":"sell","amount":0.3},{"trade_seq":1449,"trade_id":"246650165","timestamp":1679263287138,"tick_direction":1,"price":0.0085,"mark_price":0.00815684,"iv":95.9,"instrument_name":"BTC-31MAR23-35000-C","index_price":28007.16,"direction":"sell","amount":0.4},{"trade_seq":1448,"trade_id":"246650161","timestamp":1679263285231,"tick_direction":1,"price":0.0085,"mark_price":0.00814737,"iv":95.91,"instrument_name":"BTC-31MAR23-35000-C","index_price":28007.54,"direction":"sell","amount":0.8},{"trade_seq":1447,"trade_id":"246650147","timestamp":1679263285001,"tick_direction":1,"price":0.0085,"mark_price":0.00814737,"iv":95.91,"instrument_name":"BTC-31MAR23-35000-C","index_price":28007.54,"direction":"sell","amount":15.3},{"trade_seq":1446,"trade_id":"246650109","timestamp":1679263278322,"tick_direction":1,"price":0.0085,"mark_price":0.00815796,"iv":95.86,"instrument_name":"BTC-31MAR23-35000-C","index_price":28011.32,"direction":"sell","amount":1.0},{"trade_seq":1445,"trade_id":"246650095","timestamp":1679263277492,"tick_direction":1,"price":0.0085,"mark_price":0.00815109,"iv":95.86,"instrument_name":"BTC-31MAR23-35000-C","index_price":28011.32,"direction":"sell","amount":1.1},{"trade_seq":1444,"trade_id":"246650082","timestamp":1679263276429,"tick_direction":1,"price":0.0085,"mark_price":0.00814791,"iv":95.88,"instrument_name":"BTC-31MAR23-35000-C","index_price":28011.6,"direction":"sell","amount":15.0},{"trade_seq":1443,"trade_id":"246650081","timestamp":1679263275808,"tick_direction":1,"price":0.0085,"mark_price":0.00814791,"iv":95.88,"instrument_name":"BTC-31MAR23-35000-C","index_price":28011.6,"direction":"buy","amount":2.8},{"trade_seq":1442,"trade_id":"246650080","timestamp":1679263275808,"tick_direction":1,"price":0.0085,"mark_price":0.00814791,"iv":95.88,"instrument_name":"BTC-31MAR23-35000-C","index_price":28011.6,"direction":"buy","amount":6.3},{"trade_seq":1441,"trade_id":"246647077","timestamp":1679262708697,"tick_direction":1,"price":0.0085,"mark_price":0.00764033,"iv":95.12,"instrument_name":"BTC-31MAR23-35000-C","index_price":28062.69,"direction":"buy","amount":11.6},{"trade_seq":1440,"trade_id":"246647076","timestamp":1679262708697,"tick_direction":1,"price":0.0085,"mark_price":0.00764033,"iv":95.12,"instrument_name":"BTC-31MAR23-35000-C","index_price":28062.69,"direction":"buy","amount":25.0},{"trade_seq":1439,"trade_id":"246647075","timestamp":1679262708697,"tick_direction":1,"price":0.0085,"mark_price":0.00764033,"iv":95.12,"instrument_name":"BTC-31MAR23-35000-C","index_price":28062.69,"direction":"buy","amount":0.4},{"trade_seq":1438,"trade_id":"246647074","timestamp":1679262708697,"tick_direction":1,"price":0.0085,"mark_price":0.00764033,"iv":95.12,"instrument_name":"BTC-31MAR23-35000-C","index_price":28062.69,"direction":"buy","amount":1.7},{"trade_seq":1437,"trade_id":"246647073","timestamp":1679262708697,"tick_direction":1,"price":0.0085,"mark_price":0.00764033,"iv":95.12,"instrument_name":"BTC-31MAR23-35000-C","index_price":28062.69,"direction":"buy","amount":3.5},{"trade_seq":1436,"trade_id":"246647072","timestamp":1679262708697,"tick_direction":0,"price":0.0085,"mark_price":0.00764033,"iv":95.12,"instrument_name":"BTC-31MAR23-35000-C","index_price":28062.69,"direction":"buy","amount":2.5},{"trade_seq":1435,"trade_id":"246646460","timestamp":1679262495240,"tick_direction":1,"price":0.008,"mark_price":0.00777984,"iv":92.88,"instrument_name":"BTC-31MAR23-35000-C","index_price":28126.19,"direction":"buy","amount":0.8},{"trade_seq":1434,"trade_id":"246645457","timestamp":1679262119631,"tick_direction":0,"price":0.008,"mark_price":0.0078945,"iv":92.61,"instrument_name":"BTC-31MAR23-35000-C","index_price":28152.53,"direction":"buy","amount":0.2},{"trade_seq":1433,"trade_id":"246633340","timestamp":1679259028618,"tick_direction":0,"price":0.0077,"mark_price":0.0074981,"iv":93.63,"instrument_name":"BTC-31MAR23-35000-C","index_price":27970.28,"direction":"buy","combo_id":"BTC-CDIAG-31MAR23_24MAR23-35000_28000","block_trade_id":"69098","amount":25.0},{"trade_seq":1432,"trade_id":"246631604","timestamp":1679258540480,"tick_direction":2,"price":0.0076,"mark_price":0.00756151,"iv":93.13,"instrument_name":"BTC-31MAR23-35000-C","index_price":27980.43,"direction":"buy","combo_id":"BTC-CS-31MAR23-28000_35000","block_trade_id":"69095","amount":25.0},{"trade_seq":1431,"trade_id":"246614441","timestamp":1679255139061,"tick_direction":3,"price":0.0085,"mark_price":0.0083654,"iv":92.39,"instrument_name":"BTC-31MAR23-35000-C","index_price":28287.29,"direction":"buy","combo_id":"BTC-CS-31MAR23-28000_35000","block_trade_id":"69092","amount":12.5},{"trade_seq":1430,"trade_id":"246609339","timestamp":1679253839402,"tick_direction":3,"price":0.0085,"mark_price":0.00861754,"iv":92.08,"instrument_name":"BTC-31MAR23-35000-C","index_price":28301.25,"direction":"buy","amount":9.0},{"trade_seq":1429,"trade_id":"246609290","timestamp":1679253822254,"tick_direction":3,"price":0.0085,"mark_price":0.00857189,"iv":92.24,"instrument_name":"BTC-31MAR23-35000-C","index_price":28289.53,"direction":"buy","amount":1.0},{"trade_seq":1428,"trade_id":"246599041","timestamp":1679252319216,"tick_direction":3,"price":0.0085,"mark_price":0.0087425,"iv":91.37,"instrument_name":"BTC-31MAR23-35000-C","index_price":28360.04,"direction":"buy","amount":5.0},{"trade_seq":1427,"trade_id":"246598990","timestamp":1679252318754,"tick_direction":3,"price":0.0085,"mark_price":0.00867432,"iv":91.68,"instrument_name":"BTC-31MAR23-35000-C","index_price":28347.97,"direction":"buy","amount":0.7},{"trade_seq":1426,"trade_id":"246598947","timestamp":1679252318536,"tick_direction":3,"price":0.0085,"mark_price":0.00867432,"iv":91.68,"instrument_name":"BTC-31MAR23-35000-C","index_price":28347.97,"direction":"buy","amount":0.1},{"trade_seq":1425,"trade_id":"246598944","timestamp":1679252318523,"tick_direction":3,"price":0.0085,"mark_price":0.00867432,"iv":91.68,"instrument_name":"BTC-31MAR23-35000-C","index_price":28347.97,"direction":"buy","amount":0.9},{"trade_seq":1424,"trade_id":"246598860","timestamp":1679252317474,"tick_direction":3,"price":0.0085,"mark_price":0.00862485,"iv":91.88,"instrument_name":"BTC-31MAR23-35000-C","index_price":28319.62,"direction":"buy","amount":1.2},{"trade_seq":1423,"trade_id":"246598792","timestamp":1679252316517,"tick_direction":3,"price":0.0085,"mark_price":0.00861355,"iv":92.02,"instrument_name":"BTC-31MAR23-35000-C","index_price":28302.89,"direction":"buy","amount":0.1},{"trade_seq":1422,"trade_id":"246598791","timestamp":1679252316505,"tick_direction":3,"price":0.0085,"mark_price":0.00861355,"iv":92.02,"instrument_name":"BTC-31MAR23-35000-C","index_price":28302.89,"direction":"buy","amount":0.1},{"trade_seq":1421,"trade_id":"246598788","timestamp":1679252316492,"tick_direction":3,"price":0.0085,"mark_price":0.00861355,"iv":92.02,"instrument_name":"BTC-31MAR23-35000-C","index_price":28302.89,"direction":"buy","amount":2.1},{"trade_seq":1420,"trade_id":"246598684","timestamp":1679252315418,"tick_direction":3,"price":0.0085,"mark_price":0.00860584,"iv":92.06,"instrument_name":"BTC-31MAR23-35000-C","index_price":28290.25,"direction":"buy","amount":0.4},{"trade_seq":1419,"trade_id":"246598683","timestamp":1679252315415,"tick_direction":3,"price":0.0085,"mark_price":0.00860584,"iv":92.06,"instrument_name":"BTC-31MAR23-35000-C","index_price":28290.25,"direction":"buy","amount":0.1},{"trade_seq":1418,"trade_id":"246598680","timestamp":1679252315411,"tick_direction":3,"price":0.0085,"mark_price":0.00860584,"iv":92.06,"instrument_name":"BTC-31MAR23-35000-C","index_price":28290.25,"direction":"buy","amount":0.7},{"trade_seq":1417,"trade_id":"246598655","timestamp":1679252313618,"tick_direction":3,"price":0.0085,"mark_price":0.00858726,"iv":92.09,"instrument_name":"BTC-31MAR23-35000-C","index_price":28285.21,"direction":"buy","amount":0.8},{"trade_seq":1416,"trade_id":"246598328","timestamp":1679252295467,"tick_direction":3,"price":0.0085,"mark_price":0.00848352,"iv":92.51,"instrument_name":"BTC-31MAR23-35000-C","index_price":28265.66,"direction":"buy","amount":0.5},{"trade_seq":1415,"trade_id":"246598326","timestamp":1679252295463,"tick_direction":3,"price":0.0085,"mark_price":0.00848352,"iv":92.51,"instrument_name":"BTC-31MAR23-35000-C","index_price":28265.66,"direction":"buy","amount":0.7},{"trade_seq":1414,"trade_id":"246597080","timestamp":1679251963136,"tick_direction":3,"price":0.0085,"mark_price":0.00863534,"iv":92.55,"instrument_name":"BTC-31MAR23-35000-C","index_price":28243.82,"direction":"buy","amount":3.2},{"trade_seq":1413,"trade_id":"246597070","timestamp":1679251962522,"tick_direction":3,"price":0.0085,"mark_price":0.00863102,"iv":92.6,"instrument_name":"BTC-31MAR23-35000-C","index_price":28240.53,"direction":"sell","amount":3.4},{"trade_seq":1412,"trade_id":"246595760","timestamp":1679251711419,"tick_direction":2,"price":0.0085,"mark_price":0.00853164,"iv":92.8,"instrument_name":"BTC-31MAR23-35000-C","index_price":28221.31,"direction":"sell","amount":3.8},{"trade_seq":1411,"trade_id":"246595514","timestamp":1679251658838,"tick_direction":1,"price":0.009,"mark_price":0.0085147,"iv":94.03,"instrument_name":"BTC-31MAR23-35000-C","index_price":28240.17,"direction":"buy","amount":1.0},{"trade_seq":1410,"trade_id":"246595513","timestamp":1679251658838,"tick_direction":1,"price":0.009,"mark_price":0.0085147,"iv":94.03,"instrument_name":"BTC-31MAR23-35000-C","index_price":28240.17,"direction":"buy","amount":19.7},{"trade_seq":1409,"trade_id":"246595506","timestamp":1679251656011,"tick_direction":1,"price":0.009,"mark_price":0.00849261,"iv":94.09,"instrument_name":"BTC-31MAR23-35000-C","index_price":28236.25,"direction":"buy","amount":2.9},{"trade_seq":1408,"trade_id":"246595505","timestamp":1679251656011,"tick_direction":1,"price":0.009,"mark_price":0.00849261,"iv":94.09,"instrument_name":"BTC-31MAR23-35000-C","index_price":28236.25,"direction":"buy","amount":2.0},{"trade_seq":1407,"trade_id":"246595504","timestamp":1679251656011,"tick_direction":1,"price":0.009,"mark_price":0.00849261,"iv":94.09,"instrument_name":"BTC-31MAR23-35000-C","index_price":28236.25,"direction":"buy","amount":0.1},{"trade_seq":1406,"trade_id":"246595503","timestamp":1679251656011,"tick_direction":0,"price":0.009,"mark_price":0.00849261,"iv":94.09,"instrument_name":"BTC-31MAR23-35000-C","index_price":28236.25,"direction":"buy","amount":25.0},{"trade_seq":1405,"trade_id":"246592590","timestamp":1679251315568,"tick_direction":1,"price":0.008,"mark_price":0.00854246,"iv":90.83,"instrument_name":"BTC-31MAR23-35000-C","index_price":28261.7,"direction":"sell","amount":0.5},{"trade_seq":1404,"trade_id":"246591978","timestamp":1679251300562,"tick_direction":1,"price":0.008,"mark_price":0.00842792,"iv":91.11,"instrument_name":"BTC-31MAR23-35000-C","index_price":28238.05,"direction":"sell","amount":2.0},{"trade_seq":1403,"trade_id":"246585079","timestamp":1679249067578,"tick_direction":1,"price":0.008,"mark_price":0.00749784,"iv":93.92,"instrument_name":"BTC-31MAR23-35000-C","index_price":27996.35,"direction":"sell","amount":3.8},{"trade_seq":1402,"trade_id":"246585078","timestamp":1679249067575,"tick_direction":1,"price":0.008,"mark_price":0.00749784,"iv":93.92,"instrument_name":"BTC-31MAR23-35000-C","index_price":27996.35,"direction":"buy","amount":0.1},{"trade_seq":1401,"trade_id":"246585077","timestamp":1679249067575,"tick_direction":1,"price":0.008,"mark_price":0.00749784,"iv":93.92,"instrument_name":"BTC-31MAR23-35000-C","index_price":27996.35,"direction":"buy","amount":3.3},{"trade_seq":1400,"trade_id":"246585076","timestamp":1679249067575,"tick_direction":0,"price":0.008,"mark_price":0.00749784,"iv":93.92,"instrument_name":"BTC-31MAR23-35000-C","index_price":27996.35,"direction":"buy","amount":2.8},{"trade_seq":1399,"trade_id":"246580717","timestamp":1679247831564,"tick_direction":0,"price":0.0075,"mark_price":0.00736232,"iv":91.52,"instrument_name":"BTC-31MAR23-35000-C","index_price":28077.25,"direction":"buy","amount":1.0},{"trade_seq":1398,"trade_id":"246571241","timestamp":1679245582853,"tick_direction":0,"price":0.007,"mark_price":0.00707634,"iv":91.55,"instrument_name":"BTC-31MAR23-35000-C","index_price":27923.14,"direction":"buy","amount":1.0},{"trade_seq":1397,"trade_id":"246519969","timestamp":1679238275682,"tick_direction":1,"price":0.0055,"mark_price":0.00556087,"iv":89.48,"instrument_name":"BTC-31MAR23-35000-C","index_price":27564.78,"direction":"buy","amount":1.0},{"trade_seq":1396,"trade_id":"246519968","timestamp":1679238275682,"tick_direction":1,"price":0.0055,"mark_price":0.00556087,"iv":89.48,"instrument_name":"BTC-31MAR23-35000-C","index_price":27564.78,"direction":"buy","amount":1.0},{"trade_seq":1395,"trade_id":"246488349","timestamp":1679225048891,"tick_direction":0,"price":0.0055,"mark_price":0.0051716,"iv":93.16,"instrument_name":"BTC-31MAR23-35000-C","index_price":27154.09,"direction":"buy","amount":0.2},{"trade_seq":1394,"trade_id":"246483345","timestamp":1679221434845,"tick_direction":1,"price":0.005,"mark_price":0.00479569,"iv":91.46,"instrument_name":"BTC-31MAR23-35000-C","index_price":27113.62,"direction":"buy","amount":0.1},{"trade_seq":1393,"trade_id":"246482042","timestamp":1679219844109,"tick_direction":1,"price":0.005,"mark_price":0.00475783,"iv":91.32,"instrument_name":"BTC-31MAR23-35000-C","index_price":27114.32,"direction":"buy","amount":0.1},{"trade_seq":1392,"trade_id":"246482039","timestamp":1679219841680,"tick_direction":1,"price":0.005,"mark_price":0.0047648,"iv":91.29,"instrument_name":"BTC-31MAR23-35000-C","index_price":27115.95,"direction":"buy","amount":0.7},{"trade_seq":1391,"trade_id":"246481878","timestamp":1679219493682,"tick_direction":1,"price":0.005,"mark_price":0.00476357,"iv":91.33,"instrument_name":"BTC-31MAR23-35000-C","index_price":27110.17,"direction":"buy","amount":5.0},{"trade_seq":1390,"trade_id":"246481696","timestamp":1679219220787,"tick_direction":0,"price":0.005,"mark_price":0.0047363,"iv":91.48,"instrument_name":"BTC-31MAR23-35000-C","index_price":27090.5,"direction":"buy","amount":4.1},{"trade_seq":1389,"trade_id":"246457097","timestamp":1679208375770,"tick_direction":3,"price":0.0045,"mark_price":0.00454961,"iv":89.86,"instrument_name":"BTC-31MAR23-35000-C","index_price":27005.15,"direction":"buy","amount":0.1},{"trade_seq":1388,"trade_id":"246457096","timestamp":1679208375400,"tick_direction":3,"price":0.0045,"mark_price":0.00454961,"iv":89.86,"instrument_name":"BTC-31MAR23-35000-C","index_price":27004.42,"direction":"buy","amount":0.1},{"trade_seq":1387,"trade_id":"246457094","timestamp":1679208375019,"tick_direction":3,"price":0.0045,"mark_price":0.00454961,"iv":89.86,"instrument_name":"BTC-31MAR23-35000-C","index_price":27004.42,"direction":"buy","amount":0.1},{"trade_seq":1386,"trade_id":"246457081","timestamp":1679208373082,"tick_direction":3,"price":0.0045,"mark_price":0.00454892,"iv":89.85,"instrument_name":"BTC-31MAR23-35000-C","index_price":27004.09,"direction":"buy","amount":0.2},{"trade_seq":1385,"trade_id":"246457060","timestamp":1679208368530,"tick_direction":3,"price":0.0045,"mark_price":0.00455064,"iv":89.87,"instrument_name":"BTC-31MAR23-35000-C","index_price":27000.86,"direction":"buy","amount":0.1},{"trade_seq":1384,"trade_id":"246457059","timestamp":1679208368499,"tick_direction":3,"price":0.0045,"mark_price":0.00455064,"iv":89.87,"instrument_name":"BTC-31MAR23-35000-C","index_price":27000.86,"direction":"buy","amount":0.1},{"trade_seq":1383,"trade_id":"246457050","timestamp":1679208368079,"tick_direction":2,"price":0.0045,"mark_price":0.00455064,"iv":89.87,"instrument_name":"BTC-31MAR23-35000-C","index_price":27000.86,"direction":"buy","amount":0.2},{"trade_seq":1382,"trade_id":"246404991","timestamp":1679176007780,"tick_direction":3,"price":0.005,"mark_price":0.00478924,"iv":87.57,"instrument_name":"BTC-31MAR23-35000-C","index_price":27305.21,"direction":"buy","amount":0.1},{"trade_seq":1381,"trade_id":"246404990","timestamp":1679176006140,"tick_direction":3,"price":0.005,"mark_price":0.00479112,"iv":87.57,"instrument_name":"BTC-31MAR23-35000-C","index_price":27305.77,"direction":"buy","amount":0.1},{"trade_seq":1380,"trade_id":"246404989","timestamp":1679176004626,"tick_direction":3,"price":0.005,"mark_price":0.00479014,"iv":87.57,"instrument_name":"BTC-31MAR23-35000-C","index_price":27306.75,"direction":"buy","amount":0.1},{"trade_seq":1379,"trade_id":"246404988","timestamp":1679176002856,"tick_direction":3,"price":0.005,"mark_price":0.00479183,"iv":87.57,"instrument_name":"BTC-31MAR23-35000-C","index_price":27306.42,"direction":"buy","amount":0.1},{"trade_seq":1378,"trade_id":"246404987","timestamp":1679176000852,"tick_direction":3,"price":0.005,"mark_price":0.00479086,"iv":87.56,"instrument_name":"BTC-31MAR23-35000-C","index_price":27307.3,"direction":"buy","amount":0.1},{"trade_seq":1377,"trade_id":"246404986","timestamp":1679175999260,"tick_direction":3,"price":0.005,"mark_price":0.0047943,"iv":87.56,"instrument_name":"BTC-31MAR23-35000-C","index_price":27307.02,"direction":"buy","amount":0.1},{"trade_seq":1376,"trade_id":"246404980","timestamp":1679175997712,"tick_direction":3,"price":0.005,"mark_price":0.00479364,"iv":87.56,"instrument_name":"BTC-31MAR23-35000-C","index_price":27308.53,"direction":"buy","amount":0.1},{"trade_seq":1375,"trade_id":"246404973","timestamp":1679175995431,"tick_direction":3,"price":0.005,"mark_price":0.0047705,"iv":87.53,"instrument_name":"BTC-31MAR23-35000-C","index_price":27311.23,"direction":"buy","amount":0.1},{"trade_seq":1374,"trade_id":"246404890","timestamp":1679175990942,"tick_direction":3,"price":0.005,"mark_price":0.00470516,"iv":87.96,"instrument_name":"BTC-31MAR23-35000-C","index_price":27269.73,"direction":"buy","amount":0.1},{"trade_seq":1373,"trade_id":"246404699","timestamp":1679175983305,"tick_direction":2,"price":0.005,"mark_price":0.00486528,"iv":87.52,"instrument_name":"BTC-31MAR23-35000-C","index_price":27291.07,"direction":"buy","amount":0.1},{"trade_seq":1372,"trade_id":"246403179","timestamp":1679174329174,"tick_direction":1,"price":0.0055,"mark_price":0.0050327,"iv":88.16,"instrument_name":"BTC-31MAR23-35000-C","index_price":27424.53,"direction":"buy","amount":0.1},{"trade_seq":1371,"trade_id":"246403176","timestamp":1679174327599,"tick_direction":1,"price":0.0055,"mark_price":0.00503265,"iv":88.16,"instrument_name":"BTC-31MAR23-35000-C","index_price":27424.46,"direction":"buy","amount":0.1},{"trade_seq":1370,"trade_id":"246403175","timestamp":1679174325968,"tick_direction":1,"price":0.0055,"mark_price":0.00503088,"iv":88.16,"instrument_name":"BTC-31MAR23-35000-C","index_price":27424.31,"direction":"buy","amount":0.1},{"trade_seq":1369,"trade_id":"246403162","timestamp":1679174312333,"tick_direction":1,"price":0.0055,"mark_price":0.00500426,"iv":88.27,"instrument_name":"BTC-31MAR23-35000-C","index_price":27414.32,"direction":"buy","amount":0.1},{"trade_seq":1368,"trade_id":"246403141","timestamp":1679174310530,"tick_direction":1,"price":0.0055,"mark_price":0.00500427,"iv":88.28,"instrument_name":"BTC-31MAR23-35000-C","index_price":27410.33,"direction":"buy","amount":0.1},{"trade_seq":1367,"trade_id":"246403140","timestamp":1679174309031,"tick_direction":1,"price":0.0055,"mark_price":0.0050039,"iv":88.28,"instrument_name":"BTC-31MAR23-35000-C","index_price":27410.3,"direction":"buy","amount":0.1},{"trade_seq":1366,"trade_id":"246403139","timestamp":1679174306285,"tick_direction":1,"price":0.0055,"mark_price":0.00500411,"iv":88.27,"instrument_name":"BTC-31MAR23-35000-C","index_price":27410.72,"direction":"buy","amount":0.1},{"trade_seq":1365,"trade_id":"246403138","timestamp":1679174304882,"tick_direction":1,"price":0.0055,"mark_price":0.00500351,"iv":88.28,"instrument_name":"BTC-31MAR23-35000-C","index_price":27410.99,"direction":"buy","amount":0.1},{"trade_seq":1364,"trade_id":"246403137","timestamp":1679174303536,"tick_direction":1,"price":0.0055,"mark_price":0.00500355,"iv":88.28,"instrument_name":"BTC-31MAR23-35000-C","index_price":27410.73,"direction":"buy","amount":0.1},{"trade_seq":1363,"trade_id":"246403136","timestamp":1679174301917,"tick_direction":1,"price":0.0055,"mark_price":0.00500349,"iv":88.28,"instrument_name":"BTC-31MAR23-35000-C","index_price":27410.89,"direction":"buy","amount":0.1},{"trade_seq":1362,"trade_id":"246403135","timestamp":1679174300306,"tick_direction":0,"price":0.0055,"mark_price":0.00500258,"iv":88.28,"instrument_name":"BTC-31MAR23-35000-C","index_price":27411.52,"direction":"buy","amount":0.1},{"trade_seq":1361,"trade_id":"246401954","timestamp":1679172842944,"tick_direction":3,"price":0.005,"mark_price":0.00520413,"iv":85.95,"instrument_name":"BTC-31MAR23-35000-C","index_price":27448.89,"direction":"sell","amount":1.4},{"trade_seq":1360,"trade_id":"246401949","timestamp":1679172836630,"tick_direction":3,"price":0.005,"mark_price":0.00520176,"iv":85.98,"instrument_name":"BTC-31MAR23-35000-C","index_price":27450.21,"direction":"sell","amount":0.3},{"trade_seq":1359,"trade_id":"246401948","timestamp":1679172827993,"tick_direction":3,"price":0.005,"mark_price":0.00519058,"iv":86.0,"instrument_name":"BTC-31MAR23-35000-C","index_price":27446.72,"direction":"sell","amount":1.7},{"trade_seq":1358,"trade_id":"246389401","timestamp":1679163336526,"tick_direction":2,"price":0.005,"mark_price":0.00509587,"iv":86.16,"instrument_name":"BTC-31MAR23-35000-C","index_price":27370.74,"direction":"sell","amount":0.5},{"trade_seq":1357,"trade_id":"246389285","timestamp":1679163290926,"tick_direction":1,"price":0.0055,"mark_price":0.00515212,"iv":87.79,"instrument_name":"BTC-31MAR23-35000-C","index_price":27391.09,"direction":"buy","amount":1.7},{"trade_seq":1356,"trade_id":"246389284","timestamp":1679163290926,"tick_direction":1,"price":0.0055,"mark_price":0.00515212,"iv":87.79,"instrument_name":"BTC-31MAR23-35000-C","index_price":27391.09,"direction":"buy","amount":1.1},{"trade_seq":1355,"trade_id":"246389283","timestamp":1679163290926,"tick_direction":1,"price":0.0055,"mark_price":0.00515212,"iv":87.79,"instrument_name":"BTC-31MAR23-35000-C","index_price":27391.09,"direction":"buy","amount":0.2},{"trade_seq":1354,"trade_id":"246388597","timestamp":1679162970461,"tick_direction":0,"price":0.0055,"mark_price":0.0050374,"iv":87.98,"instrument_name":"BTC-31MAR23-35000-C","index_price":27371.52,"direction":"buy","amount":3.0},{"trade_seq":1353,"trade_id":"246353328","timestamp":1679157019879,"tick_direction":2,"price":0.005,"mark_price":0.0042715,"iv":89.93,"instrument_name":"BTC-31MAR23-35000-C","index_price":26990.13,"direction":"buy","amount":2.9},{"trade_seq":1352,"trade_id":"246333140","timestamp":1679150399325,"tick_direction":1,"price":0.0055,"mark_price":0.005536,"iv":85.4,"instrument_name":"BTC-31MAR23-35000-C","index_price":27610.95,"direction":"sell","amount":0.3},{"trade_seq":1351,"trade_id":"246332902","timestamp":1679150218931,"tick_direction":1,"price":0.0055,"mark_price":0.00545782,"iv":85.27,"instrument_name":"BTC-31MAR23-35000-C","index_price":27630.68,"direction":"sell","amount":2.0},{"trade_seq":1350,"trade_id":"246332834","timestamp":1679150167545,"tick_direction":1,"price":0.0055,"mark_price":0.00522489,"iv":85.46,"instrument_name":"BTC-31MAR23-35000-C","index_price":27605.65,"direction":"sell","amount":2.2},{"trade_seq":1349,"trade_id":"246332833","timestamp":1679150167374,"tick_direction":1,"price":0.0055,"mark_price":0.00522489,"iv":85.46,"instrument_name":"BTC-31MAR23-35000-C","index_price":27605.65,"direction":"buy","amount":1.5},{"trade_seq":1348,"trade_id":"246331148","timestamp":1679149298358,"tick_direction":1,"price":0.0055,"mark_price":0.00546065,"iv":85.14,"instrument_name":"BTC-31MAR23-35000-C","index_price":27624.69,"direction":"buy","amount":0.2},{"trade_seq":1347,"trade_id":"246331135","timestamp":1679149296575,"tick_direction":1,"price":0.0055,"mark_price":0.00546666,"iv":85.12,"instrument_name":"BTC-31MAR23-35000-C","index_price":27627.79,"direction":"buy","amount":0.2},{"trade_seq":1346,"trade_id":"246331125","timestamp":1679149294885,"tick_direction":1,"price":0.0055,"mark_price":0.00547205,"iv":85.1,"instrument_name":"BTC-31MAR23-35000-C","index_price":27630.57,"direction":"buy","amount":0.2},{"trade_seq":1345,"trade_id":"246331116","timestamp":1679149293017,"tick_direction":1,"price":0.0055,"mark_price":0.00547364,"iv":85.11,"instrument_name":"BTC-31MAR23-35000-C","index_price":27630.27,"direction":"buy","amount":0.2},{"trade_seq":1344,"trade_id":"246331112","timestamp":1679149290077,"tick_direction":1,"price":0.0055,"mark_price":0.00550034,"iv":85.06,"instrument_name":"BTC-31MAR23-35000-C","index_price":27634.9,"direction":"buy","amount":0.2},{"trade_seq":1343,"trade_id":"246323087","timestamp":1679144097950,"tick_direction":1,"price":0.0055,"mark_price":0.00563154,"iv":85.24,"instrument_name":"BTC-31MAR23-35000-C","index_price":27599.85,"direction":"sell","amount":1.1},{"trade_seq":1342,"trade_id":"246322973","timestamp":1679144049455,"tick_direction":1,"price":0.0055,"mark_price":0.0056558,"iv":85.13,"instrument_name":"BTC-31MAR23-35000-C","index_price":27608.58,"direction":"sell","amount":1.1},{"trade_seq":1341,"trade_id":"246310195","timestamp":1679136062561,"tick_direction":1,"price":0.0055,"mark_price":0.00524352,"iv":86.12,"instrument_name":"BTC-31MAR23-35000-C","index_price":27481.1,"direction":"buy","amount":0.7},{"trade_seq":1340,"trade_id":"246310194","timestamp":1679136062561,"tick_direction":1,"price":0.0055,"mark_price":0.00524352,"iv":86.12,"instrument_name":"BTC-31MAR23-35000-C","index_price":27481.1,"direction":"buy","amount":0.2},{"trade_seq":1339,"trade_id":"246310193","timestamp":1679136062561,"tick_direction":0,"price":0.0055,"mark_price":0.00524352,"iv":86.12,"instrument_name":"BTC-31MAR23-35000-C","index_price":27481.1,"direction":"buy","amount":0.5},{"trade_seq":1338,"trade_id":"246308063","timestamp":1679134374473,"tick_direction":1,"price":0.005,"mark_price":0.00521722,"iv":84.11,"instrument_name":"BTC-31MAR23-35000-C","index_price":27474.54,"direction":"sell","amount":1.4},{"trade_seq":1337,"trade_id":"246300508","timestamp":1679131085316,"tick_direction":1,"price":0.005,"mark_price":0.00536871,"iv":85.22,"instrument_name":"BTC-31MAR23-35000-C","index_price":27354.67,"direction":"sell","amount":11.1},{"trade_seq":1336,"trade_id":"246271696","timestamp":1679122827087,"tick_direction":1,"price":0.005,"mark_price":0.00530818,"iv":82.68,"instrument_name":"BTC-31MAR23-35000-C","index_price":27573.8,"direction":"sell","amount":1.4},{"trade_seq":1335,"trade_id":"246271371","timestamp":1679122417986,"tick_direction":1,"price":0.005,"mark_price":0.00518949,"iv":83.06,"instrument_name":"BTC-31MAR23-35000-C","index_price":27539.88,"direction":"sell","amount":1.5},{"trade_seq":1334,"trade_id":"246271180","timestamp":1679122005512,"tick_direction":1,"price":0.005,"mark_price":0.00517322,"iv":82.94,"instrument_name":"BTC-31MAR23-35000-C","index_price":27544.96,"direction":"sell","amount":1.0},{"trade_seq":1333,"trade_id":"246271179","timestamp":1679122005512,"tick_direction":1,"price":0.005,"mark_price":0.00517322,"iv":82.94,"instrument_name":"BTC-31MAR23-35000-C","index_price":27544.96,"direction":"sell","amount":0.4},{"trade_seq":1332,"trade_id":"246270492","timestamp":1679121430644,"tick_direction":1,"price":0.005,"mark_price":0.00499632,"iv":82.95,"instrument_name":"BTC-31MAR23-35000-C","index_price":27547.69,"direction":"sell","amount":1.5},{"trade_seq":1331,"trade_id":"246270468","timestamp":1679121404139,"tick_direction":1,"price":0.005,"mark_price":0.0049897,"iv":82.95,"instrument_name":"BTC-31MAR23-35000-C","index_price":27546.83,"direction":"sell","amount":1.6},{"trade_seq":1330,"trade_id":"246270177","timestamp":1679121220676,"tick_direction":1,"price":0.005,"mark_price":0.00483818,"iv":82.51,"instrument_name":"BTC-31MAR23-35000-C","index_price":27585.69,"direction":"buy","amount":1.5},{"trade_seq":1329,"trade_id":"246268102","timestamp":1679119960781,"tick_direction":1,"price":0.005,"mark_price":0.00492134,"iv":82.52,"instrument_name":"BTC-31MAR23-35000-C","index_price":27575.78,"direction":"buy","amount":1.1},{"trade_seq":1328,"trade_id":"246267500","timestamp":1679119654644,"tick_direction":1,"price":0.005,"mark_price":0.00525247,"iv":81.56,"instrument_name":"BTC-31MAR23-35000-C","index_price":27668.98,"direction":"sell","amount":0.5},{"trade_seq":1327,"trade_id":"246267499","timestamp":1679119654644,"tick_direction":1,"price":0.005,"mark_price":0.00525247,"iv":81.56,"instrument_name":"BTC-31MAR23-35000-C","index_price":27668.98,"direction":"sell","amount":0.9},{"trade_seq":1326,"trade_id":"246267463","timestamp":1679119635480,"tick_direction":1,"price":0.005,"mark_price":0.00526103,"iv":81.51,"instrument_name":"BTC-31MAR23-35000-C","index_price":27673.4,"direction":"sell","amount":1.4},{"trade_seq":1325,"trade_id":"246266411","timestamp":1679119274330,"tick_direction":1,"price":0.005,"mark_price":0.00508364,"iv":81.86,"instrument_name":"BTC-31MAR23-35000-C","index_price":27634.3,"direction":"sell","amount":1.4},{"trade_seq":1324,"trade_id":"246266379","timestamp":1679119247172,"tick_direction":1,"price":0.005,"mark_price":0.00508884,"iv":81.81,"instrument_name":"BTC-31MAR23-35000-C","index_price":27643.13,"direction":"sell","amount":1.4},{"trade_seq":1323,"trade_id":"246262215","timestamp":1679117659389,"tick_direction":1,"price":0.005,"mark_price":0.00518701,"iv":82.46,"instrument_name":"BTC-31MAR23-35000-C","index_price":27578.72,"direction":"sell","amount":1.5},{"trade_seq":1322,"trade_id":"246261035","timestamp":1679117567837,"tick_direction":1,"price":0.005,"mark_price":0.00486082,"iv":83.25,"instrument_name":"BTC-31MAR23-35000-C","index_price":27500.59,"direction":"buy","amount":2.0},{"trade_seq":1321,"trade_id":"246248708","timestamp":1679110635390,"tick_direction":1,"price":0.005,"mark_price":0.00477296,"iv":84.18,"instrument_name":"BTC-31MAR23-35000-C","index_price":27369.75,"direction":"buy","amount":8.1},{"trade_seq":1320,"trade_id":"246242221","timestamp":1679108484110,"tick_direction":1,"price":0.005,"mark_price":0.00474165,"iv":84.3,"instrument_name":"BTC-31MAR23-35000-C","index_price":27358.62,"direction":"buy","amount":0.3},{"trade_seq":1319,"trade_id":"246237442","timestamp":1679106681143,"tick_direction":0,"price":0.005,"mark_price":0.00465703,"iv":83.15,"instrument_name":"BTC-31MAR23-35000-C","index_price":27460.73,"direction":"buy","amount":10.0},{"trade_seq":1318,"trade_id":"246236936","timestamp":1679106500736,"tick_direction":3,"price":0.0045,"mark_price":0.004261,"iv":81.75,"instrument_name":"BTC-31MAR23-35000-C","index_price":27404.94,"direction":"sell","amount":1.9},{"trade_seq":1317,"trade_id":"246235150","timestamp":1679106122662,"tick_direction":3,"price":0.0045,"mark_price":0.00441701,"iv":80.77,"instrument_name":"BTC-31MAR23-35000-C","index_price":27514.29,"direction":"buy","amount":3.0},{"trade_seq":1316,"trade_id":"246235149","timestamp":1679106122662,"tick_direction":3,"price":0.0045,"mark_price":0.00441701,"iv":80.77,"instrument_name":"BTC-31MAR23-35000-C","index_price":27514.29,"direction":"buy","amount":7.8},{"trade_seq":1315,"trade_id":"246229534","timestamp":1679104008571,"tick_direction":3,"price":0.0045,"mark_price":0.00439614,"iv":81.63,"instrument_name":"BTC-31MAR23-35000-C","index_price":27412.92,"direction":"sell","amount":1.5},{"trade_seq":1314,"trade_id":"246229334","timestamp":1679103951289,"tick_direction":3,"price":0.0045,"mark_price":0.00436527,"iv":81.6,"instrument_name":"BTC-31MAR23-35000-C","index_price":27421.04,"direction":"buy","amount":0.1},{"trade_seq":1313,"trade_id":"246229241","timestamp":1679103950171,"tick_direction":3,"price":0.0045,"mark_price":0.00435992,"iv":81.62,"instrument_name":"BTC-31MAR23-35000-C","index_price":27422.12,"direction":"buy","amount":0.1},{"trade_seq":1312,"trade_id":"246229229","timestamp":1679103946031,"tick_direction":3,"price":0.0045,"mark_price":0.00434877,"iv":81.64,"instrument_name":"BTC-31MAR23-35000-C","index_price":27423.16,"direction":"buy","amount":0.2},{"trade_seq":1311,"trade_id":"246229226","timestamp":1679103945556,"tick_direction":3,"price":0.0045,"mark_price":0.00434877,"iv":81.67,"instrument_name":"BTC-31MAR23-35000-C","index_price":27417.08,"direction":"buy","amount":0.1},{"trade_seq":1310,"trade_id":"246227084","timestamp":1679103488057,"tick_direction":3,"price":0.0045,"mark_price":0.00422837,"iv":82.09,"instrument_name":"BTC-31MAR23-35000-C","index_price":27386.54,"direction":"buy","amount":0.6},{"trade_seq":1309,"trade_id":"246227078","timestamp":1679103488043,"tick_direction":3,"price":0.0045,"mark_price":0.00422837,"iv":82.09,"instrument_name":"BTC-31MAR23-35000-C","index_price":27386.54,"direction":"buy","amount":0.7},{"trade_seq":1308,"trade_id":"246227049","timestamp":1679103487838,"tick_direction":3,"price":0.0045,"mark_price":0.00422837,"iv":82.09,"instrument_name":"BTC-31MAR23-35000-C","index_price":27386.54,"direction":"buy","amount":0.7},{"trade_seq":1307,"trade_id":"246227048","timestamp":1679103487826,"tick_direction":3,"price":0.0045,"mark_price":0.00422837,"iv":82.09,"instrument_name":"BTC-31MAR23-35000-C","index_price":27386.54,"direction":"buy","amount":0.1},{"trade_seq":1306,"trade_id":"246227042","timestamp":1679103487818,"tick_direction":3,"price":0.0045,"mark_price":0.00422837,"iv":82.09,"instrument_name":"BTC-31MAR23-35000-C","index_price":27386.54,"direction":"buy","amount":0.1},{"trade_seq":1305,"trade_id":"246227037","timestamp":1679103487790,"tick_direction":2,"price":0.0045,"mark_price":0.00422837,"iv":82.09,"instrument_name":"BTC-31MAR23-35000-C","index_price":27386.54,"direction":"buy","amount":0.4},{"trade_seq":1304,"trade_id":"246220258","timestamp":1679102264453,"tick_direction":2,"price":0.005,"mark_price":0.00477841,"iv":82.06,"instrument_name":"BTC-31MAR23-35000-C","index_price":27550.98,"direction":"sell","amount":1.2},{"trade_seq":1303,"trade_id":"246176147","timestamp":1679095058789,"tick_direction":3,"price":0.0065,"mark_price":0.00669996,"iv":85.39,"instrument_name":"BTC-31MAR23-35000-C","index_price":27680.84,"direction":"buy","amount":10.0},{"trade_seq":1302,"trade_id":"246176069","timestamp":1679095048842,"tick_direction":3,"price":0.0065,"mark_price":0.00673226,"iv":85.31,"instrument_name":"BTC-31MAR23-35000-C","index_price":27686.59,"direction":"buy","amount":10.0},{"trade_seq":1301,"trade_id":"246176033","timestamp":1679095045520,"tick_direction":3,"price":0.0065,"mark_price":0.00664145,"iv":85.59,"instrument_name":"BTC-31MAR23-35000-C","index_price":27685.72,"direction":"buy","amount":10.0},{"trade_seq":1300,"trade_id":"246175881","timestamp":1679095042714,"tick_direction":3,"price":0.0065,"mark_price":0.00665749,"iv":85.55,"instrument_name":"BTC-31MAR23-35000-C","index_price":27656.24,"direction":"buy","amount":10.0},{"trade_seq":1299,"trade_id":"246175859","timestamp":1679095039742,"tick_direction":3,"price":0.0065,"mark_price":0.006677,"iv":85.5,"instrument_name":"BTC-31MAR23-35000-C","index_price":27668.02,"direction":"buy","amount":10.0},{"trade_seq":1298,"trade_id":"246175846","timestamp":1679095036359,"tick_direction":3,"price":0.0065,"mark_price":0.00669331,"iv":85.5,"instrument_name":"BTC-31MAR23-35000-C","index_price":27668.53,"direction":"buy","amount":10.0},{"trade_seq":1297,"trade_id":"246175840","timestamp":1679095033985,"tick_direction":3,"price":0.0065,"mark_price":0.00670155,"iv":85.42,"instrument_name":"BTC-31MAR23-35000-C","index_price":27677.71,"direction":"buy","amount":10.0},{"trade_seq":1296,"trade_id":"246175785","timestamp":1679095030520,"tick_direction":3,"price":0.0065,"mark_price":0.00665534,"iv":85.57,"instrument_name":"BTC-31MAR23-35000-C","index_price":27666.94,"direction":"buy","amount":10.0},{"trade_seq":1295,"trade_id":"246175775","timestamp":1679095028197,"tick_direction":3,"price":0.0065,"mark_price":0.00663301,"iv":85.63,"instrument_name":"BTC-31MAR23-35000-C","index_price":27661.94,"direction":"buy","amount":10.0},{"trade_seq":1294,"trade_id":"246175749","timestamp":1679095023585,"tick_direction":3,"price":0.0065,"mark_price":0.00660249,"iv":85.77,"instrument_name":"BTC-31MAR23-35000-C","index_price":27648.37,"direction":"buy","amount":10.0},{"trade_seq":1293,"trade_id":"246175701","timestamp":1679095014578,"tick_direction":3,"price":0.0065,"mark_price":0.00662492,"iv":85.72,"instrument_name":"BTC-31MAR23-35000-C","index_price":27645.8,"direction":"buy","amount":2.5},{"trade_seq":1292,"trade_id":"246175700","timestamp":1679095014578,"tick_direction":3,"price":0.0065,"mark_price":0.00662492,"iv":85.72,"instrument_name":"BTC-31MAR23-35000-C","index_price":27645.8,"direction":"buy","amount":10.0},{"trade_seq":1291,"trade_id":"246168027","timestamp":1679093926325,"tick_direction":3,"price":0.0065,"mark_price":0.0067311,"iv":86.8,"instrument_name":"BTC-31MAR23-35000-C","index_price":27567.41,"direction":"sell","amount":0.1},{"trade_seq":1290,"trade_id":"246168024","timestamp":1679093926201,"tick_direction":3,"price":0.0065,"mark_price":0.0067311,"iv":86.8,"instrument_name":"BTC-31MAR23-35000-C","index_price":27567.41,"direction":"sell","amount":0.1},{"trade_seq":1289,"trade_id":"246168023","timestamp":1679093926164,"tick_direction":3,"price":0.0065,"mark_price":0.0067311,"iv":86.8,"instrument_name":"BTC-31MAR23-35000-C","index_price":27567.41,"direction":"sell","amount":0.1},{"trade_seq":1288,"trade_id":"246167819","timestamp":1679093914854,"tick_direction":3,"price":0.0065,"mark_price":0.00670106,"iv":86.89,"instrument_name":"BTC-31MAR23-35000-C","index_price":27560.01,"direction":"sell","amount":0.1},{"trade_seq":1287,"trade_id":"246167818","timestamp":1679093914808,"tick_direction":3,"price":0.0065,"mark_price":0.00670106,"iv":86.89,"instrument_name":"BTC-31MAR23-35000-C","index_price":27560.01,"direction":"sell","amount":0.1},{"trade_seq":1286,"trade_id":"246167815","timestamp":1679093914701,"tick_direction":3,"price":0.0065,"mark_price":0.00670106,"iv":86.89,"instrument_name":"BTC-31MAR23-35000-C","index_price":27560.01,"direction":"sell","amount":0.1},{"trade_seq":1285,"trade_id":"246167814","timestamp":1679093914657,"tick_direction":3,"price":0.0065,"mark_price":0.00670106,"iv":86.89,"instrument_name":"BTC-31MAR23-35000-C","index_price":27560.01,"direction":"sell","amount":0.1},{"trade_seq":1284,"trade_id":"246167809","timestamp":1679093914523,"tick_direction":3,"price":0.0065,"mark_price":0.00670106,"iv":86.89,"instrument_name":"BTC-31MAR23-35000-C","index_price":27564.78,"direction":"sell","amount":0.1},{"trade_seq":1283,"trade_id":"246167802","timestamp":1679093914470,"tick_direction":2,"price":0.0065,"mark_price":0.00670106,"iv":86.89,"instrument_name":"BTC-31MAR23-35000-C","index_price":27564.78,"direction":"sell","amount":4.0},{"trade_seq":1282,"trade_id":"246166708","timestamp":1679093821669,"tick_direction":3,"price":0.0075,"mark_price":0.0077391,"iv":88.66,"instrument_name":"BTC-31MAR23-35000-C","index_price":27687.74,"direction":"buy","amount":0.8},{"trade_seq":1281,"trade_id":"246166707","timestamp":1679093821499,"tick_direction":2,"price":0.0075,"mark_price":0.0077391,"iv":88.66,"instrument_name":"BTC-31MAR23-35000-C","index_price":27687.74,"direction":"sell","amount":25.0},{"trade_seq":1280,"trade_id":"246159966","timestamp":1679093158005,"tick_direction":0,"price":0.008,"mark_price":0.00789247,"iv":88.73,"instrument_name":"BTC-31MAR23-35000-C","index_price":27802.84,"direction":"buy","amount":0.1},{"trade_seq":1279,"trade_id":"246144119","timestamp":1679092120021,"tick_direction":1,"price":0.006,"mark_price":0.00563024,"iv":86.51,"instrument_name":"BTC-31MAR23-35000-C","index_price":27412.9,"direction":"buy","amount":0.1},{"trade_seq":1278,"trade_id":"246144093","timestamp":1679092117206,"tick_direction":0,"price":0.006,"mark_price":0.00563901,"iv":86.6,"instrument_name":"BTC-31MAR23-35000-C","index_price":27404.68,"direction":"buy","amount":0.9},{"trade_seq":1277,"trade_id":"246126879","timestamp":1679090444552,"tick_direction":1,"price":0.005,"mark_price":0.00476075,"iv":84.99,"instrument_name":"BTC-31MAR23-35000-C","index_price":27194.07,"direction":"buy","amount":6.6},{"trade_seq":1276,"trade_id":"246126878","timestamp":1679090444552,"tick_direction":1,"price":0.005,"mark_price":0.00476075,"iv":84.99,"instrument_name":"BTC-31MAR23-35000-C","index_price":27194.07,"direction":"buy","amount":4.2},{"trade_seq":1275,"trade_id":"246126850","timestamp":1679090443058,"tick_direction":1,"price":0.005,"mark_price":0.00476201,"iv":85.0,"instrument_name":"BTC-31MAR23-35000-C","index_price":27197.48,"direction":"buy","amount":0.8}