{"usOut":1682690391038300,"usIn":1682690390113788,"usDiff":924512,"testnet":false,"result":{"trades":[{"trade_seq":5710,"trade_id":"249099043","timestamp":1680227212229,"tick_direction":0,"price":0.1475,"mark_price":0.14694965,"iv":293.19,"instrument_name":"BTC-31MAR23-24000-C","index_price":28143.75,"direction":"sell","amount":0.1},{"trade_seq":5709,"trade_id":"249085361","timestamp":1680222063343,"tick_direction":2,"price":0.142,"mark_price":0.14164261,"iv":238.48,"instrument_name":"BTC-31MAR23-24000-C","index_price":27969.19,"direction":"sell","amount":0.5},{"trade_seq":5708,"trade_id":"249066147","timestamp":1680210111502,"tick_direction":2,"price":0.1485,"mark_price":0.14823026,"iv":201.94,"instrument_name":"BTC-31MAR23-24000-C","index_price":28169.47,"direction":"sell","amount":1.0},{"trade_seq":5707,"trade_id":"248805797","timestamp":1680115409031,"tick_direction":1,"price":0.1538,"mark_price":0.15299078,"iv":139.72,"instrument_name":"BTC-31MAR23-24000-C","index_price":28308.15,"direction":"buy","block_trade_id":"70512","amount":50.0},{"trade_seq":5706,"trade_id":"248805754","timestamp":1680115407839,"tick_direction":0,"price":0.1538,"mark_price":0.15298518,"iv":139.67,"instrument_name":"BTC-31MAR23-24000-C","index_price":28312.96,"direction":"buy","block_trade_id":"70511","amount":250.0},{"trade_seq":5705,"trade_id":"248706088","timestamp":1680071674385,"tick_direction":0,"price":0.1465,"mark_price":0.14679181,"iv":98.09,"instrument_name":"BTC-31MAR23-24000-C","index_price":28101.64,"direction":"buy","amount":0.5},{"trade_seq":5704,"trade_id":"248686561","timestamp":1680064628306,"tick_direction":0,"price":0.13,"mark_price":0.13015989,"iv":89.13,"instrument_name":"BTC-31MAR23-24000-C","index_price":27572.87,"direction":"buy","amount":0.5},{"trade_seq":5703,"trade_id":"248684348","timestamp":1680064357859,"tick_direction":0,"price":0.128,"mark_price":0.12751852,"iv":100.48,"instrument_name":"BTC-31MAR23-24000-C","index_price":27489.17,"direction":"buy","amount":0.5},{"trade_seq":5702,"trade_id":"248591004","timestamp":1680002918684,"tick_direction":0,"price":0.111,"mark_price":0.11009373,"iv":86.58,"instrument_name":"BTC-31MAR23-24000-C","index_price":26942.63,"direction":"sell","amount":1.0},{"trade_seq":5701,"trade_id":"248591002","timestamp":1680002917732,"tick_direction":1,"price":0.1105,"mark_price":0.11009552,"iv":80.58,"instrument_name":"BTC-31MAR23-24000-C","index_price":26946.12,"direction":"sell","amount":1.0},{"trade_seq":5700,"trade_id":"248590000","timestamp":1680002585328,"tick_direction":1,"price":0.1105,"mark_price":0.10952289,"iv":86.19,"instrument_name":"BTC-31MAR23-24000-C","index_price":26932.72,"direction":"sell","amount":1.0},{"trade_seq":5699,"trade_id":"248589946","timestamp":1680002576990,"tick_direction":0,"price":0.1105,"mark_price":0.10943957,"iv":86.96,"instrument_name":"BTC-31MAR23-24000-C","index_price":26931.64,"direction":"sell","amount":1.0},{"trade_seq":5698,"trade_id":"248589723","timestamp":1680002477546,"tick_direction":2,"price":0.1075,"mark_price":0.109155,"iv":0.0,"instrument_name":"BTC-31MAR23-24000-C","index_price":26917.61,"direction":"sell","amount":0.5},{"trade_seq":5697,"trade_id":"248589592","timestamp":1680002445940,"tick_direction":2,"price":0.1085,"mark_price":0.10784141,"iv":82.05,"instrument_name":"BTC-31MAR23-24000-C","index_price":26880.92,"direction":"sell","amount":1.0},{"trade_seq":5696,"trade_id":"248589591","timestamp":1680002445915,"tick_direction":2,"price":0.109,"mark_price":0.10784141,"iv":86.74,"instrument_name":"BTC-31MAR23-24000-C","index_price":26880.92,"direction":"sell","amount":1.0},{"trade_seq":5695,"trade_id":"248572563","timestamp":1679991826056,"tick_direction":2,"price":0.1115,"mark_price":0.11087046,"liquidation":"M","iv":86.93,"instrument_name":"BTC-31MAR23-24000-C","index_price":26944.21,"direction":"sell","amount":0.1},{"trade_seq":5694,"trade_id":"248504452","timestamp":1679937831837,"tick_direction":0,"price":0.152,"mark_price":0.11785275,"iv":218.16,"instrument_name":"BTC-31MAR23-24000-C","index_price":27165.02,"direction":"sell","amount":0.3},{"trade_seq":5693,"trade_id":"248468211","timestamp":1679930430416,"tick_direction":2,"price":0.111,"mark_price":0.10848142,"iv":96.18,"instrument_name":"BTC-31MAR23-24000-C","index_price":26844.55,"direction":"buy","amount":0.4},{"trade_seq":5692,"trade_id":"248393654","timestamp":1679909945046,"tick_direction":0,"price":0.143,"mark_price":0.14265788,"iv":88.34,"instrument_name":"BTC-31MAR23-24000-C","index_price":27941.26,"direction":"sell","amount":1.0},{"trade_seq":5691,"trade_id":"248352975","timestamp":1679886337364,"tick_direction":0,"price":0.135,"mark_price":0.14129069,"iv":0.0,"instrument_name":"BTC-31MAR23-24000-C","index_price":27898.04,"direction":"sell","amount":0.1},{"trade_seq":5690,"trade_id":"248218555","timestamp":1679792827488,"tick_direction":0,"price":0.133,"mark_price":0.13301921,"iv":74.94,"instrument_name":"BTC-31MAR23-24000-C","index_price":27602.64,"direction":"sell","amount":2.0},{"trade_seq":5689,"trade_id":"248203152","timestamp":1679776120794,"tick_direction":2,"price":0.125,"mark_price":0.12484952,"iv":71.02,"instrument_name":"BTC-31MAR23-24000-C","index_price":27348.71,"direction":"sell","amount":0.8},{"trade_seq":5688,"trade_id":"248166661","timestamp":1679755739923,"tick_direction":3,"price":0.133,"mark_price":0.13304856,"iv":70.78,"instrument_name":"BTC-31MAR23-24000-C","index_price":27597.27,"direction":"buy","amount":0.1},{"trade_seq":5687,"trade_id":"248166660","timestamp":1679755739904,"tick_direction":3,"price":0.133,"mark_price":0.13304856,"iv":70.78,"instrument_name":"BTC-31MAR23-24000-C","index_price":27597.27,"direction":"buy","amount":0.3},{"trade_seq":5686,"trade_id":"248166659","timestamp":1679755739904,"tick_direction":3,"price":0.133,"mark_price":0.13304856,"iv":70.78,"instrument_name":"BTC-31MAR23-24000-C","index_price":27597.27,"direction":"buy","amount":0.7},{"trade_seq":5685,"trade_id":"248166610","timestamp":1679755667487,"tick_direction":2,"price":0.133,"mark_price":0.13292608,"iv":71.49,"instrument_name":"BTC-31MAR23-24000-C","index_price":27593.03,"direction":"buy","amount":0.3},{"trade_seq":5684,"trade_id":"248165320","timestamp":1679754620091,"tick_direction":0,"price":0.134,"mark_price":0.13398079,"iv":71.0,"instrument_name":"BTC-31MAR23-24000-C","index_price":27632.97,"direction":"buy","amount":1.0},{"trade_seq":5683,"trade_id":"248165056","timestamp":1679754398948,"tick_direction":1,"price":0.133,"mark_price":0.13287195,"iv":71.88,"instrument_name":"BTC-31MAR23-24000-C","index_price":27599.58,"direction":"buy","amount":0.9},{"trade_seq":5682,"trade_id":"248165042","timestamp":1679754370919,"tick_direction":1,"price":0.133,"mark_price":0.13290094,"iv":71.83,"instrument_name":"BTC-31MAR23-24000-C","index_price":27596.73,"direction":"buy","amount":0.1},{"trade_seq":5681,"trade_id":"248165041","timestamp":1679754370883,"tick_direction":0,"price":0.133,"mark_price":0.13290094,"iv":71.83,"instrument_name":"BTC-31MAR23-24000-C","index_price":27596.73,"direction":"buy","amount":1.0},{"trade_seq":5680,"trade_id":"248156195","timestamp":1679747602652,"tick_direction":3,"price":0.128,"mark_price":0.12789724,"iv":70.53,"instrument_name":"BTC-31MAR23-24000-C","index_price":27431.76,"direction":"sell","amount":1.3},{"trade_seq":5679,"trade_id":"248156182","timestamp":1679747602087,"tick_direction":3,"price":0.128,"mark_price":0.12790296,"iv":70.53,"instrument_name":"BTC-31MAR23-24000-C","index_price":27431.76,"direction":"sell","amount":0.2},{"trade_seq":5678,"trade_id":"248156181","timestamp":1679747602082,"tick_direction":3,"price":0.128,"mark_price":0.12790296,"iv":70.53,"instrument_name":"BTC-31MAR23-24000-C","index_price":27431.76,"direction":"sell","amount":1.2},{"trade_seq":5677,"trade_id":"248156177","timestamp":1679747602059,"tick_direction":3,"price":0.128,"mark_price":0.12790296,"iv":70.53,"instrument_name":"BTC-31MAR23-24000-C","index_price":27431.76,"direction":"sell","amount":0.1},{"trade_seq":5676,"trade_id":"248156165","timestamp":1679747601649,"tick_direction":3,"price":0.128,"mark_price":0.12790296,"iv":70.49,"instrument_name":"BTC-31MAR23-24000-C","index_price":27434.11,"direction":"sell","amount":1.1},{"trade_seq":5675,"trade_id":"248156136","timestamp":1679747579476,"tick_direction":2,"price":0.128,"mark_price":0.12806435,"iv":69.41,"instrument_name":"BTC-31MAR23-24000-C","index_price":27436.51,"direction":"sell","amount":3.1},{"trade_seq":5674,"trade_id":"248153523","timestamp":1679743487961,"tick_direction":0,"price":0.135,"mark_price":0.12978933,"iv":94.93,"instrument_name":"BTC-31MAR23-24000-C","index_price":27509.2,"direction":"sell","amount":1.0},{"trade_seq":5673,"trade_id":"248153467","timestamp":1679743445782,"tick_direction":2,"price":0.13,"mark_price":0.12947983,"iv":71.7,"instrument_name":"BTC-31MAR23-24000-C","index_price":27498.7,"direction":"sell","amount":1.0},{"trade_seq":5672,"trade_id":"247900369","timestamp":1679616864109,"tick_direction":2,"price":0.157,"mark_price":0.15762768,"iv":74.92,"instrument_name":"BTC-31MAR23-24000-C","index_price":28365.84,"direction":"buy","amount":0.1},{"trade_seq":5671,"trade_id":"247796355","timestamp":1679588353307,"tick_direction":2,"price":0.161,"mark_price":0.16089841,"iv":80.47,"instrument_name":"BTC-31MAR23-24000-C","index_price":28473.36,"direction":"sell","amount":0.1},{"trade_seq":5670,"trade_id":"247782327","timestamp":1679586075926,"tick_direction":1,"price":0.165,"mark_price":0.16428044,"iv":80.61,"instrument_name":"BTC-31MAR23-24000-C","index_price":28621.79,"direction":"sell","amount":12.8},{"trade_seq":5669,"trade_id":"247777581","timestamp":1679585658493,"tick_direction":0,"price":0.165,"mark_price":0.1651381,"iv":74.93,"instrument_name":"BTC-31MAR23-24000-C","index_price":28655.16,"direction":"sell","amount":2.2},{"trade_seq":5668,"trade_id":"247775525","timestamp":1679585421223,"tick_direction":2,"price":0.1626,"mark_price":0.16345508,"iv":67.43,"instrument_name":"BTC-31MAR23-24000-C","index_price":28605.06,"direction":"sell","block_trade_id":"69765","amount":25.0},{"trade_seq":5667,"trade_id":"247767650","timestamp":1679584702914,"tick_direction":2,"price":0.167,"mark_price":0.16588455,"iv":83.02,"instrument_name":"BTC-31MAR23-24000-C","index_price":28676.16,"direction":"buy","combo_id":"BTC-CS-31MAR23-24000_28000","block_trade_id":"69761","amount":12.5},{"trade_seq":5666,"trade_id":"247766475","timestamp":1679584672884,"tick_direction":0,"price":0.1685,"mark_price":0.16798001,"iv":79.63,"instrument_name":"BTC-31MAR23-24000-C","index_price":28754.82,"direction":"buy","combo_id":"BTC-CS-31MAR23-24000_28000","block_trade_id":"69760","amount":12.5},{"trade_seq":5665,"trade_id":"247737925","timestamp":1679583563391,"tick_direction":0,"price":0.14,"mark_price":0.13988464,"iv":69.58,"instrument_name":"BTC-31MAR23-24000-C","index_price":27795.87,"direction":"buy","amount":0.1},{"trade_seq":5664,"trade_id":"247736420","timestamp":1679583464578,"tick_direction":2,"price":0.138,"mark_price":0.13721895,"iv":72.68,"instrument_name":"BTC-31MAR23-24000-C","index_price":27712.14,"direction":"sell","amount":0.1},{"trade_seq":5663,"trade_id":"247735907","timestamp":1679583419921,"tick_direction":0,"price":0.139,"mark_price":0.13781814,"iv":74.39,"instrument_name":"BTC-31MAR23-24000-C","index_price":27736.34,"direction":"sell","amount":0.1},{"trade_seq":5662,"trade_id":"247733709","timestamp":1679583030269,"tick_direction":0,"price":0.1365,"mark_price":0.1353551,"iv":73.39,"instrument_name":"BTC-31MAR23-24000-C","index_price":27643.01,"direction":"sell","amount":0.1},{"trade_seq":5661,"trade_id":"247733564","timestamp":1679583020648,"tick_direction":0,"price":0.136,"mark_price":0.13580502,"iv":69.19,"instrument_name":"BTC-31MAR23-24000-C","index_price":27655.78,"direction":"sell","amount":0.1},{"trade_seq":5660,"trade_id":"247730207","timestamp":1679582692733,"tick_direction":0,"price":0.13,"mark_price":0.13024832,"iv":66.09,"instrument_name":"BTC-31MAR23-24000-C","index_price":27471.83,"direction":"buy","amount":0.1},{"trade_seq":5659,"trade_id":"247728313","timestamp":1679581629679,"tick_direction":0,"price":0.1295,"mark_price":0.12951914,"iv":67.51,"instrument_name":"BTC-31MAR23-24000-C","index_price":27437.01,"direction":"buy","amount":0.1},{"trade_seq":5658,"trade_id":"247728033","timestamp":1679581449474,"tick_direction":2,"price":0.1285,"mark_price":0.12858316,"iv":67.12,"instrument_name":"BTC-31MAR23-24000-C","index_price":27408.71,"direction":"sell","amount":0.1},{"trade_seq":5657,"trade_id":"247727394","timestamp":1679581168869,"tick_direction":0,"price":0.131,"mark_price":0.13009046,"iv":71.6,"instrument_name":"BTC-31MAR23-24000-C","index_price":27464.1,"direction":"sell","amount":0.1},{"trade_seq":5656,"trade_id":"247726211","timestamp":1679580718904,"tick_direction":0,"price":0.13,"mark_price":0.12992158,"iv":67.96,"instrument_name":"BTC-31MAR23-24000-C","index_price":27461.53,"direction":"buy","amount":0.1},{"trade_seq":5655,"trade_id":"247720975","timestamp":1679579431082,"tick_direction":0,"price":0.1295,"mark_price":0.12813009,"iv":73.64,"instrument_name":"BTC-31MAR23-24000-C","index_price":27398.03,"direction":"buy","amount":0.1},{"trade_seq":5654,"trade_id":"247720807","timestamp":1679579401690,"tick_direction":0,"price":0.129,"mark_price":0.12745339,"iv":74.11,"instrument_name":"BTC-31MAR23-24000-C","index_price":27377.92,"direction":"buy","amount":0.1},{"trade_seq":5653,"trade_id":"247720742","timestamp":1679579375096,"tick_direction":3,"price":0.1285,"mark_price":0.1273175,"iv":72.81,"instrument_name":"BTC-31MAR23-24000-C","index_price":27370.67,"direction":"sell","amount":0.1},{"trade_seq":5652,"trade_id":"247720025","timestamp":1679579214831,"tick_direction":3,"price":0.1285,"mark_price":0.12949464,"iv":63.25,"instrument_name":"BTC-31MAR23-24000-C","index_price":27451.45,"direction":"sell","amount":0.1},{"trade_seq":5651,"trade_id":"247719969","timestamp":1679579190324,"tick_direction":3,"price":0.1285,"mark_price":0.13021525,"iv":59.24,"instrument_name":"BTC-31MAR23-24000-C","index_price":27473.89,"direction":"sell","amount":0.1},{"trade_seq":5650,"trade_id":"247719913","timestamp":1679579164423,"tick_direction":2,"price":0.1285,"mark_price":0.12991756,"iv":60.6,"instrument_name":"BTC-31MAR23-24000-C","index_price":27463.55,"direction":"sell","amount":0.1},{"trade_seq":5649,"trade_id":"247716330","timestamp":1679578542345,"tick_direction":0,"price":0.132,"mark_price":0.13029147,"iv":75.53,"instrument_name":"BTC-31MAR23-24000-C","index_price":27487.65,"direction":"sell","amount":0.1},{"trade_seq":5648,"trade_id":"247715373","timestamp":1679578278067,"tick_direction":2,"price":0.129,"mark_price":0.13188243,"iv":49.05,"instrument_name":"BTC-31MAR23-24000-C","index_price":27535.58,"direction":"buy","amount":0.1},{"trade_seq":5647,"trade_id":"247708695","timestamp":1679577434665,"tick_direction":2,"price":0.1315,"mark_price":0.12963418,"iv":76.34,"instrument_name":"BTC-31MAR23-24000-C","index_price":27446.03,"direction":"sell","amount":0.1},{"trade_seq":5646,"trade_id":"247706271","timestamp":1679577235364,"tick_direction":2,"price":0.132,"mark_price":0.13178165,"iv":69.67,"instrument_name":"BTC-31MAR23-24000-C","index_price":27516.31,"direction":"sell","amount":0.1},{"trade_seq":5645,"trade_id":"247705843","timestamp":1679577071749,"tick_direction":2,"price":0.1325,"mark_price":0.13275193,"iv":67.22,"instrument_name":"BTC-31MAR23-24000-C","index_price":27551.41,"direction":"buy","amount":0.1},{"trade_seq":5644,"trade_id":"247705711","timestamp":1679577014036,"tick_direction":2,"price":0.133,"mark_price":0.13209235,"iv":72.43,"instrument_name":"BTC-31MAR23-24000-C","index_price":27531.98,"direction":"sell","amount":0.1},{"trade_seq":5643,"trade_id":"247703641","timestamp":1679576261400,"tick_direction":0,"price":0.134,"mark_price":0.13323933,"iv":71.44,"instrument_name":"BTC-31MAR23-24000-C","index_price":27573.27,"direction":"sell","amount":0.1},{"trade_seq":5642,"trade_id":"247703630","timestamp":1679576259100,"tick_direction":2,"price":0.1335,"mark_price":0.13331833,"iv":69.01,"instrument_name":"BTC-31MAR23-24000-C","index_price":27573.81,"direction":"sell","amount":0.1},{"trade_seq":5641,"trade_id":"247702823","timestamp":1679575964151,"tick_direction":0,"price":0.1355,"mark_price":0.13394722,"iv":75.17,"instrument_name":"BTC-31MAR23-24000-C","index_price":27596.99,"direction":"sell","amount":0.1},{"trade_seq":5640,"trade_id":"247702738","timestamp":1679575876325,"tick_direction":0,"price":0.135,"mark_price":0.13400306,"iv":72.94,"instrument_name":"BTC-31MAR23-24000-C","index_price":27599.38,"direction":"sell","amount":0.1},{"trade_seq":5639,"trade_id":"247702722","timestamp":1679575860283,"tick_direction":2,"price":0.1345,"mark_price":0.13378879,"iv":71.72,"instrument_name":"BTC-31MAR23-24000-C","index_price":27591.16,"direction":"sell","amount":0.1},{"trade_seq":5638,"trade_id":"247700948","timestamp":1679575188890,"tick_direction":2,"price":0.135,"mark_price":0.13496249,"iv":68.56,"instrument_name":"BTC-31MAR23-24000-C","index_price":27625.51,"direction":"sell","amount":0.1},{"trade_seq":5637,"trade_id":"247700241","timestamp":1679575049833,"tick_direction":2,"price":0.1355,"mark_price":0.13553238,"iv":68.3,"instrument_name":"BTC-31MAR23-24000-C","index_price":27650.08,"direction":"sell","amount":0.1},{"trade_seq":5636,"trade_id":"247700170","timestamp":1679575014698,"tick_direction":2,"price":0.136,"mark_price":0.13582249,"iv":69.36,"instrument_name":"BTC-31MAR23-24000-C","index_price":27660.76,"direction":"sell","amount":0.1},{"trade_seq":5635,"trade_id":"247699132","timestamp":1679574652132,"tick_direction":0,"price":0.137,"mark_price":0.13689231,"iv":69.27,"instrument_name":"BTC-31MAR23-24000-C","index_price":27701.72,"direction":"buy","amount":0.1},{"trade_seq":5634,"trade_id":"247696042","timestamp":1679573104743,"tick_direction":2,"price":0.135,"mark_price":0.13497445,"iv":68.12,"instrument_name":"BTC-31MAR23-24000-C","index_price":27636.02,"direction":"buy","amount":0.1},{"trade_seq":5633,"trade_id":"247695428","timestamp":1679572801181,"tick_direction":0,"price":0.1365,"mark_price":0.13583356,"iv":71.3,"instrument_name":"BTC-31MAR23-24000-C","index_price":27668.27,"direction":"sell","amount":0.1},{"trade_seq":5632,"trade_id":"247693829","timestamp":1679572382989,"tick_direction":1,"price":0.134,"mark_price":0.13405221,"iv":67.76,"instrument_name":"BTC-31MAR23-24000-C","index_price":27628.87,"direction":"buy","amount":5.3},{"trade_seq":5631,"trade_id":"247693828","timestamp":1679572382989,"tick_direction":0,"price":0.134,"mark_price":0.13405221,"iv":67.76,"instrument_name":"BTC-31MAR23-24000-C","index_price":27628.87,"direction":"buy","amount":0.1},{"trade_seq":5630,"trade_id":"247691851","timestamp":1679571673726,"tick_direction":3,"price":0.1335,"mark_price":0.1339518,"iv":66.89,"instrument_name":"BTC-31MAR23-24000-C","index_price":27585.25,"direction":"buy","amount":0.1},{"trade_seq":5629,"trade_id":"247691495","timestamp":1679571453766,"tick_direction":2,"price":0.1335,"mark_price":0.13363566,"iv":68.49,"instrument_name":"BTC-31MAR23-24000-C","index_price":27578.45,"direction":"sell","amount":0.1},{"trade_seq":5628,"trade_id":"247691215","timestamp":1679571384309,"tick_direction":0,"price":0.1345,"mark_price":0.13494403,"iv":66.94,"instrument_name":"BTC-31MAR23-24000-C","index_price":27628.6,"direction":"sell","amount":0.1},{"trade_seq":5627,"trade_id":"247690229","timestamp":1679570798898,"tick_direction":2,"price":0.134,"mark_price":0.13383792,"iv":69.79,"instrument_name":"BTC-31MAR23-24000-C","index_price":27591.83,"direction":"sell","amount":0.1},{"trade_seq":5626,"trade_id":"247688368","timestamp":1679570151346,"tick_direction":2,"price":0.1345,"mark_price":0.13457032,"iv":67.7,"instrument_name":"BTC-31MAR23-24000-C","index_price":27616.74,"direction":"buy","amount":0.1},{"trade_seq":5625,"trade_id":"247683822","timestamp":1679567719860,"tick_direction":0,"price":0.1385,"mark_price":0.13869437,"iv":67.92,"instrument_name":"BTC-31MAR23-24000-C","index_price":27742.1,"direction":"buy","amount":0.1},{"trade_seq":5624,"trade_id":"247682183","timestamp":1679566661824,"tick_direction":2,"price":0.138,"mark_price":0.13793886,"iv":69.32,"instrument_name":"BTC-31MAR23-24000-C","index_price":27717.14,"direction":"sell","amount":0.1},{"trade_seq":5623,"trade_id":"247681694","timestamp":1679566326327,"tick_direction":0,"price":0.1395,"mark_price":0.13919569,"iv":70.59,"instrument_name":"BTC-31MAR23-24000-C","index_price":27756.82,"direction":"sell","amount":0.1},{"trade_seq":5622,"trade_id":"247676490","timestamp":1679563228341,"tick_direction":0,"price":0.137,"mark_price":0.13700488,"iv":68.12,"instrument_name":"BTC-31MAR23-24000-C","index_price":27708.05,"direction":"buy","amount":1.0},{"trade_seq":5621,"trade_id":"247675682","timestamp":1679562791342,"tick_direction":2,"price":0.1365,"mark_price":0.1369025,"iv":66.06,"instrument_name":"BTC-31MAR23-24000-C","index_price":27705.93,"direction":"sell","amount":1.0},{"trade_seq":5620,"trade_id":"247410273","timestamp":1679508634133,"tick_direction":0,"price":0.165,"mark_price":0.16514932,"iv":82.04,"instrument_name":"BTC-31MAR23-24000-C","index_price":28579.32,"direction":"sell","amount":1.0},{"trade_seq":5619,"trade_id":"247324637","timestamp":1679491651266,"tick_direction":0,"price":0.16,"mark_price":0.15924437,"iv":79.55,"instrument_name":"BTC-31MAR23-24000-C","index_price":28389.23,"direction":"buy","amount":1.0},{"trade_seq":5618,"trade_id":"247086546","timestamp":1679391815210,"tick_direction":0,"price":0.1505,"mark_price":0.15029549,"iv":74.68,"instrument_name":"BTC-31MAR23-24000-C","index_price":28056.47,"direction":"buy","amount":1.0},{"trade_seq":5617,"trade_id":"247072543","timestamp":1679386215896,"tick_direction":2,"price":0.137,"mark_price":0.13723891,"iv":70.59,"instrument_name":"BTC-31MAR23-24000-C","index_price":27610.9,"direction":"sell","amount":0.1},{"trade_seq":5616,"trade_id":"247007128","timestamp":1679359631894,"tick_direction":0,"price":0.1485,"mark_price":0.1486085,"iv":72.72,"instrument_name":"BTC-31MAR23-24000-C","index_price":27960.89,"direction":"buy","amount":1.0},{"trade_seq":5615,"trade_id":"246953126","timestamp":1679340634305,"tick_direction":1,"price":0.1455,"mark_price":0.14558914,"iv":75.52,"instrument_name":"BTC-31MAR23-24000-C","index_price":27820.0,"direction":"buy","amount":0.2},{"trade_seq":5614,"trade_id":"246953125","timestamp":1679340634252,"tick_direction":0,"price":0.1455,"mark_price":0.14558914,"iv":75.52,"instrument_name":"BTC-31MAR23-24000-C","index_price":27820.0,"direction":"buy","amount":0.3},{"trade_seq":5613,"trade_id":"246951567","timestamp":1679340313912,"tick_direction":1,"price":0.145,"mark_price":0.14491197,"iv":75.17,"instrument_name":"BTC-31MAR23-24000-C","index_price":27796.47,"direction":"buy","amount":0.4},{"trade_seq":5612,"trade_id":"246951566","timestamp":1679340313857,"tick_direction":0,"price":0.145,"mark_price":0.14491197,"iv":75.17,"instrument_name":"BTC-31MAR23-24000-C","index_price":27796.47,"direction":"buy","amount":0.1},{"trade_seq":5611,"trade_id":"246951221","timestamp":1679340287049,"tick_direction":3,"price":0.1435,"mark_price":0.14380061,"iv":75.03,"instrument_name":"BTC-31MAR23-24000-C","index_price":27750.29,"direction":"buy","amount":0.3},{"trade_seq":5610,"trade_id":"246951218","timestamp":1679340287028,"tick_direction":3,"price":0.1435,"mark_price":0.14380061,"iv":75.03,"instrument_name":"BTC-31MAR23-24000-C","index_price":27750.29,"direction":"buy","amount":0.8},{"trade_seq":5609,"trade_id":"246951213","timestamp":1679340287019,"tick_direction":2,"price":0.1435,"mark_price":0.14380061,"iv":75.03,"instrument_name":"BTC-31MAR23-24000-C","index_price":27750.29,"direction":"buy","amount":0.1},{"trade_seq":5608,"trade_id":"246949934","timestamp":1679340196814,"tick_direction":1,"price":0.145,"mark_price":0.14515524,"iv":74.87,"instrument_name":"BTC-31MAR23-24000-C","index_price":27817.16,"direction":"buy","amount":0.3},{"trade_seq":5607,"trade_id":"246949924","timestamp":1679340196366,"tick_direction":1,"price":0.145,"mark_price":0.14515524,"iv":74.87,"instrument_name":"BTC-31MAR23-24000-C","index_price":27817.16,"direction":"buy","amount":0.7},{"trade_seq":5606,"trade_id":"246949899","timestamp":1679340196351,"tick_direction":1,"price":0.145,"mark_price":0.14515524,"iv":74.87,"instrument_name":"BTC-31MAR23-24000-C","index_price":27817.16,"direction":"buy","amount":0.3},{"trade_seq":5605,"trade_id":"246949876","timestamp":1679340195984,"tick_direction":0,"price":0.145,"mark_price":0.14512844,"iv":75.2,"instrument_name":"BTC-31MAR23-24000-C","index_price":27813.92,"direction":"buy","amount":0.2},{"trade_seq":5604,"trade_id":"246949789","timestamp":1679340193719,"tick_direction":2,"price":0.1445,"mark_price":0.14499184,"iv":74.29,"instrument_name":"BTC-31MAR23-24000-C","index_price":27807.43,"direction":"buy","amount":0.1},{"trade_seq":5603,"trade_id":"246949007","timestamp":1679340108560,"tick_direction":2,"price":0.147,"mark_price":0.14732834,"iv":75.28,"instrument_name":"BTC-31MAR23-24000-C","index_price":27882.29,"direction":"sell","amount":15.0},{"trade_seq":5602,"trade_id":"246948677","timestamp":1679340055476,"tick_direction":1,"price":0.1475,"mark_price":0.14792275,"iv":75.02,"instrument_name":"BTC-31MAR23-24000-C","index_price":27904.66,"direction":"buy","amount":0.3},{"trade_seq":5601,"trade_id":"246948638","timestamp":1679340039397,"tick_direction":1,"price":0.1475,"mark_price":0.14803508,"iv":75.04,"instrument_name":"BTC-31MAR23-24000-C","index_price":27902.44,"direction":"buy","amount":0.5},{"trade_seq":5600,"trade_id":"246948617","timestamp":1679340034364,"tick_direction":1,"price":0.1475,"mark_price":0.14793592,"iv":75.01,"instrument_name":"BTC-31MAR23-24000-C","index_price":27903.59,"direction":"buy","amount":0.2},{"trade_seq":5599,"trade_id":"246948612","timestamp":1679340032627,"tick_direction":0,"price":0.1475,"mark_price":0.14791776,"iv":75.16,"instrument_name":"BTC-31MAR23-24000-C","index_price":27899.99,"direction":"buy","amount":1.5},{"trade_seq":5598,"trade_id":"246948374","timestamp":1679340003513,"tick_direction":3,"price":0.147,"mark_price":0.14745429,"iv":75.28,"instrument_name":"BTC-31MAR23-24000-C","index_price":27881.09,"direction":"buy","amount":1.6},{"trade_seq":5597,"trade_id":"246948339","timestamp":1679339997729,"tick_direction":2,"price":0.147,"mark_price":0.14743838,"iv":75.02,"instrument_name":"BTC-31MAR23-24000-C","index_price":27883.9,"direction":"buy","amount":1.3},{"trade_seq":5596,"trade_id":"246947293","timestamp":1679339826485,"tick_direction":3,"price":0.1485,"mark_price":0.14904599,"iv":75.1,"instrument_name":"BTC-31MAR23-24000-C","index_price":27932.77,"direction":"buy","amount":14.6},{"trade_seq":5595,"trade_id":"246947277","timestamp":1679339826435,"tick_direction":2,"price":0.1485,"mark_price":0.14904599,"iv":75.1,"instrument_name":"BTC-31MAR23-24000-C","index_price":27932.77,"direction":"buy","amount":13.0},{"trade_seq":5594,"trade_id":"246946825","timestamp":1679339720419,"tick_direction":3,"price":0.1495,"mark_price":0.14993859,"iv":75.79,"instrument_name":"BTC-31MAR23-24000-C","index_price":27955.02,"direction":"buy","amount":2.0},{"trade_seq":5593,"trade_id":"246946819","timestamp":1679339717629,"tick_direction":3,"price":0.1495,"mark_price":0.14990874,"iv":75.71,"instrument_name":"BTC-31MAR23-24000-C","index_price":27957.12,"direction":"buy","amount":1.4},{"trade_seq":5592,"trade_id":"246946806","timestamp":1679339693407,"tick_direction":3,"price":0.1495,"mark_price":0.14999787,"iv":75.18,"instrument_name":"BTC-31MAR23-24000-C","index_price":27960.93,"direction":"buy","amount":1.2},{"trade_seq":5591,"trade_id":"246946798","timestamp":1679339687120,"tick_direction":2,"price":0.1495,"mark_price":0.1501739,"iv":75.21,"instrument_name":"BTC-31MAR23-24000-C","index_price":27960.2,"direction":"buy","amount":0.2},{"trade_seq":5590,"trade_id":"246945842","timestamp":1679339426572,"tick_direction":0,"price":0.15,"mark_price":0.15064681,"iv":75.09,"instrument_name":"BTC-31MAR23-24000-C","index_price":27978.26,"direction":"buy","amount":0.6},{"trade_seq":5589,"trade_id":"246887008","timestamp":1679326991073,"tick_direction":2,"price":0.1492,"mark_price":0.15037437,"iv":72.79,"instrument_name":"BTC-31MAR23-24000-C","index_price":27983.98,"direction":"sell","combo_id":"BTC-RRITM-31MAR23-24000_26000","block_trade_id":"69249","amount":25.0},{"trade_seq":5588,"trade_id":"246883047","timestamp":1679325755317,"tick_direction":0,"price":0.152,"mark_price":0.15183385,"iv":77.74,"instrument_name":"BTC-31MAR23-24000-C","index_price":28036.48,"direction":"sell","amount":0.8},{"trade_seq":5587,"trade_id":"246856533","timestamp":1679319374164,"tick_direction":2,"price":0.15,"mark_price":0.15079049,"iv":79.75,"instrument_name":"BTC-31MAR23-24000-C","index_price":27940.57,"direction":"sell","amount":0.2},{"trade_seq":5586,"trade_id":"246825294","timestamp":1679305575912,"tick_direction":0,"price":0.1585,"mark_price":0.15848247,"iv":82.84,"instrument_name":"BTC-31MAR23-24000-C","index_price":28225.25,"direction":"buy","amount":1.0},{"trade_seq":5585,"trade_id":"246824433","timestamp":1679305275499,"tick_direction":2,"price":0.1515,"mark_price":0.15758891,"iv":59.81,"instrument_name":"BTC-31MAR23-24000-C","index_price":28190.05,"direction":"sell","amount":0.1},{"trade_seq":5584,"trade_id":"246810411","timestamp":1679302887316,"tick_direction":0,"price":0.162,"mark_price":0.16226338,"iv":81.33,"instrument_name":"BTC-31MAR23-24000-C","index_price":28366.22,"direction":"buy","amount":1.1},{"trade_seq":5583,"trade_id":"246777256","timestamp":1679298016086,"tick_direction":0,"price":0.1527,"mark_price":0.1517111,"iv":80.06,"instrument_name":"BTC-31MAR23-24000-C","index_price":28036.55,"direction":"buy","combo_id":"BTC-REV-31MAR23-24000","block_trade_id":"69138","amount":25.0},{"trade_seq":5582,"trade_id":"246776531","timestamp":1679297884644,"tick_direction":2,"price":0.152,"mark_price":0.15181393,"iv":77.1,"instrument_name":"BTC-31MAR23-24000-C","index_price":28040.63,"direction":"buy","amount":1.0},{"trade_seq":5581,"trade_id":"246678081","timestamp":1679271516159,"tick_direction":2,"price":0.1545,"mark_price":0.15480931,"iv":78.44,"instrument_name":"BTC-31MAR23-24000-C","index_price":28081.45,"direction":"buy","amount":1.0},{"trade_seq":5580,"trade_id":"246646391","timestamp":1679262471147,"tick_direction":1,"price":0.157,"mark_price":0.15682769,"iv":80.4,"instrument_name":"BTC-31MAR23-24000-C","index_price":28126.46,"direction":"sell","amount":0.2},{"trade_seq":5579,"trade_id":"246589716","timestamp":1679250985369,"tick_direction":0,"price":0.157,"mark_price":0.15691232,"iv":80.74,"instrument_name":"BTC-31MAR23-24000-C","index_price":28129.58,"direction":"buy","amount":0.3},{"trade_seq":5578,"trade_id":"246553097","timestamp":1679243905030,"tick_direction":0,"price":0.1535,"mark_price":0.15285066,"iv":78.89,"instrument_name":"BTC-31MAR23-24000-C","index_price":28015.23,"direction":"buy","amount":0.3},{"trade_seq":5577,"trade_id":"246329265","timestamp":1679148026746,"tick_direction":2,"price":0.138,"mark_price":0.13807767,"iv":70.6,"instrument_name":"BTC-31MAR23-24000-C","index_price":27505.11,"direction":"sell","amount":1.0},{"trade_seq":5576,"trade_id":"246308634","timestamp":1679134808512,"tick_direction":1,"price":0.139,"mark_price":0.13890029,"iv":70.49,"instrument_name":"BTC-31MAR23-24000-C","index_price":27533.03,"direction":"buy","amount":0.9},{"trade_seq":5575,"trade_id":"246308633","timestamp":1679134808509,"tick_direction":0,"price":0.139,"mark_price":0.13890029,"iv":70.49,"instrument_name":"BTC-31MAR23-24000-C","index_price":27533.03,"direction":"buy","amount":0.1},{"trade_seq":5574,"trade_id":"246308545","timestamp":1679134791051,"tick_direction":1,"price":0.1385,"mark_price":0.13855764,"iv":70.19,"instrument_name":"BTC-31MAR23-24000-C","index_price":27506.34,"direction":"buy","amount":1.0},{"trade_seq":5573,"trade_id":"246278771","timestamp":1679125353779,"tick_direction":0,"price":0.1385,"mark_price":0.13838816,"iv":70.47,"instrument_name":"BTC-31MAR23-24000-C","index_price":27511.66,"direction":"buy","amount":1.0},{"trade_seq":5572,"trade_id":"246278566","timestamp":1679125348860,"tick_direction":3,"price":0.138,"mark_price":0.13838936,"iv":69.93,"instrument_name":"BTC-31MAR23-24000-C","index_price":27501.35,"direction":"buy","amount":1.0},{"trade_seq":5571,"trade_id":"246274727","timestamp":1679124656078,"tick_direction":2,"price":0.138,"mark_price":0.13830501,"iv":69.94,"instrument_name":"BTC-31MAR23-24000-C","index_price":27482.78,"direction":"sell","amount":1.0},{"trade_seq":5570,"trade_id":"246272417","timestamp":1679123458236,"tick_direction":3,"price":0.139,"mark_price":0.13946917,"iv":70.31,"instrument_name":"BTC-31MAR23-24000-C","index_price":27509.8,"direction":"sell","amount":0.1},{"trade_seq":5569,"trade_id":"246272416","timestamp":1679123458231,"tick_direction":2,"price":0.139,"mark_price":0.13946917,"iv":70.31,"instrument_name":"BTC-31MAR23-24000-C","index_price":27509.8,"direction":"sell","amount":0.9},{"trade_seq":5568,"trade_id":"246270126","timestamp":1679121211584,"tick_direction":0,"price":0.14,"mark_price":0.14027597,"iv":68.87,"instrument_name":"BTC-31MAR23-24000-C","index_price":27572.24,"direction":"buy","amount":0.1},{"trade_seq":5567,"trade_id":"246253996","timestamp":1679112941724,"tick_direction":0,"price":0.1335,"mark_price":0.13310845,"iv":69.67,"instrument_name":"BTC-31MAR23-24000-C","index_price":27309.58,"direction":"sell","amount":0.1},{"trade_seq":5566,"trade_id":"246253843","timestamp":1679112864061,"tick_direction":2,"price":0.132,"mark_price":0.13268327,"iv":67.2,"instrument_name":"BTC-31MAR23-24000-C","index_price":27289.87,"direction":"buy","amount":0.4},{"trade_seq":5565,"trade_id":"246207270","timestamp":1679100312254,"tick_direction":2,"price":0.138,"mark_price":0.13781777,"iv":69.35,"instrument_name":"BTC-31MAR23-24000-C","index_price":27487.26,"direction":"buy","amount":0.1},{"trade_seq":5564,"trade_id":"246178390","timestamp":1679095406287,"tick_direction":0,"price":0.14,"mark_price":0.14122637,"iv":71.09,"instrument_name":"BTC-31MAR23-24000-C","index_price":27500.29,"direction":"sell","amount":1.0},{"trade_seq":5563,"trade_id":"246077005","timestamp":1679079972415,"tick_direction":0,"price":0.12,"mark_price":0.1192822,"iv":67.94,"instrument_name":"BTC-31MAR23-24000-C","index_price":26802.61,"direction":"buy","amount":3.6},{"trade_seq":5562,"trade_id":"246072295","timestamp":1679078924835,"tick_direction":1,"price":0.113,"mark_price":0.11272113,"iv":66.77,"instrument_name":"BTC-31MAR23-24000-C","index_price":26580.15,"direction":"buy","amount":1.5},{"trade_seq":5561,"trade_id":"246072283","timestamp":1679078924201,"tick_direction":1,"price":0.113,"mark_price":0.11271795,"iv":66.77,"instrument_name":"BTC-31MAR23-24000-C","index_price":26580.15,"direction":"buy","amount":0.5},{"trade_seq":5560,"trade_id":"246072281","timestamp":1679078924181,"tick_direction":1,"price":0.113,"mark_price":0.11271795,"iv":66.77,"instrument_name":"BTC-31MAR23-24000-C","index_price":26580.15,"direction":"buy","amount":0.1},{"trade_seq":5559,"trade_id":"246072280","timestamp":1679078924174,"tick_direction":0,"price":0.113,"mark_price":0.11271795,"iv":66.77,"instrument_name":"BTC-31MAR23-24000-C","index_price":26580.15,"direction":"buy","amount":0.9},{"trade_seq":5558,"trade_id":"246031670","timestamp":1679067625307,"tick_direction":2,"price":0.1065,"mark_price":0.10654843,"iv":64.54,"instrument_name":"BTC-31MAR23-24000-C","index_price":26383.4,"direction":"buy","amount":0.7},{"trade_seq":5557,"trade_id":"246025896","timestamp":1679066248928,"tick_direction":0,"price":0.1105,"mark_price":0.11040488,"iv":64.66,"instrument_name":"BTC-31MAR23-24000-C","index_price":26534.41,"direction":"buy","amount":0.1},{"trade_seq":5556,"trade_id":"246012387","timestamp":1679064060585,"tick_direction":2,"price":0.105,"mark_price":0.10626616,"iv":66.16,"instrument_name":"BTC-31MAR23-24000-C","index_price":26298.86,"direction":"buy","amount":0.2},{"trade_seq":5555,"trade_id":"245983508","timestamp":1679058236192,"tick_direction":0,"price":0.121,"mark_price":0.12080189,"iv":70.64,"instrument_name":"BTC-31MAR23-24000-C","index_price":26810.54,"direction":"buy","amount":1.0},{"trade_seq":5554,"trade_id":"245983094","timestamp":1679058195304,"tick_direction":0,"price":0.12,"mark_price":0.11981049,"iv":70.41,"instrument_name":"BTC-31MAR23-24000-C","index_price":26774.55,"direction":"buy","amount":1.0},{"trade_seq":5553,"trade_id":"245981372","timestamp":1679057648758,"tick_direction":0,"price":0.1195,"mark_price":0.11952596,"iv":70.17,"instrument_name":"BTC-31MAR23-24000-C","index_price":26759.49,"direction":"buy","amount":1.0},{"trade_seq":5552,"trade_id":"245966095","timestamp":1679055251390,"tick_direction":0,"price":0.119,"mark_price":0.11944103,"iv":70.02,"instrument_name":"BTC-31MAR23-24000-C","index_price":26774.78,"direction":"buy","amount":1.0},{"trade_seq":5551,"trade_id":"245839332","timestamp":1679035186134,"tick_direction":0,"price":0.098,"mark_price":0.0976473,"iv":64.34,"instrument_name":"BTC-31MAR23-24000-C","index_price":26073.46,"direction":"sell","amount":0.4},{"trade_seq":5550,"trade_id":"245815542","timestamp":1679027361677,"tick_direction":3,"price":0.091,"mark_price":0.09205035,"iv":59.97,"instrument_name":"BTC-31MAR23-24000-C","index_price":25881.15,"direction":"sell","amount":0.2},{"trade_seq":5549,"trade_id":"245815541","timestamp":1679027361673,"tick_direction":3,"price":0.091,"mark_price":0.09205035,"iv":59.97,"instrument_name":"BTC-31MAR23-24000-C","index_price":25881.15,"direction":"sell","amount":1.5},{"trade_seq":5548,"trade_id":"245815530","timestamp":1679027361479,"tick_direction":2,"price":0.091,"mark_price":0.09205035,"iv":59.97,"instrument_name":"BTC-31MAR23-24000-C","index_price":25881.15,"direction":"sell","amount":1.3},{"trade_seq":5547,"trade_id":"245795747","timestamp":1679020073724,"tick_direction":1,"price":0.093,"mark_price":0.09388126,"iv":61.01,"instrument_name":"BTC-31MAR23-24000-C","index_price":25944.75,"direction":"buy","amount":0.4},{"trade_seq":5546,"trade_id":"245790957","timestamp":1679019350797,"tick_direction":1,"price":0.093,"mark_price":0.09277067,"iv":62.14,"instrument_name":"BTC-31MAR23-24000-C","index_price":25927.76,"direction":"buy","amount":1.9},{"trade_seq":5545,"trade_id":"245790949","timestamp":1679019350451,"tick_direction":1,"price":0.093,"mark_price":0.09277067,"iv":62.13,"instrument_name":"BTC-31MAR23-24000-C","index_price":25918.5,"direction":"buy","amount":0.2},{"trade_seq":5544,"trade_id":"245790948","timestamp":1679019350444,"tick_direction":1,"price":0.093,"mark_price":0.09277067,"iv":62.13,"instrument_name":"BTC-31MAR23-24000-C","index_price":25918.5,"direction":"buy","amount":0.1},{"trade_seq":5543,"trade_id":"245790947","timestamp":1679019350428,"tick_direction":1,"price":0.093,"mark_price":0.09277067,"iv":62.13,"instrument_name":"BTC-31MAR23-24000-C","index_price":25918.5,"direction":"buy","amount":2.1},{"trade_seq":5542,"trade_id":"245790928","timestamp":1679019349090,"tick_direction":1,"price":0.093,"mark_price":0.09258385,"iv":62.17,"instrument_name":"BTC-31MAR23-24000-C","index_price":25918.89,"direction":"buy","amount":5.8},{"trade_seq":5541,"trade_id":"245790921","timestamp":1679019347133,"tick_direction":1,"price":0.093,"mark_price":0.09240347,"iv":62.43,"instrument_name":"BTC-31MAR23-24000-C","index_price":25911.91,"direction":"buy","amount":1.1},{"trade_seq":5540,"trade_id":"245790920","timestamp":1679019347071,"tick_direction":1,"price":0.093,"mark_price":0.09240347,"iv":62.43,"instrument_name":"BTC-31MAR23-24000-C","index_price":25911.91,"direction":"buy","amount":0.1},{"trade_seq":5539,"trade_id":"245790919","timestamp":1679019347068,"tick_direction":1,"price":0.093,"mark_price":0.09240347,"iv":62.43,"instrument_name":"BTC-31MAR23-24000-C","index_price":25911.91,"direction":"buy","amount":1.0},{"trade_seq":5538,"trade_id":"245789606","timestamp":1679019266877,"tick_direction":1,"price":0.093,"mark_price":0.09277074,"iv":61.67,"instrument_name":"BTC-31MAR23-24000-C","index_price":25923.36,"direction":"buy","amount":0.8},{"trade_seq":5537,"trade_id":"245789576","timestamp":1679019262760,"tick_direction":0,"price":0.093,"mark_price":0.09268279,"iv":61.8,"instrument_name":"BTC-31MAR23-24000-C","index_price":25922.31,"direction":"buy","amount":0.9},{"trade_seq":5536,"trade_id":"245780284","timestamp":1679018808465,"tick_direction":0,"price":0.09,"mark_price":0.08927678,"iv":61.37,"instrument_name":"BTC-31MAR23-24000-C","index_price":25813.99,"direction":"buy","amount":1.0},{"trade_seq":5535,"trade_id":"245772120","timestamp":1679018012291,"tick_direction":0,"price":0.0875,"mark_price":0.08578802,"iv":62.03,"instrument_name":"BTC-31MAR23-24000-C","index_price":25714.19,"direction":"buy","amount":1.0},{"trade_seq":5534,"trade_id":"245757566","timestamp":1679016605012,"tick_direction":2,"price":0.0775,"mark_price":0.07803683,"iv":57.88,"instrument_name":"BTC-31MAR23-24000-C","index_price":25417.46,"direction":"buy","amount":0.1},{"trade_seq":5533,"trade_id":"245757489","timestamp":1679016601354,"tick_direction":1,"price":0.078,"mark_price":0.07823872,"iv":58.33,"instrument_name":"BTC-31MAR23-24000-C","index_price":25430.33,"direction":"buy","amount":0.1},{"trade_seq":5532,"trade_id":"245757349","timestamp":1679016591923,"tick_direction":0,"price":0.078,"mark_price":0.07839782,"iv":58.06,"instrument_name":"BTC-31MAR23-24000-C","index_price":25434.44,"direction":"buy","amount":0.1},{"trade_seq":5531,"trade_id":"245757241","timestamp":1679016587266,"tick_direction":0,"price":0.0775,"mark_price":0.07792349,"iv":57.64,"instrument_name":"BTC-31MAR23-24000-C","index_price":25425.46,"direction":"buy","amount":0.1},{"trade_seq":5530,"trade_id":"245744369","timestamp":1679009744996,"tick_direction":0,"price":0.07,"mark_price":0.06979989,"iv":59.68,"instrument_name":"BTC-31MAR23-24000-C","index_price":25052.34,"direction":"sell","amount":0.2},{"trade_seq":5529,"trade_id":"245744121","timestamp":1679009659992,"tick_direction":1,"price":0.0695,"mark_price":0.06992166,"iv":58.74,"instrument_name":"BTC-31MAR23-24000-C","index_price":25066.21,"direction":"buy","amount":0.2},{"trade_seq":5528,"trade_id":"245744118","timestamp":1679009659962,"tick_direction":0,"price":0.0695,"mark_price":0.06992166,"iv":58.74,"instrument_name":"BTC-31MAR23-24000-C","index_price":25066.21,"direction":"buy","amount":0.8},{"trade_seq":5527,"trade_id":"245743922","timestamp":1679009540082,"tick_direction":1,"price":0.069,"mark_price":0.06905577,"iv":59.21,"instrument_name":"BTC-31MAR23-24000-C","index_price":25039.1,"direction":"buy","amount":0.1},{"trade_seq":5526,"trade_id":"245743920","timestamp":1679009539656,"tick_direction":0,"price":0.069,"mark_price":0.06907622,"iv":59.21,"instrument_name":"BTC-31MAR23-24000-C","index_price":25039.1,"direction":"buy","amount":0.9},{"trade_seq":5525,"trade_id":"245740963","timestamp":1679007420795,"tick_direction":1,"price":0.0685,"mark_price":0.06868676,"iv":58.93,"instrument_name":"BTC-31MAR23-24000-C","index_price":25015.29,"direction":"buy","amount":0.1},{"trade_seq":5524,"trade_id":"245740960","timestamp":1679007419680,"tick_direction":1,"price":0.0685,"mark_price":0.06869009,"iv":58.95,"instrument_name":"BTC-31MAR23-24000-C","index_price":25014.54,"direction":"buy","amount":0.1},{"trade_seq":5523,"trade_id":"245740959","timestamp":1679007418418,"tick_direction":1,"price":0.0685,"mark_price":0.06868871,"iv":58.95,"instrument_name":"BTC-31MAR23-24000-C","index_price":25014.75,"direction":"buy","amount":0.1},{"trade_seq":5522,"trade_id":"245740958","timestamp":1679007416974,"tick_direction":0,"price":0.0685,"mark_price":0.06866758,"iv":58.98,"instrument_name":"BTC-31MAR23-24000-C","index_price":25014.39,"direction":"buy","amount":0.1},{"trade_seq":5521,"trade_id":"245724022","timestamp":1678999675812,"tick_direction":2,"price":0.067,"mark_price":0.06774384,"iv":59.21,"instrument_name":"BTC-31MAR23-24000-C","index_price":24915.63,"direction":"sell","amount":1.6},{"trade_seq":5520,"trade_id":"245719197","timestamp":1678996274280,"tick_direction":0,"price":0.07,"mark_price":0.06983248,"iv":60.3,"instrument_name":"BTC-31MAR23-24000-C","index_price":25026.23,"direction":"buy","amount":0.1},{"trade_seq":5519,"trade_id":"245648162","timestamp":1678971312294,"tick_direction":0,"price":0.065,"mark_price":0.06624834,"iv":61.05,"instrument_name":"BTC-31MAR23-24000-C","index_price":24777.12,"direction":"sell","amount":0.9},{"trade_seq":5518,"trade_id":"245598502","timestamp":1678958177483,"tick_direction":2,"price":0.0575,"mark_price":0.05774291,"iv":58.17,"instrument_name":"BTC-31MAR23-24000-C","index_price":24531.15,"direction":"buy","amount":1.0},{"trade_seq":5517,"trade_id":"245597618","timestamp":1678957870846,"tick_direction":0,"price":0.058,"mark_price":0.05762607,"iv":58.19,"instrument_name":"BTC-31MAR23-24000-C","index_price":24560.5,"direction":"buy","amount":0.1},{"trade_seq":5516,"trade_id":"245575259","timestamp":1678950020110,"tick_direction":1,"price":0.0575,"mark_price":0.05754219,"iv":55.11,"instrument_name":"BTC-31MAR23-24000-C","index_price":24627.2,"direction":"sell","amount":0.1},{"trade_seq":5515,"trade_id":"245575258","timestamp":1678950020104,"tick_direction":0,"price":0.0575,"mark_price":0.05754219,"iv":55.11,"instrument_name":"BTC-31MAR23-24000-C","index_price":24627.2,"direction":"sell","amount":0.1},{"trade_seq":5514,"trade_id":"245561810","timestamp":1678940809584,"tick_direction":0,"price":0.0515,"mark_price":0.0509988,"iv":54.02,"instrument_name":"BTC-31MAR23-24000-C","index_price":24389.66,"direction":"buy","amount":2.0},{"trade_seq":5513,"trade_id":"245557629","timestamp":1678937296903,"tick_direction":2,"price":0.049,"mark_price":0.04905166,"iv":51.9,"instrument_name":"BTC-31MAR23-24000-C","index_price":24346.25,"direction":"sell","amount":0.1},{"trade_seq":5512,"trade_id":"245530470","timestamp":1678923772445,"tick_direction":3,"price":0.059,"mark_price":0.05987088,"iv":62.59,"instrument_name":"BTC-31MAR23-24000-C","index_price":24393.13,"direction":"buy","amount":1.8},{"trade_seq":5511,"trade_id":"245530468","timestamp":1678923772444,"tick_direction":2,"price":0.059,"mark_price":0.05987088,"iv":62.59,"instrument_name":"BTC-31MAR23-24000-C","index_price":24393.13,"direction":"buy","amount":1.0},{"trade_seq":5510,"trade_id":"245527207","timestamp":1678922126825,"tick_direction":2,"price":0.06,"mark_price":0.06071955,"iv":63.01,"instrument_name":"BTC-31MAR23-24000-C","index_price":24426.84,"direction":"buy","amount":2.0},{"trade_seq":5509,"trade_id":"245512338","timestamp":1678915795400,"tick_direction":2,"price":0.061,"mark_price":0.06026852,"iv":64.91,"instrument_name":"BTC-31MAR23-24000-C","index_price":24408.55,"direction":"sell","amount":2.0},{"trade_seq":5508,"trade_id":"245503790","timestamp":1678910444887,"tick_direction":0,"price":0.062,"mark_price":0.06036864,"iv":65.83,"instrument_name":"BTC-31MAR23-24000-C","index_price":24403.68,"direction":"buy","amount":0.1},{"trade_seq":5507,"trade_id":"245474618","timestamp":1678902920573,"tick_direction":1,"price":0.058,"mark_price":0.05815897,"iv":63.03,"instrument_name":"BTC-31MAR23-24000-C","index_price":24305.95,"direction":"sell","amount":1.0},{"trade_seq":5506,"trade_id":"245474308","timestamp":1678902782958,"tick_direction":1,"price":0.058,"mark_price":0.05793411,"iv":63.44,"instrument_name":"BTC-31MAR23-24000-C","index_price":24294.65,"direction":"sell","amount":1.0},{"trade_seq":5505,"trade_id":"245474143","timestamp":1678902729090,"tick_direction":1,"price":0.058,"mark_price":0.05796647,"iv":63.26,"instrument_name":"BTC-31MAR23-24000-C","index_price":24303.9,"direction":"sell","amount":1.0},{"trade_seq":5504,"trade_id":"245473851","timestamp":1678902662476,"tick_direction":0,"price":0.058,"mark_price":0.05762571,"iv":63.66,"instrument_name":"BTC-31MAR23-24000-C","index_price":24288.39,"direction":"sell","amount":1.0},{"trade_seq":5503,"trade_id":"245473179","timestamp":1678902487640,"tick_direction":1,"price":0.057,"mark_price":0.05704709,"iv":63.22,"instrument_name":"BTC-31MAR23-24000-C","index_price":24249.81,"direction":"sell","amount":0.5},{"trade_seq":5502,"trade_id":"245473175","timestamp":1678902485666,"tick_direction":0,"price":0.057,"mark_price":0.0571477,"iv":63.16,"instrument_name":"BTC-31MAR23-24000-C","index_price":24253.6,"direction":"sell","amount":0.5},{"trade_seq":5501,"trade_id":"245472874","timestamp":1678902401704,"tick_direction":3,"price":0.056,"mark_price":0.05591217,"iv":63.32,"instrument_name":"BTC-31MAR23-24000-C","index_price":24196.07,"direction":"sell","amount":0.9},{"trade_seq":5500,"trade_id":"245472795","timestamp":1678902386974,"tick_direction":2,"price":0.056,"mark_price":0.05593546,"iv":63.26,"instrument_name":"BTC-31MAR23-24000-C","index_price":24194.12,"direction":"sell","amount":0.1},{"trade_seq":5499,"trade_id":"245472264","timestamp":1678902301883,"tick_direction":3,"price":0.057,"mark_price":0.0568494,"iv":63.81,"instrument_name":"BTC-31MAR23-24000-C","index_price":24226.05,"direction":"sell","amount":1.0},{"trade_seq":5498,"trade_id":"245472109","timestamp":1678902280301,"tick_direction":3,"price":0.057,"mark_price":0.05686205,"iv":63.29,"instrument_name":"BTC-31MAR23-24000-C","index_price":24242.34,"direction":"sell","amount":1.0},{"trade_seq":5497,"trade_id":"245471781","timestamp":1678902194646,"tick_direction":3,"price":0.057,"mark_price":0.05669637,"iv":63.36,"instrument_name":"BTC-31MAR23-24000-C","index_price":24239.69,"direction":"sell","amount":1.0},{"trade_seq":5496,"trade_id":"245471448","timestamp":1678902144709,"tick_direction":2,"price":0.057,"mark_price":0.05713687,"iv":63.18,"instrument_name":"BTC-31MAR23-24000-C","index_price":24261.03,"direction":"sell","amount":1.0},{"trade_seq":5495,"trade_id":"245468781","timestamp":1678901631721,"tick_direction":0,"price":0.059,"mark_price":0.05888788,"iv":63.61,"instrument_name":"BTC-31MAR23-24000-C","index_price":24338.79,"direction":"buy","amount":5.0},{"trade_seq":5494,"trade_id":"245465411","timestamp":1678900870848,"tick_direction":1,"price":0.058,"mark_price":0.05818377,"iv":63.25,"instrument_name":"BTC-31MAR23-24000-C","index_price":24302.93,"direction":"buy","amount":1.7},{"trade_seq":5493,"trade_id":"245465410","timestamp":1678900870846,"tick_direction":0,"price":0.058,"mark_price":0.05818377,"iv":63.25,"instrument_name":"BTC-31MAR23-24000-C","index_price":24302.93,"direction":"sell","amount":1.0},{"trade_seq":5492,"trade_id":"245465240","timestamp":1678900844317,"tick_direction":3,"price":0.0575,"mark_price":0.05823146,"iv":62.82,"instrument_name":"BTC-31MAR23-24000-C","index_price":24293.39,"direction":"buy","amount":0.3},{"trade_seq":5491,"trade_id":"245465239","timestamp":1678900844310,"tick_direction":2,"price":0.0575,"mark_price":0.05823146,"iv":62.82,"instrument_name":"BTC-31MAR23-24000-C","index_price":24293.39,"direction":"buy","amount":12.0},{"trade_seq":5490,"trade_id":"245465238","timestamp":1678900844308,"tick_direction":0,"price":0.0585,"mark_price":0.05823146,"iv":64.05,"instrument_name":"BTC-31MAR23-24000-C","index_price":24293.39,"direction":"sell","amount":5.0},{"trade_seq":5489,"trade_id":"245465161","timestamp":1678900832420,"tick_direction":0,"price":0.058,"mark_price":0.05821265,"iv":63.53,"instrument_name":"BTC-31MAR23-24000-C","index_price":24284.17,"direction":"sell","amount":1.0},{"trade_seq":5488,"trade_id":"245459954","timestamp":1678900178821,"tick_direction":3,"price":0.056,"mark_price":0.05609909,"iv":63.43,"instrument_name":"BTC-31MAR23-24000-C","index_price":24166.74,"direction":"sell","amount":1.0},{"trade_seq":5487,"trade_id":"245459144","timestamp":1678900088903,"tick_direction":2,"price":0.056,"mark_price":0.05587231,"iv":63.74,"instrument_name":"BTC-31MAR23-24000-C","index_price":24165.26,"direction":"sell","amount":1.0},{"trade_seq":5486,"trade_id":"245458493","timestamp":1678900021713,"tick_direction":0,"price":0.057,"mark_price":0.05665609,"iv":63.75,"instrument_name":"BTC-31MAR23-24000-C","index_price":24209.62,"direction":"sell","amount":1.0},{"trade_seq":5485,"trade_id":"245454838","timestamp":1678899848322,"tick_direction":3,"price":0.052,"mark_price":0.05210059,"iv":62.88,"instrument_name":"BTC-31MAR23-24000-C","index_price":24010.64,"direction":"sell","amount":1.0},{"trade_seq":5484,"trade_id":"245453924","timestamp":1678899836187,"tick_direction":3,"price":0.052,"mark_price":0.05208068,"iv":62.8,"instrument_name":"BTC-31MAR23-24000-C","index_price":24005.91,"direction":"sell","amount":15.0},{"trade_seq":5483,"trade_id":"245453912","timestamp":1678899836096,"tick_direction":3,"price":0.052,"mark_price":0.05208068,"iv":62.8,"instrument_name":"BTC-31MAR23-24000-C","index_price":24005.91,"direction":"sell","amount":16.0},{"trade_seq":5482,"trade_id":"245453904","timestamp":1678899836059,"tick_direction":2,"price":0.052,"mark_price":0.05208068,"iv":62.8,"instrument_name":"BTC-31MAR23-24000-C","index_price":24005.91,"direction":"sell","amount":19.0},{"trade_seq":5481,"trade_id":"245453511","timestamp":1678899832011,"tick_direction":3,"price":0.053,"mark_price":0.05305063,"iv":63.11,"instrument_name":"BTC-31MAR23-24000-C","index_price":24047.27,"direction":"sell","amount":0.7},{"trade_seq":5480,"trade_id":"245453499","timestamp":1678899831913,"tick_direction":2,"price":0.053,"mark_price":0.05305063,"iv":63.11,"instrument_name":"BTC-31MAR23-24000-C","index_price":24047.27,"direction":"sell","amount":0.3},{"trade_seq":5479,"trade_id":"245452190","timestamp":1678899770104,"tick_direction":3,"price":0.054,"mark_price":0.05354519,"iv":63.67,"instrument_name":"BTC-31MAR23-24000-C","index_price":24078.55,"direction":"sell","amount":26.0},{"trade_seq":5478,"trade_id":"245452180","timestamp":1678899769374,"tick_direction":3,"price":0.054,"mark_price":0.05361796,"iv":63.42,"instrument_name":"BTC-31MAR23-24000-C","index_price":24081.25,"direction":"sell","amount":8.0},{"trade_seq":5477,"trade_id":"245452125","timestamp":1678899767569,"tick_direction":3,"price":0.054,"mark_price":0.05389601,"iv":63.18,"instrument_name":"BTC-31MAR23-24000-C","index_price":24092.77,"direction":"sell","amount":8.0},{"trade_seq":5476,"trade_id":"245452121","timestamp":1678899767489,"tick_direction":2,"price":0.054,"mark_price":0.05389601,"iv":63.18,"instrument_name":"BTC-31MAR23-24000-C","index_price":24092.77,"direction":"sell","amount":8.0},{"trade_seq":5475,"trade_id":"245451639","timestamp":1678899727612,"tick_direction":2,"price":0.055,"mark_price":0.05491083,"iv":63.04,"instrument_name":"BTC-31MAR23-24000-C","index_price":24152.64,"direction":"sell","amount":1.0},{"trade_seq":5474,"trade_id":"245451469","timestamp":1678899704032,"tick_direction":0,"price":0.056,"mark_price":0.05580082,"iv":63.06,"instrument_name":"BTC-31MAR23-24000-C","index_price":24199.43,"direction":"sell","amount":1.0},{"trade_seq":5473,"trade_id":"245450850","timestamp":1678899604808,"tick_direction":3,"price":0.055,"mark_price":0.05473013,"iv":63.12,"instrument_name":"BTC-31MAR23-24000-C","index_price":24145.64,"direction":"sell","amount":0.8},{"trade_seq":5472,"trade_id":"245450847","timestamp":1678899602028,"tick_direction":3,"price":0.055,"mark_price":0.05486265,"iv":63.06,"instrument_name":"BTC-31MAR23-24000-C","index_price":24153.39,"direction":"sell","amount":0.2},{"trade_seq":5471,"trade_id":"245450028","timestamp":1678899542789,"tick_direction":3,"price":0.055,"mark_price":0.05464698,"iv":63.23,"instrument_name":"BTC-31MAR23-24000-C","index_price":24148.63,"direction":"sell","amount":1.0},{"trade_seq":5470,"trade_id":"245449491","timestamp":1678899442408,"tick_direction":2,"price":0.055,"mark_price":0.05501994,"iv":62.92,"instrument_name":"BTC-31MAR23-24000-C","index_price":24157.01,"direction":"sell","amount":1.0},{"trade_seq":5469,"trade_id":"245449061","timestamp":1678899363036,"tick_direction":2,"price":0.056,"mark_price":0.05584221,"iv":63.08,"instrument_name":"BTC-31MAR23-24000-C","index_price":24201.72,"direction":"sell","amount":1.0},{"trade_seq":5468,"trade_id":"245448818","timestamp":1678899302583,"tick_direction":3,"price":0.057,"mark_price":0.05670613,"iv":63.21,"instrument_name":"BTC-31MAR23-24000-C","index_price":24239.29,"direction":"sell","amount":1.0},{"trade_seq":5467,"trade_id":"245448271","timestamp":1678899188112,"tick_direction":3,"price":0.057,"mark_price":0.0568359,"iv":63.08,"instrument_name":"BTC-31MAR23-24000-C","index_price":24240.76,"direction":"sell","amount":0.6},{"trade_seq":5466,"trade_id":"245448242","timestamp":1678899183582,"tick_direction":2,"price":0.057,"mark_price":0.05697687,"iv":62.82,"instrument_name":"BTC-31MAR23-24000-C","index_price":24260.87,"direction":"sell","amount":0.4},{"trade_seq":5465,"trade_id":"245448014","timestamp":1678899121941,"tick_direction":1,"price":0.058,"mark_price":0.05766879,"iv":63.28,"instrument_name":"BTC-31MAR23-24000-C","index_price":24281.35,"direction":"sell","amount":1.0},{"trade_seq":5464,"trade_id":"245447694","timestamp":1678899063003,"tick_direction":1,"price":0.058,"mark_price":0.05796852,"iv":62.95,"instrument_name":"BTC-31MAR23-24000-C","index_price":24306.0,"direction":"sell","amount":1.0},{"trade_seq":5463,"trade_id":"245447548","timestamp":1678899033046,"tick_direction":0,"price":0.058,"mark_price":0.05786791,"iv":63.07,"instrument_name":"BTC-31MAR23-24000-C","index_price":24295.05,"direction":"sell","amount":1.0},{"trade_seq":5462,"trade_id":"245447038","timestamp":1678898944816,"tick_direction":0,"price":0.057,"mark_price":0.05675983,"iv":63.2,"instrument_name":"BTC-31MAR23-24000-C","index_price":24244.67,"direction":"sell","amount":1.0},{"trade_seq":5461,"trade_id":"245445028","timestamp":1678898724149,"tick_direction":0,"price":0.056,"mark_price":0.05617541,"iv":62.72,"instrument_name":"BTC-31MAR23-24000-C","index_price":24206.95,"direction":"sell","amount":1.0},{"trade_seq":5460,"trade_id":"245443742","timestamp":1678898643333,"tick_direction":3,"price":0.055,"mark_price":0.05489791,"iv":62.93,"instrument_name":"BTC-31MAR23-24000-C","index_price":24153.62,"direction":"sell","amount":0.4},{"trade_seq":5459,"trade_id":"245443738","timestamp":1678898642689,"tick_direction":2,"price":0.055,"mark_price":0.05489791,"iv":62.89,"instrument_name":"BTC-31MAR23-24000-C","index_price":24155.4,"direction":"sell","amount":0.6},{"trade_seq":5458,"trade_id":"245442972","timestamp":1678898582144,"tick_direction":2,"price":0.056,"mark_price":0.05589032,"iv":62.94,"instrument_name":"BTC-31MAR23-24000-C","index_price":24206.36,"direction":"sell","amount":1.0},{"trade_seq":5457,"trade_id":"245440797","timestamp":1678898402437,"tick_direction":3,"price":0.058,"mark_price":0.05780892,"iv":63.22,"instrument_name":"BTC-31MAR23-24000-C","index_price":24299.23,"direction":"sell","amount":1.0},{"trade_seq":5456,"trade_id":"245440482","timestamp":1678898349680,"tick_direction":3,"price":0.058,"mark_price":0.05821265,"iv":62.69,"instrument_name":"BTC-31MAR23-24000-C","index_price":24317.57,"direction":"sell","amount":0.2},{"trade_seq":5455,"trade_id":"245432863","timestamp":1678897142569,"tick_direction":2,"price":0.058,"mark_price":0.05780791,"iv":64.16,"instrument_name":"BTC-31MAR23-24000-C","index_price":24258.88,"direction":"sell","amount":0.8},{"trade_seq":5454,"trade_id":"245431664","timestamp":1678896983462,"tick_direction":1,"price":0.06,"mark_price":0.0601407,"iv":63.83,"instrument_name":"BTC-31MAR23-24000-C","index_price":24363.18,"direction":"sell","amount":6.9},{"trade_seq":5453,"trade_id":"245431663","timestamp":1678896983229,"tick_direction":1,"price":0.06,"mark_price":0.0601407,"iv":63.83,"instrument_name":"BTC-31MAR23-24000-C","index_price":24363.18,"direction":"sell","amount":1.5},{"trade_seq":5452,"trade_id":"245431659","timestamp":1678896982262,"tick_direction":0,"price":0.06,"mark_price":0.06017646,"iv":63.78,"instrument_name":"BTC-31MAR23-24000-C","index_price":24367.26,"direction":"sell","amount":1.6},{"trade_seq":5451,"trade_id":"245429584","timestamp":1678896782131,"tick_direction":3,"price":0.058,"mark_price":0.05781501,"iv":64.26,"instrument_name":"BTC-31MAR23-24000-C","index_price":24245.17,"direction":"sell","amount":0.7},{"trade_seq":5450,"trade_id":"245429583","timestamp":1678896782131,"tick_direction":2,"price":0.058,"mark_price":0.05781501,"iv":64.26,"instrument_name":"BTC-31MAR23-24000-C","index_price":24245.17,"direction":"sell","amount":0.3},{"trade_seq":5449,"trade_id":"245427103","timestamp":1678896673641,"tick_direction":3,"price":0.06,"mark_price":0.06025948,"iv":63.89,"instrument_name":"BTC-31MAR23-24000-C","index_price":24354.08,"direction":"sell","amount":2.7},{"trade_seq":5448,"trade_id":"245427102","timestamp":1678896673476,"tick_direction":3,"price":0.06,"mark_price":0.06025948,"iv":63.89,"instrument_name":"BTC-31MAR23-24000-C","index_price":24354.08,"direction":"sell","amount":2.8},{"trade_seq":5447,"trade_id":"245427083","timestamp":1678896672901,"tick_direction":3,"price":0.06,"mark_price":0.06037696,"iv":63.88,"instrument_name":"BTC-31MAR23-24000-C","index_price":24366.41,"direction":"sell","amount":0.3},{"trade_seq":5446,"trade_id":"245427082","timestamp":1678896672889,"tick_direction":3,"price":0.06,"mark_price":0.06037696,"iv":63.88,"instrument_name":"BTC-31MAR23-24000-C","index_price":24366.41,"direction":"sell","amount":1.4},{"trade_seq":5445,"trade_id":"245427068","timestamp":1678896672640,"tick_direction":3,"price":0.06,"mark_price":0.06037696,"iv":63.88,"instrument_name":"BTC-31MAR23-24000-C","index_price":24366.41,"direction":"sell","amount":1.3},{"trade_seq":5444,"trade_id":"245427066","timestamp":1678896672188,"tick_direction":2,"price":0.06,"mark_price":0.06037696,"iv":63.88,"instrument_name":"BTC-31MAR23-24000-C","index_price":24366.41,"direction":"sell","amount":1.5},{"trade_seq":5443,"trade_id":"245408293","timestamp":1678893685302,"tick_direction":0,"price":0.072,"mark_price":0.07251033,"iv":65.89,"instrument_name":"BTC-31MAR23-24000-C","index_price":24829.19,"direction":"sell","amount":0.4},{"trade_seq":5442,"trade_id":"245390104","timestamp":1678890540659,"tick_direction":2,"price":0.0715,"mark_price":0.0741877,"iv":64.75,"instrument_name":"BTC-31MAR23-24000-C","index_price":24855.12,"direction":"sell","block_trade_id":"68480","amount":50.0},{"trade_seq":5441,"trade_id":"245363013","timestamp":1678886494214,"tick_direction":0,"price":0.0835,"mark_price":0.08381898,"iv":69.23,"instrument_name":"BTC-31MAR23-24000-C","index_price":25203.91,"direction":"sell","amount":1.0},{"trade_seq":5440,"trade_id":"245355678","timestamp":1678885332833,"tick_direction":1,"price":0.077,"mark_price":0.07715145,"iv":67.96,"instrument_name":"BTC-31MAR23-24000-C","index_price":24970.93,"direction":"buy","amount":0.8},{"trade_seq":5439,"trade_id":"245355674","timestamp":1678885330622,"tick_direction":1,"price":0.077,"mark_price":0.07701377,"iv":68.03,"instrument_name":"BTC-31MAR23-24000-C","index_price":24976.05,"direction":"buy","amount":0.1},{"trade_seq":5438,"trade_id":"245355673","timestamp":1678885330081,"tick_direction":1,"price":0.077,"mark_price":0.07696366,"iv":68.03,"instrument_name":"BTC-31MAR23-24000-C","index_price":24976.05,"direction":"buy","amount":1.0},{"trade_seq":5437,"trade_id":"245355672","timestamp":1678885329893,"tick_direction":1,"price":0.077,"mark_price":0.07696366,"iv":68.03,"instrument_name":"BTC-31MAR23-24000-C","index_price":24968.74,"direction":"buy","amount":0.1},{"trade_seq":5436,"trade_id":"245355671","timestamp":1678885329884,"tick_direction":1,"price":0.077,"mark_price":0.07696366,"iv":68.03,"instrument_name":"BTC-31MAR23-24000-C","index_price":24968.74,"direction":"buy","amount":0.1},{"trade_seq":5435,"trade_id":"245355670","timestamp":1678885329834,"tick_direction":1,"price":0.077,"mark_price":0.07696366,"iv":68.03,"instrument_name":"BTC-31MAR23-24000-C","index_price":24968.74,"direction":"buy","amount":1.1},{"trade_seq":5434,"trade_id":"245355653","timestamp":1678885327671,"tick_direction":1,"price":0.077,"mark_price":0.07701674,"iv":68.01,"instrument_name":"BTC-31MAR23-24000-C","index_price":24969.82,"direction":"buy","amount":0.9},{"trade_seq":5433,"trade_id":"245355639","timestamp":1678885324811,"tick_direction":1,"price":0.077,"mark_price":0.07692591,"iv":68.08,"instrument_name":"BTC-31MAR23-24000-C","index_price":24964.23,"direction":"buy","amount":1.1},{"trade_seq":5432,"trade_id":"245355638","timestamp":1678885324624,"tick_direction":1,"price":0.077,"mark_price":0.07692591,"iv":68.08,"instrument_name":"BTC-31MAR23-24000-C","index_price":24964.23,"direction":"buy","amount":0.1},{"trade_seq":5431,"trade_id":"245355637","timestamp":1678885324615,"tick_direction":1,"price":0.077,"mark_price":0.07692591,"iv":68.08,"instrument_name":"BTC-31MAR23-24000-C","index_price":24964.23,"direction":"buy","amount":1.4},{"trade_seq":5430,"trade_id":"245355606","timestamp":1678885322620,"tick_direction":1,"price":0.077,"mark_price":0.07692671,"iv":68.05,"instrument_name":"BTC-31MAR23-24000-C","index_price":24967.36,"direction":"buy","amount":0.5},{"trade_seq":5429,"trade_id":"245355605","timestamp":1678885322617,"tick_direction":1,"price":0.077,"mark_price":0.07692671,"iv":68.05,"instrument_name":"BTC-31MAR23-24000-C","index_price":24967.36,"direction":"buy","amount":0.1},{"trade_seq":5428,"trade_id":"245355604","timestamp":1678885322613,"tick_direction":1,"price":0.077,"mark_price":0.07692671,"iv":68.05,"instrument_name":"BTC-31MAR23-24000-C","index_price":24967.36,"direction":"buy","amount":1.5},{"trade_seq":5427,"trade_id":"245355504","timestamp":1678885296543,"tick_direction":0,"price":0.077,"mark_price":0.07693474,"iv":67.97,"instrument_name":"BTC-31MAR23-24000-C","index_price":24972.12,"direction":"buy","amount":1.2},{"trade_seq":5426,"trade_id":"245306443","timestamp":1678873261238,"tick_direction":3,"price":0.0655,"mark_price":0.06614673,"iv":62.04,"instrument_name":"BTC-31MAR23-24000-C","index_price":24652.94,"direction":"buy","amount":0.3},{"trade_seq":5425,"trade_id":"245306442","timestamp":1678873261224,"tick_direction":3,"price":0.0655,"mark_price":0.06614673,"iv":62.04,"instrument_name":"BTC-31MAR23-24000-C","index_price":24652.94,"direction":"buy","amount":0.1},{"trade_seq":5424,"trade_id":"245306441","timestamp":1678873261219,"tick_direction":2,"price":0.0655,"mark_price":0.06614673,"iv":62.04,"instrument_name":"BTC-31MAR23-24000-C","index_price":24652.94,"direction":"buy","amount":1.5},{"trade_seq":5423,"trade_id":"245280804","timestamp":1678855744454,"tick_direction":1,"price":0.0715,"mark_price":0.07120841,"iv":62.46,"instrument_name":"BTC-31MAR23-24000-C","index_price":24904.95,"direction":"buy","amount":0.8},{"trade_seq":5422,"trade_id":"245280787","timestamp":1678855731832,"tick_direction":0,"price":0.0715,"mark_price":0.07104841,"iv":62.55,"instrument_name":"BTC-31MAR23-24000-C","index_price":24905.81,"direction":"buy","amount":0.1},{"trade_seq":5421,"trade_id":"245255693","timestamp":1678841384759,"tick_direction":2,"price":0.067,"mark_price":0.06726744,"iv":62.61,"instrument_name":"BTC-31MAR23-24000-C","index_price":24675.76,"direction":"buy","amount":0.5},{"trade_seq":5420,"trade_id":"245237240","timestamp":1678832098506,"tick_direction":0,"price":0.0725,"mark_price":0.07154809,"iv":64.61,"instrument_name":"BTC-31MAR23-24000-C","index_price":24848.06,"direction":"sell","amount":5.5},{"trade_seq":5419,"trade_id":"245227698","timestamp":1678829450673,"tick_direction":1,"price":0.062,"mark_price":0.06297243,"iv":61.85,"instrument_name":"BTC-31MAR23-24000-C","index_price":24488.25,"direction":"buy","amount":3.1},{"trade_seq":5418,"trade_id":"245227695","timestamp":1678829449453,"tick_direction":1,"price":0.062,"mark_price":0.06290742,"iv":61.88,"instrument_name":"BTC-31MAR23-24000-C","index_price":24486.44,"direction":"buy","amount":5.0},{"trade_seq":5417,"trade_id":"245227691","timestamp":1678829448100,"tick_direction":1,"price":0.062,"mark_price":0.06291803,"iv":61.95,"instrument_name":"BTC-31MAR23-24000-C","index_price":24482.53,"direction":"buy","amount":1.0},{"trade_seq":5416,"trade_id":"245227678","timestamp":1678829442171,"tick_direction":0,"price":0.062,"mark_price":0.06252083,"iv":62.45,"instrument_name":"BTC-31MAR23-24000-C","index_price":24472.08,"direction":"buy","amount":0.9},{"trade_seq":5415,"trade_id":"245223394","timestamp":1678828498665,"tick_direction":3,"price":0.0615,"mark_price":0.06126651,"iv":63.76,"instrument_name":"BTC-31MAR23-24000-C","index_price":24381.15,"direction":"sell","amount":0.2},{"trade_seq":5414,"trade_id":"245223393","timestamp":1678828494955,"tick_direction":2,"price":0.0615,"mark_price":0.06181277,"iv":63.48,"instrument_name":"BTC-31MAR23-24000-C","index_price":24393.05,"direction":"sell","amount":0.8},{"trade_seq":5413,"trade_id":"245222961","timestamp":1678828384625,"tick_direction":3,"price":0.062,"mark_price":0.06176839,"iv":63.69,"instrument_name":"BTC-31MAR23-24000-C","index_price":24411.3,"direction":"sell","amount":0.7},{"trade_seq":5412,"trade_id":"245222939","timestamp":1678828370667,"tick_direction":2,"price":0.062,"mark_price":0.0617172,"iv":63.72,"instrument_name":"BTC-31MAR23-24000-C","index_price":24404.43,"direction":"sell","amount":0.3},{"trade_seq":5411,"trade_id":"245222873","timestamp":1678828356104,"tick_direction":1,"price":0.0625,"mark_price":0.06210271,"iv":63.87,"instrument_name":"BTC-31MAR23-24000-C","index_price":24421.96,"direction":"sell","amount":1.0},{"trade_seq":5410,"trade_id":"245222840","timestamp":1678828349712,"tick_direction":0,"price":0.0625,"mark_price":0.06173898,"iv":64.01,"instrument_name":"BTC-31MAR23-24000-C","index_price":24422.47,"direction":"sell","amount":1.0},{"trade_seq":5409,"trade_id":"245220053","timestamp":1678828101961,"tick_direction":3,"price":0.054,"mark_price":0.05386368,"iv":62.48,"instrument_name":"BTC-31MAR23-24000-C","index_price":24089.11,"direction":"buy","amount":11.6},{"trade_seq":5408,"trade_id":"245220051","timestamp":1678828101936,"tick_direction":3,"price":0.054,"mark_price":0.05386368,"iv":62.48,"instrument_name":"BTC-31MAR23-24000-C","index_price":24089.11,"direction":"buy","amount":0.4},{"trade_seq":5407,"trade_id":"245220045","timestamp":1678828101886,"tick_direction":3,"price":0.054,"mark_price":0.05386368,"iv":62.48,"instrument_name":"BTC-31MAR23-24000-C","index_price":24073.32,"direction":"buy","amount":0.3},{"trade_seq":5406,"trade_id":"245220035","timestamp":1678828101706,"tick_direction":2,"price":0.054,"mark_price":0.05386368,"iv":62.48,"instrument_name":"BTC-31MAR23-24000-C","index_price":24073.32,"direction":"buy","amount":0.2},{"trade_seq":5405,"trade_id":"245205775","timestamp":1678825937606,"tick_direction":0,"price":0.0748,"mark_price":0.07398555,"iv":63.18,"instrument_name":"BTC-31MAR23-24000-C","index_price":24995.93,"direction":"buy","block_trade_id":"68377","amount":6.0},{"trade_seq":5404,"trade_id":"245204727","timestamp":1678825469543,"tick_direction":0,"price":0.0725,"mark_price":0.07259285,"iv":61.97,"instrument_name":"BTC-31MAR23-24000-C","index_price":24940.32,"direction":"buy","amount":0.1},{"trade_seq":5403,"trade_id":"245203013","timestamp":1678825303138,"tick_direction":3,"price":0.0715,"mark_price":0.0715167,"iv":61.12,"instrument_name":"BTC-31MAR23-24000-C","index_price":24926.0,"direction":"buy","amount":0.3},{"trade_seq":5402,"trade_id":"245203012","timestamp":1678825303132,"tick_direction":3,"price":0.0715,"mark_price":0.0715167,"iv":61.12,"instrument_name":"BTC-31MAR23-24000-C","index_price":24926.0,"direction":"buy","amount":1.2},{"trade_seq":5401,"trade_id":"245203011","timestamp":1678825303126,"tick_direction":3,"price":0.0715,"mark_price":0.0715167,"iv":61.12,"instrument_name":"BTC-31MAR23-24000-C","index_price":24926.0,"direction":"buy","amount":0.1},{"trade_seq":5400,"trade_id":"245203007","timestamp":1678825303071,"tick_direction":3,"price":0.0715,"mark_price":0.0715167,"iv":61.12,"instrument_name":"BTC-31MAR23-24000-C","index_price":24926.0,"direction":"buy","amount":0.4},{"trade_seq":5399,"trade_id":"245203006","timestamp":1678825303054,"tick_direction":3,"price":0.0715,"mark_price":0.0715167,"iv":61.12,"instrument_name":"BTC-31MAR23-24000-C","index_price":24926.0,"direction":"buy","amount":0.3},{"trade_seq":5398,"trade_id":"245203004","timestamp":1678825303049,"tick_direction":3,"price":0.0715,"mark_price":0.0715167,"iv":61.12,"instrument_name":"BTC-31MAR23-24000-C","index_price":24926.0,"direction":"buy","amount":0.3},{"trade_seq":5397,"trade_id":"245202998","timestamp":1678825302972,"tick_direction":3,"price":0.0715,"mark_price":0.0715167,"iv":62.13,"instrument_name":"BTC-31MAR23-24000-C","index_price":24893.41,"direction":"buy","amount":0.1},{"trade_seq":5396,"trade_id":"245202957","timestamp":1678825302704,"tick_direction":3,"price":0.0715,"mark_price":0.0715167,"iv":62.13,"instrument_name":"BTC-31MAR23-24000-C","index_price":24893.41,"direction":"buy","amount":0.1},{"trade_seq":5395,"trade_id":"245202953","timestamp":1678825302686,"tick_direction":3,"price":0.0715,"mark_price":0.0715167,"iv":62.13,"instrument_name":"BTC-31MAR23-24000-C","index_price":24893.41,"direction":"buy","amount":0.3},{"trade_seq":5394,"trade_id":"245202950","timestamp":1678825302671,"tick_direction":2,"price":0.0715,"mark_price":0.0715167,"iv":62.13,"instrument_name":"BTC-31MAR23-24000-C","index_price":24893.41,"direction":"buy","amount":1.4},{"trade_seq":5393,"trade_id":"245202076","timestamp":1678825270636,"tick_direction":2,"price":0.072,"mark_price":0.07344006,"iv":60.3,"instrument_name":"BTC-31MAR23-24000-C","index_price":24955.47,"direction":"sell","amount":1.0},{"trade_seq":5392,"trade_id":"245200846","timestamp":1678825019691,"tick_direction":2,"price":0.0757,"mark_price":0.07486715,"iv":63.28,"instrument_name":"BTC-31MAR23-24000-C","index_price":25022.06,"direction":"sell","combo_id":"BTC-RRITM-31MAR23-24000_25500","block_trade_id":"68372","amount":75.0},{"trade_seq":5391,"trade_id":"245197701","timestamp":1678824326294,"tick_direction":2,"price":0.079,"mark_price":0.079234,"iv":62.77,"instrument_name":"BTC-31MAR23-24000-C","index_price":25156.69,"direction":"sell","amount":1.0},{"trade_seq":5390,"trade_id":"245197690","timestamp":1678824321745,"tick_direction":3,"price":0.0795,"mark_price":0.07931357,"iv":63.01,"instrument_name":"BTC-31MAR23-24000-C","index_price":25170.15,"direction":"sell","amount":1.0},{"trade_seq":5389,"trade_id":"245197575","timestamp":1678824284447,"tick_direction":2,"price":0.0795,"mark_price":0.07959699,"iv":62.78,"instrument_name":"BTC-31MAR23-24000-C","index_price":25171.13,"direction":"sell","amount":1.0},{"trade_seq":5388,"trade_id":"245197526","timestamp":1678824273735,"tick_direction":2,"price":0.08,"mark_price":0.07971255,"iv":63.3,"instrument_name":"BTC-31MAR23-24000-C","index_price":25182.64,"direction":"sell","amount":1.0},{"trade_seq":5387,"trade_id":"245197512","timestamp":1678824269268,"tick_direction":1,"price":0.0805,"mark_price":0.07987243,"iv":63.79,"instrument_name":"BTC-31MAR23-24000-C","index_price":25188.68,"direction":"sell","amount":0.3},{"trade_seq":5386,"trade_id":"245197502","timestamp":1678824265301,"tick_direction":1,"price":0.0805,"mark_price":0.079823,"iv":63.84,"instrument_name":"BTC-31MAR23-24000-C","index_price":25191.23,"direction":"sell","amount":0.3},{"trade_seq":5385,"trade_id":"245197462","timestamp":1678824255678,"tick_direction":0,"price":0.0805,"mark_price":0.07988903,"iv":63.6,"instrument_name":"BTC-31MAR23-24000-C","index_price":25197.64,"direction":"sell","amount":1.0},{"trade_seq":5384,"trade_id":"245192833","timestamp":1678823901229,"tick_direction":0,"price":0.074,"mark_price":0.07288375,"iv":63.95,"instrument_name":"BTC-31MAR23-24000-C","index_price":24897.01,"direction":"buy","amount":1.3},{"trade_seq":5383,"trade_id":"245187619","timestamp":1678822805808,"tick_direction":2,"price":0.0655,"mark_price":0.06570601,"iv":62.26,"instrument_name":"BTC-31MAR23-24000-C","index_price":24570.94,"direction":"sell","amount":0.1},{"trade_seq":5382,"trade_id":"245186473","timestamp":1678822563380,"tick_direction":3,"price":0.066,"mark_price":0.0659898,"iv":62.72,"instrument_name":"BTC-31MAR23-24000-C","index_price":24594.14,"direction":"sell","amount":0.1},{"trade_seq":5381,"trade_id":"245186471","timestamp":1678822561926,"tick_direction":3,"price":0.066,"mark_price":0.06607468,"iv":62.46,"instrument_name":"BTC-31MAR23-24000-C","index_price":24602.94,"direction":"sell","amount":0.1},{"trade_seq":5380,"trade_id":"245186451","timestamp":1678822560190,"tick_direction":2,"price":0.066,"mark_price":0.06599495,"iv":62.37,"instrument_name":"BTC-31MAR23-24000-C","index_price":24605.98,"direction":"sell","amount":0.1},{"trade_seq":5379,"trade_id":"245186287","timestamp":1678822508797,"tick_direction":1,"price":0.0665,"mark_price":0.06625341,"iv":62.69,"instrument_name":"BTC-31MAR23-24000-C","index_price":24613.84,"direction":"sell","amount":0.1},{"trade_seq":5378,"trade_id":"245186259","timestamp":1678822505498,"tick_direction":1,"price":0.0665,"mark_price":0.06600515,"iv":62.86,"instrument_name":"BTC-31MAR23-24000-C","index_price":24611.52,"direction":"buy","amount":0.1},{"trade_seq":5377,"trade_id":"245186257","timestamp":1678822503870,"tick_direction":0,"price":0.0665,"mark_price":0.06605141,"iv":63.1,"instrument_name":"BTC-31MAR23-24000-C","index_price":24604.06,"direction":"buy","amount":0.1},{"trade_seq":5376,"trade_id":"245186063","timestamp":1678822438342,"tick_direction":2,"price":0.065,"mark_price":0.06523571,"iv":62.15,"instrument_name":"BTC-31MAR23-24000-C","index_price":24559.59,"direction":"sell","amount":0.1},{"trade_seq":5375,"trade_id":"245185949","timestamp":1678822418375,"tick_direction":2,"price":0.0655,"mark_price":0.06597372,"iv":61.84,"instrument_name":"BTC-31MAR23-24000-C","index_price":24595.27,"direction":"sell","amount":0.1},{"trade_seq":5374,"trade_id":"245185934","timestamp":1678822416280,"tick_direction":2,"price":0.066,"mark_price":0.0661786,"iv":62.17,"instrument_name":"BTC-31MAR23-24000-C","index_price":24612.22,"direction":"sell","amount":0.1},{"trade_seq":5373,"trade_id":"245185892","timestamp":1678822407534,"tick_direction":1,"price":0.067,"mark_price":0.06622405,"iv":63.34,"instrument_name":"BTC-31MAR23-24000-C","index_price":24613.87,"direction":"sell","amount":0.1},{"trade_seq":5372,"trade_id":"245185890","timestamp":1678822406232,"tick_direction":1,"price":0.067,"mark_price":0.06631124,"iv":63.25,"instrument_name":"BTC-31MAR23-24000-C","index_price":24613.37,"direction":"sell","amount":0.1},{"trade_seq":5371,"trade_id":"245185887","timestamp":1678822405045,"tick_direction":1,"price":0.067,"mark_price":0.06633093,"iv":63.22,"instrument_name":"BTC-31MAR23-24000-C","index_price":24617.66,"direction":"sell","amount":0.1},{"trade_seq":5370,"trade_id":"245185880","timestamp":1678822403031,"tick_direction":1,"price":0.067,"mark_price":0.06634443,"iv":63.25,"instrument_name":"BTC-31MAR23-24000-C","index_price":24617.38,"direction":"sell","amount":0.1},{"trade_seq":5369,"trade_id":"245185876","timestamp":1678822401154,"tick_direction":1,"price":0.067,"mark_price":0.06638207,"iv":63.2,"instrument_name":"BTC-31MAR23-24000-C","index_price":24619.55,"direction":"sell","amount":0.1},{"trade_seq":5368,"trade_id":"245185866","timestamp":1678822397782,"tick_direction":0,"price":0.067,"mark_price":0.06627127,"iv":63.29,"instrument_name":"BTC-31MAR23-24000-C","index_price":24612.3,"direction":"sell","amount":0.1},{"trade_seq":5367,"trade_id":"245185864","timestamp":1678822397400,"tick_direction":0,"price":0.0665,"mark_price":0.06630367,"iv":62.68,"instrument_name":"BTC-31MAR23-24000-C","index_price":24612.3,"direction":"sell","amount":0.1},{"trade_seq":5366,"trade_id":"245185460","timestamp":1678822319483,"tick_direction":1,"price":0.066,"mark_price":0.06519833,"iv":63.3,"instrument_name":"BTC-31MAR23-24000-C","index_price":24571.67,"direction":"buy","amount":0.1},{"trade_seq":5365,"trade_id":"245185459","timestamp":1678822318406,"tick_direction":1,"price":0.066,"mark_price":0.06519244,"iv":63.31,"instrument_name":"BTC-31MAR23-24000-C","index_price":24572.46,"direction":"buy","amount":0.1},{"trade_seq":5364,"trade_id":"245185458","timestamp":1678822316733,"tick_direction":0,"price":0.066,"mark_price":0.06536613,"iv":63.1,"instrument_name":"BTC-31MAR23-24000-C","index_price":24578.47,"direction":"buy","amount":0.1},{"trade_seq":5363,"trade_id":"245185457","timestamp":1678822316307,"tick_direction":2,"price":0.0655,"mark_price":0.06536613,"iv":62.49,"instrument_name":"BTC-31MAR23-24000-C","index_price":24578.47,"direction":"sell","amount":0.1},{"trade_seq":5362,"trade_id":"245185454","timestamp":1678822315421,"tick_direction":1,"price":0.066,"mark_price":0.06535537,"iv":63.11,"instrument_name":"BTC-31MAR23-24000-C","index_price":24580.25,"direction":"buy","amount":0.1},{"trade_seq":5361,"trade_id":"245185453","timestamp":1678822314166,"tick_direction":0,"price":0.066,"mark_price":0.06539565,"iv":63.06,"instrument_name":"BTC-31MAR23-24000-C","index_price":24579.79,"direction":"buy","amount":0.1},{"trade_seq":5360,"trade_id":"245184991","timestamp":1678822214316,"tick_direction":2,"price":0.063,"mark_price":0.06327397,"iv":62.14,"instrument_name":"BTC-31MAR23-24000-C","index_price":24479.85,"direction":"sell","amount":0.1},{"trade_seq":5359,"trade_id":"245184941","timestamp":1678822211268,"tick_direction":2,"price":0.0635,"mark_price":0.0635689,"iv":62.22,"instrument_name":"BTC-31MAR23-24000-C","index_price":24492.58,"direction":"sell","amount":0.1},{"trade_seq":5358,"trade_id":"245184898","timestamp":1678822206321,"tick_direction":2,"price":0.064,"mark_price":0.0640483,"iv":62.3,"instrument_name":"BTC-31MAR23-24000-C","index_price":24517.73,"direction":"sell","amount":0.1},{"trade_seq":5357,"trade_id":"245184788","timestamp":1678822202250,"tick_direction":2,"price":0.0645,"mark_price":0.0642635,"iv":62.61,"instrument_name":"BTC-31MAR23-24000-C","index_price":24529.7,"direction":"sell","amount":0.1},{"trade_seq":5356,"trade_id":"245184778","timestamp":1678822197172,"tick_direction":0,"price":0.065,"mark_price":0.06419103,"iv":63.13,"instrument_name":"BTC-31MAR23-24000-C","index_price":24534.68,"direction":"buy","amount":0.1},{"trade_seq":5355,"trade_id":"245184765","timestamp":1678822194965,"tick_direction":2,"price":0.0645,"mark_price":0.06443434,"iv":62.6,"instrument_name":"BTC-31MAR23-24000-C","index_price":24525.92,"direction":"buy","amount":0.1},{"trade_seq":5354,"trade_id":"245184761","timestamp":1678822193369,"tick_direction":1,"price":0.065,"mark_price":0.06457059,"iv":62.68,"instrument_name":"BTC-31MAR23-24000-C","index_price":24536.34,"direction":"buy","amount":0.1},{"trade_seq":5353,"trade_id":"245184720","timestamp":1678822190653,"tick_direction":0,"price":0.065,"mark_price":0.06471465,"iv":62.64,"instrument_name":"BTC-31MAR23-24000-C","index_price":24542.26,"direction":"buy","amount":0.1},{"trade_seq":5352,"trade_id":"245182848","timestamp":1678822018172,"tick_direction":2,"price":0.064,"mark_price":0.0643091,"iv":62.02,"instrument_name":"BTC-31MAR23-24000-C","index_price":24533.52,"direction":"buy","amount":6.9},{"trade_seq":5351,"trade_id":"245182538","timestamp":1678822001796,"tick_direction":2,"price":0.0655,"mark_price":0.06530289,"iv":62.44,"instrument_name":"BTC-31MAR23-24000-C","index_price":24578.54,"direction":"buy","amount":0.3},{"trade_seq":5350,"trade_id":"245180491","timestamp":1678821664930,"tick_direction":0,"price":0.068,"mark_price":0.06782678,"iv":61.8,"instrument_name":"BTC-31MAR23-24000-C","index_price":24718.49,"direction":"buy","amount":1.1},{"trade_seq":5349,"trade_id":"245175016","timestamp":1678821349445,"tick_direction":2,"price":0.06,"mark_price":0.05927587,"iv":61.88,"instrument_name":"BTC-31MAR23-24000-C","index_price":24357.42,"direction":"buy","amount":6.0},{"trade_seq":5348,"trade_id":"245169827","timestamp":1678821167466,"tick_direction":3,"price":0.0745,"mark_price":0.07466339,"iv":61.36,"instrument_name":"BTC-31MAR23-24000-C","index_price":24998.87,"direction":"buy","amount":0.4},{"trade_seq":5347,"trade_id":"245169822","timestamp":1678821167459,"tick_direction":2,"price":0.0745,"mark_price":0.07466339,"iv":61.36,"instrument_name":"BTC-31MAR23-24000-C","index_price":24998.87,"direction":"buy","amount":1.2},{"trade_seq":5346,"trade_id":"245158474","timestamp":1678819299729,"tick_direction":0,"price":0.0859,"mark_price":0.08609574,"iv":62.31,"instrument_name":"BTC-31MAR23-24000-C","index_price":25448.31,"direction":"sell","combo_id":"BTC-RRITM-31MAR23-24000_27000","block_trade_id":"68362","amount":100.0},{"trade_seq":5345,"trade_id":"245153369","timestamp":1678817470758,"tick_direction":2,"price":0.082,"mark_price":0.08418731,"iv":59.06,"instrument_name":"BTC-31MAR23-24000-C","index_price":25410.27,"direction":"sell","amount":1.0},{"trade_seq":5344,"trade_id":"245151092","timestamp":1678817125911,"tick_direction":2,"price":0.085,"mark_price":0.08504414,"iv":62.09,"instrument_name":"BTC-31MAR23-24000-C","index_price":25437.98,"direction":"buy","amount":0.1},{"trade_seq":5343,"trade_id":"245128392","timestamp":1678809824936,"tick_direction":0,"price":0.0995,"mark_price":0.09805654,"iv":63.25,"instrument_name":"BTC-31MAR23-24000-C","index_price":25992.16,"direction":"buy","amount":10.0},{"trade_seq":5342,"trade_id":"245112885","timestamp":1678804940766,"tick_direction":2,"price":0.0965,"mark_price":0.0961729,"iv":59.79,"instrument_name":"BTC-31MAR23-24000-C","index_price":25952.23,"direction":"sell","amount":0.2},{"trade_seq":5341,"trade_id":"245101265","timestamp":1678802389013,"tick_direction":3,"price":0.0985,"mark_price":0.09662254,"iv":64.62,"instrument_name":"BTC-31MAR23-24000-C","index_price":25888.96,"direction":"buy","amount":4.9},{"trade_seq":5340,"trade_id":"245101264","timestamp":1678802389013,"tick_direction":2,"price":0.0985,"mark_price":0.09662254,"iv":64.62,"instrument_name":"BTC-31MAR23-24000-C","index_price":25888.96,"direction":"buy","amount":0.1},{"trade_seq":5339,"trade_id":"245100892","timestamp":1678802324397,"tick_direction":3,"price":0.1005,"mark_price":0.09710979,"iv":66.74,"instrument_name":"BTC-31MAR23-24000-C","index_price":25908.7,"direction":"sell","amount":0.4},{"trade_seq":5338,"trade_id":"245100891","timestamp":1678802324395,"tick_direction":3,"price":0.1005,"mark_price":0.09710979,"iv":66.74,"instrument_name":"BTC-31MAR23-24000-C","index_price":25908.7,"direction":"buy","amount":0.1},{"trade_seq":5337,"trade_id":"245100890","timestamp":1678802324395,"tick_direction":2,"price":0.1005,"mark_price":0.09710979,"iv":66.74,"instrument_name":"BTC-31MAR23-24000-C","index_price":25908.7,"direction":"buy","amount":9.5},{"trade_seq":5336,"trade_id":"245088955","timestamp":1678800695728,"tick_direction":0,"price":0.1015,"mark_price":0.10265531,"iv":59.78,"instrument_name":"BTC-31MAR23-24000-C","index_price":26110.0,"direction":"buy","amount":3.0},{"trade_seq":5335,"trade_id":"245087236","timestamp":1678800450259,"tick_direction":0,"price":0.1005,"mark_price":0.10013028,"liquidation":"M","iv":62.06,"instrument_name":"BTC-31MAR23-24000-C","index_price":25996.6,"direction":"sell","amount":0.2},{"trade_seq":5334,"trade_id":"245086973","timestamp":1678800413467,"tick_direction":3,"price":0.099,"mark_price":0.09934296,"iv":60.94,"instrument_name":"BTC-31MAR23-24000-C","index_price":25967.85,"direction":"sell","amount":0.1},{"trade_seq":5333,"trade_id":"245086972","timestamp":1678800413459,"tick_direction":2,"price":0.099,"mark_price":0.09934296,"iv":60.94,"instrument_name":"BTC-31MAR23-24000-C","index_price":25967.85,"direction":"sell","amount":1.8},{"trade_seq":5332,"trade_id":"245086056","timestamp":1678800260146,"tick_direction":2,"price":0.1,"mark_price":0.1011647,"iv":61.12,"instrument_name":"BTC-31MAR23-24000-C","index_price":25983.27,"direction":"sell","amount":1.9},{"trade_seq":5331,"trade_id":"245076385","timestamp":1678799354177,"tick_direction":2,"price":0.11,"mark_price":0.11084136,"iv":64.68,"instrument_name":"BTC-31MAR23-24000-C","index_price":26301.39,"direction":"sell","amount":1.0},{"trade_seq":5330,"trade_id":"245073391","timestamp":1678799187639,"tick_direction":0,"price":0.113,"mark_price":0.1132794,"iv":66.12,"instrument_name":"BTC-31MAR23-24000-C","index_price":26387.12,"direction":"buy","amount":0.3},{"trade_seq":5329,"trade_id":"245059263","timestamp":1678798545522,"tick_direction":0,"price":0.099,"mark_price":0.10213536,"iv":60.88,"instrument_name":"BTC-31MAR23-24000-C","index_price":26005.7,"direction":"buy","amount":1.5},{"trade_seq":5328,"trade_id":"245032264","timestamp":1678797292523,"tick_direction":2,"price":0.081,"mark_price":0.08021489,"iv":63.46,"instrument_name":"BTC-31MAR23-24000-C","index_price":25241.54,"direction":"sell","amount":1.0},{"trade_seq":5327,"trade_id":"245025992","timestamp":1678797108873,"tick_direction":0,"price":0.09,"mark_price":0.08822785,"iv":64.78,"instrument_name":"BTC-31MAR23-24000-C","index_price":25484.71,"direction":"buy","amount":0.1},{"trade_seq":5326,"trade_id":"245023202","timestamp":1678797079943,"tick_direction":0,"price":0.08,"mark_price":0.08026648,"iv":61.94,"instrument_name":"BTC-31MAR23-24000-C","index_price":25206.3,"direction":"buy","amount":1.5},{"trade_seq":5325,"trade_id":"245020629","timestamp":1678797042186,"tick_direction":0,"price":0.0775,"mark_price":0.07432632,"iv":66.3,"instrument_name":"BTC-31MAR23-24000-C","index_price":24989.07,"direction":"buy","amount":0.3},{"trade_seq":5324,"trade_id":"245019425","timestamp":1678797027544,"tick_direction":3,"price":0.0675,"mark_price":0.07233449,"iv":57.0,"instrument_name":"BTC-31MAR23-24000-C","index_price":24886.75,"direction":"sell","amount":0.9},{"trade_seq":5323,"trade_id":"245019424","timestamp":1678797027544,"tick_direction":2,"price":0.0675,"mark_price":0.07233449,"iv":57.0,"instrument_name":"BTC-31MAR23-24000-C","index_price":24886.75,"direction":"sell","amount":0.1},{"trade_seq":5322,"trade_id":"245018358","timestamp":1678797016883,"tick_direction":0,"price":0.074,"mark_price":0.07090661,"iv":66.45,"instrument_name":"BTC-31MAR23-24000-C","index_price":24878.45,"direction":"buy","amount":0.1},{"trade_seq":5321,"trade_id":"245017279","timestamp":1678797005348,"tick_direction":3,"price":0.067,"mark_price":0.06687754,"iv":62.86,"instrument_name":"BTC-31MAR23-24000-C","index_price":24692.27,"direction":"sell","amount":6.0},{"trade_seq":5320,"trade_id":"245016474","timestamp":1678797000793,"tick_direction":2,"price":0.067,"mark_price":0.06852206,"iv":60.85,"instrument_name":"BTC-31MAR23-24000-C","index_price":24757.9,"direction":"sell","amount":0.1},{"trade_seq":5319,"trade_id":"245016391","timestamp":1678797000292,"tick_direction":2,"price":0.068,"mark_price":0.06942048,"iv":61.1,"instrument_name":"BTC-31MAR23-24000-C","index_price":24789.37,"direction":"sell","amount":0.1},{"trade_seq":5318,"trade_id":"245014003","timestamp":1678796709983,"tick_direction":1,"price":0.071,"mark_price":0.07048687,"iv":63.63,"instrument_name":"BTC-31MAR23-24000-C","index_price":24822.68,"direction":"buy","amount":4.3},{"trade_seq":5317,"trade_id":"245014002","timestamp":1678796709983,"tick_direction":1,"price":0.071,"mark_price":0.07048687,"iv":63.63,"instrument_name":"BTC-31MAR23-24000-C","index_price":24822.68,"direction":"buy","amount":5.8},{"trade_seq":5316,"trade_id":"245013209","timestamp":1678796440994,"tick_direction":1,"price":0.071,"mark_price":0.07031977,"iv":64.16,"instrument_name":"BTC-31MAR23-24000-C","index_price":24795.1,"direction":"buy","amount":0.1},{"trade_seq":5315,"trade_id":"245013208","timestamp":1678796440994,"tick_direction":1,"price":0.071,"mark_price":0.07031977,"iv":64.16,"instrument_name":"BTC-31MAR23-24000-C","index_price":24795.1,"direction":"buy","amount":13.9},{"trade_seq":5314,"trade_id":"245013207","timestamp":1678796440994,"tick_direction":0,"price":0.071,"mark_price":0.07031977,"iv":64.16,"instrument_name":"BTC-31MAR23-24000-C","index_price":24795.1,"direction":"buy","amount":5.3},{"trade_seq":5313,"trade_id":"245012715","timestamp":1678796277206,"tick_direction":2,"price":0.0695,"mark_price":0.07059825,"iv":61.87,"instrument_name":"BTC-31MAR23-24000-C","index_price":24805.12,"direction":"buy","amount":1.0},{"trade_seq":5312,"trade_id":"245008982","timestamp":1678795563376,"tick_direction":3,"price":0.0735,"mark_price":0.07348655,"iv":65.0,"instrument_name":"BTC-31MAR23-24000-C","index_price":24882.24,"direction":"buy","amount":0.2},{"trade_seq":5311,"trade_id":"245008964","timestamp":1678795561581,"tick_direction":3,"price":0.0735,"mark_price":0.07353931,"iv":64.96,"instrument_name":"BTC-31MAR23-24000-C","index_price":24883.89,"direction":"buy","amount":0.6},{"trade_seq":5310,"trade_id":"245008951","timestamp":1678795559592,"tick_direction":3,"price":0.0735,"mark_price":0.0735307,"iv":64.97,"instrument_name":"BTC-31MAR23-24000-C","index_price":24883.47,"direction":"buy","amount":0.1},{"trade_seq":5309,"trade_id":"245008947","timestamp":1678795558963,"tick_direction":2,"price":0.0735,"mark_price":0.0735307,"iv":64.97,"instrument_name":"BTC-31MAR23-24000-C","index_price":24883.47,"direction":"buy","amount":0.6},{"trade_seq":5308,"trade_id":"245003300","timestamp":1678794577770,"tick_direction":2,"price":0.0745,"mark_price":0.07471606,"iv":68.36,"instrument_name":"BTC-31MAR23-24000-C","index_price":24798.38,"direction":"sell","amount":0.1},{"trade_seq":5307,"trade_id":"245002607","timestamp":1678794246485,"tick_direction":3,"price":0.0755,"mark_price":0.07580694,"iv":68.39,"instrument_name":"BTC-31MAR23-24000-C","index_price":24835.46,"direction":"buy","amount":1.0},{"trade_seq":5306,"trade_id":"245002600","timestamp":1678794245509,"tick_direction":3,"price":0.0755,"mark_price":0.07579574,"iv":68.43,"instrument_name":"BTC-31MAR23-24000-C","index_price":24833.74,"direction":"buy","amount":1.1},{"trade_seq":5305,"trade_id":"245002597","timestamp":1678794240270,"tick_direction":3,"price":0.0755,"mark_price":0.0757989,"iv":68.55,"instrument_name":"BTC-31MAR23-24000-C","index_price":24829.71,"direction":"buy","amount":0.5},{"trade_seq":5304,"trade_id":"245002596","timestamp":1678794240267,"tick_direction":2,"price":0.0755,"mark_price":0.0757989,"iv":68.55,"instrument_name":"BTC-31MAR23-24000-C","index_price":24829.71,"direction":"buy","amount":1.1},{"trade_seq":5303,"trade_id":"245002251","timestamp":1678794153112,"tick_direction":1,"price":0.076,"mark_price":0.07546573,"iv":69.67,"instrument_name":"BTC-31MAR23-24000-C","index_price":24801.51,"direction":"buy","amount":0.4},{"trade_seq":5302,"trade_id":"245002250","timestamp":1678794153112,"tick_direction":1,"price":0.076,"mark_price":0.07546573,"iv":69.67,"instrument_name":"BTC-31MAR23-24000-C","index_price":24801.51,"direction":"buy","amount":4.3},{"trade_seq":5301,"trade_id":"245002009","timestamp":1678794039267,"tick_direction":1,"price":0.076,"mark_price":0.07502665,"iv":70.11,"instrument_name":"BTC-31MAR23-24000-C","index_price":24793.26,"direction":"buy","amount":1.0},{"trade_seq":5300,"trade_id":"245001856","timestamp":1678793960074,"tick_direction":0,"price":0.076,"mark_price":0.07509082,"iv":69.77,"instrument_name":"BTC-31MAR23-24000-C","index_price":24805.45,"direction":"sell","amount":1.0},{"trade_seq":5299,"trade_id":"245001379","timestamp":1678793822632,"tick_direction":0,"price":0.0745,"mark_price":0.07350979,"iv":69.66,"instrument_name":"BTC-31MAR23-24000-C","index_price":24740.3,"direction":"buy","amount":1.0},{"trade_seq":5298,"trade_id":"245001097","timestamp":1678793733586,"tick_direction":0,"price":0.074,"mark_price":0.07316389,"iv":69.52,"instrument_name":"BTC-31MAR23-24000-C","index_price":24729.45,"direction":"buy","amount":1.0},{"trade_seq":5297,"trade_id":"245000872","timestamp":1678793701317,"tick_direction":2,"price":0.073,"mark_price":0.07333365,"iv":68.22,"instrument_name":"BTC-31MAR23-24000-C","index_price":24725.33,"direction":"buy","amount":5.0},{"trade_seq":5296,"trade_id":"244999039","timestamp":1678793280212,"tick_direction":1,"price":0.076,"mark_price":0.07617745,"iv":68.29,"instrument_name":"BTC-31MAR23-24000-C","index_price":24850.34,"direction":"buy","amount":1.0},{"trade_seq":5295,"trade_id":"244998160","timestamp":1678793110615,"tick_direction":0,"price":0.076,"mark_price":0.07573554,"iv":68.0,"instrument_name":"BTC-31MAR23-24000-C","index_price":24861.94,"direction":"buy","amount":1.0},{"trade_seq":5294,"trade_id":"244995987","timestamp":1678792787387,"tick_direction":2,"price":0.0745,"mark_price":0.0741983,"iv":66.51,"instrument_name":"BTC-31MAR23-24000-C","index_price":24840.5,"direction":"sell","amount":1.0},{"trade_seq":5293,"trade_id":"244995940","timestamp":1678792784929,"tick_direction":3,"price":0.075,"mark_price":0.0742577,"iv":67.1,"instrument_name":"BTC-31MAR23-24000-C","index_price":24844.21,"direction":"buy","amount":1.0},{"trade_seq":5292,"trade_id":"244995830","timestamp":1678792777805,"tick_direction":2,"price":0.075,"mark_price":0.0744675,"iv":66.79,"instrument_name":"BTC-31MAR23-24000-C","index_price":24854.04,"direction":"buy","amount":1.0},{"trade_seq":5291,"trade_id":"244994923","timestamp":1678792690853,"tick_direction":1,"price":0.0755,"mark_price":0.07500988,"iv":66.4,"instrument_name":"BTC-31MAR23-24000-C","index_price":24892.68,"direction":"sell","amount":0.1},{"trade_seq":5290,"trade_id":"244994871","timestamp":1678792674916,"tick_direction":0,"price":0.0755,"mark_price":0.0750419,"iv":66.32,"instrument_name":"BTC-31MAR23-24000-C","index_price":24894.6,"direction":"sell","amount":0.7},{"trade_seq":5289,"trade_id":"244994094","timestamp":1678792623021,"tick_direction":0,"price":0.074,"mark_price":0.07346917,"iv":66.12,"instrument_name":"BTC-31MAR23-24000-C","index_price":24839.3,"direction":"buy","amount":2.1},{"trade_seq":5288,"trade_id":"244992468","timestamp":1678792275305,"tick_direction":0,"price":0.07,"mark_price":0.06977098,"iv":65.24,"instrument_name":"BTC-31MAR23-24000-C","index_price":24685.57,"direction":"sell","amount":0.3},{"trade_seq":5287,"trade_id":"244983800","timestamp":1678789643470,"tick_direction":0,"price":0.06,"mark_price":0.06011525,"iv":58.62,"instrument_name":"BTC-31MAR23-24000-C","index_price":24489.34,"direction":"sell","amount":0.1},{"trade_seq":5286,"trade_id":"244979213","timestamp":1678787649576,"tick_direction":1,"price":0.057,"mark_price":0.0571093,"iv":58.21,"instrument_name":"BTC-31MAR23-24000-C","index_price":24366.81,"direction":"buy","amount":7.3},{"trade_seq":5285,"trade_id":"244979141","timestamp":1678787630324,"tick_direction":1,"price":0.057,"mark_price":0.05705713,"iv":58.34,"instrument_name":"BTC-31MAR23-24000-C","index_price":24360.86,"direction":"buy","amount":0.6},{"trade_seq":5284,"trade_id":"244979140","timestamp":1678787630322,"tick_direction":1,"price":0.057,"mark_price":0.05705713,"iv":58.34,"instrument_name":"BTC-31MAR23-24000-C","index_price":24360.86,"direction":"buy","amount":0.1},{"trade_seq":5283,"trade_id":"244979137","timestamp":1678787630295,"tick_direction":1,"price":0.057,"mark_price":0.05705713,"iv":58.34,"instrument_name":"BTC-31MAR23-24000-C","index_price":24360.86,"direction":"buy","amount":0.8},{"trade_seq":5282,"trade_id":"244979077","timestamp":1678787620698,"tick_direction":1,"price":0.057,"mark_price":0.05703946,"iv":58.36,"instrument_name":"BTC-31MAR23-24000-C","index_price":24360.51,"direction":"buy","amount":0.3},{"trade_seq":5281,"trade_id":"244979076","timestamp":1678787620695,"tick_direction":1,"price":0.057,"mark_price":0.05703946,"iv":58.36,"instrument_name":"BTC-31MAR23-24000-C","index_price":24360.51,"direction":"buy","amount":0.9},{"trade_seq":5280,"trade_id":"244978548","timestamp":1678787210532,"tick_direction":0,"price":0.057,"mark_price":0.0569359,"iv":58.45,"instrument_name":"BTC-31MAR23-24000-C","index_price":24352.67,"direction":"buy","amount":0.1}