{"usOut":1682703526807399,"usIn":1682703526113472,"usDiff":693927,"testnet":false,"result":{"trades":[{"trade_seq":4575,"trade_id":"249091706","timestamp":1680224403503,"tick_direction":1,"price":0.045,"mark_price":0.04526924,"iv":82.36,"instrument_name":"BTC-31MAR23-27000-C","index_price":28273.37,"direction":"buy","amount":0.2},{"trade_seq":4574,"trade_id":"249091702","timestamp":1680224403008,"tick_direction":1,"price":0.045,"mark_price":0.04529375,"iv":82.36,"instrument_name":"BTC-31MAR23-27000-C","index_price":28269.21,"direction":"buy","amount":0.8},{"trade_seq":4573,"trade_id":"249089961","timestamp":1680224015752,"tick_direction":0,"price":0.045,"mark_price":0.0443567,"iv":112.4,"instrument_name":"BTC-31MAR23-27000-C","index_price":28235.61,"direction":"buy","amount":0.2},{"trade_seq":4572,"trade_id":"249085790","timestamp":1680222367806,"tick_direction":1,"price":0.0355,"mark_price":0.03613688,"iv":72.84,"instrument_name":"BTC-31MAR23-27000-C","index_price":27983.59,"direction":"buy","amount":0.3},{"trade_seq":4571,"trade_id":"249085784","timestamp":1680222351082,"tick_direction":1,"price":0.0355,"mark_price":0.03603516,"iv":76.82,"instrument_name":"BTC-31MAR23-27000-C","index_price":27981.13,"direction":"buy","amount":0.5},{"trade_seq":4570,"trade_id":"249085782","timestamp":1680222344090,"tick_direction":0,"price":0.0355,"mark_price":0.03592975,"iv":79.8,"instrument_name":"BTC-31MAR23-27000-C","index_price":27979.2,"direction":"buy","amount":0.2},{"trade_seq":4569,"trade_id":"249085679","timestamp":1680222263150,"tick_direction":1,"price":0.035,"mark_price":0.03560911,"iv":76.54,"instrument_name":"BTC-31MAR23-27000-C","index_price":27967.27,"direction":"buy","amount":0.8},{"trade_seq":4568,"trade_id":"249085678","timestamp":1680222263100,"tick_direction":0,"price":0.035,"mark_price":0.03560911,"iv":76.54,"instrument_name":"BTC-31MAR23-27000-C","index_price":27967.27,"direction":"buy","amount":0.2},{"trade_seq":4567,"trade_id":"249085635","timestamp":1680222232169,"tick_direction":1,"price":0.034,"mark_price":0.03461801,"iv":76.83,"instrument_name":"BTC-31MAR23-27000-C","index_price":27935.32,"direction":"buy","amount":1.0},{"trade_seq":4566,"trade_id":"249085487","timestamp":1680222155671,"tick_direction":0,"price":0.034,"mark_price":0.03486408,"iv":65.89,"instrument_name":"BTC-31MAR23-27000-C","index_price":27944.26,"direction":"buy","amount":1.0},{"trade_seq":4565,"trade_id":"249039171","timestamp":1680199842367,"tick_direction":2,"price":0.028,"mark_price":0.02906539,"iv":63.3,"instrument_name":"BTC-31MAR23-27000-C","index_price":27733.68,"direction":"sell","amount":0.3},{"trade_seq":4564,"trade_id":"249029112","timestamp":1680197780457,"tick_direction":0,"price":0.0315,"mark_price":0.03022955,"iv":87.11,"instrument_name":"BTC-31MAR23-27000-C","index_price":27788.67,"direction":"buy","amount":0.6},{"trade_seq":4563,"trade_id":"249029061","timestamp":1680197777347,"tick_direction":2,"price":0.03,"mark_price":0.03047005,"iv":67.31,"instrument_name":"BTC-31MAR23-27000-C","index_price":27794.72,"direction":"sell","amount":0.1},{"trade_seq":4562,"trade_id":"249004424","timestamp":1680191877529,"tick_direction":2,"price":0.0455,"mark_price":0.04510755,"iv":81.11,"instrument_name":"BTC-31MAR23-27000-C","index_price":28279.74,"direction":"sell","amount":1.0},{"trade_seq":4561,"trade_id":"248925963","timestamp":1680166607723,"tick_direction":1,"price":0.058,"mark_price":0.05775079,"iv":74.39,"instrument_name":"BTC-31MAR23-27000-C","index_price":28622.7,"direction":"sell","amount":0.3},{"trade_seq":4560,"trade_id":"248925961","timestamp":1680166605749,"tick_direction":1,"price":0.058,"mark_price":0.05775797,"iv":74.67,"instrument_name":"BTC-31MAR23-27000-C","index_price":28622.64,"direction":"sell","amount":0.2},{"trade_seq":4559,"trade_id":"248925960","timestamp":1680166605745,"tick_direction":1,"price":0.058,"mark_price":0.05775797,"iv":74.67,"instrument_name":"BTC-31MAR23-27000-C","index_price":28622.64,"direction":"sell","amount":0.8},{"trade_seq":4558,"trade_id":"248925959","timestamp":1680166605653,"tick_direction":1,"price":0.058,"mark_price":0.05775797,"iv":74.67,"instrument_name":"BTC-31MAR23-27000-C","index_price":28622.64,"direction":"sell","amount":0.8},{"trade_seq":4557,"trade_id":"248925948","timestamp":1680166600880,"tick_direction":1,"price":0.058,"mark_price":0.0578888,"iv":72.09,"instrument_name":"BTC-31MAR23-27000-C","index_price":28625.92,"direction":"sell","amount":0.1},{"trade_seq":4556,"trade_id":"248925947","timestamp":1680166600875,"tick_direction":0,"price":0.058,"mark_price":0.0578888,"iv":72.09,"instrument_name":"BTC-31MAR23-27000-C","index_price":28625.92,"direction":"sell","amount":0.8},{"trade_seq":4555,"trade_id":"248888645","timestamp":1680147885335,"tick_direction":2,"price":0.055,"mark_price":0.05536599,"iv":69.03,"instrument_name":"BTC-31MAR23-27000-C","index_price":28498.33,"direction":"buy","amount":0.1},{"trade_seq":4554,"trade_id":"248867063","timestamp":1680144589704,"tick_direction":2,"price":0.0705,"mark_price":0.07156561,"iv":0.0,"instrument_name":"BTC-31MAR23-27000-C","index_price":29007.18,"direction":"buy","amount":0.1},{"trade_seq":4553,"trade_id":"248863981","timestamp":1680144063396,"tick_direction":0,"price":0.0765,"mark_price":0.07677683,"iv":80.3,"instrument_name":"BTC-31MAR23-27000-C","index_price":29160.22,"direction":"sell","amount":1.0},{"trade_seq":4552,"trade_id":"248858727","timestamp":1680143516218,"tick_direction":1,"price":0.073,"mark_price":0.07213989,"iv":89.3,"instrument_name":"BTC-31MAR23-27000-C","index_price":29040.98,"direction":"buy","amount":0.1},{"trade_seq":4551,"trade_id":"248858726","timestamp":1680143516201,"tick_direction":1,"price":0.073,"mark_price":0.07213989,"iv":90.82,"instrument_name":"BTC-31MAR23-27000-C","index_price":29036.98,"direction":"buy","amount":0.1},{"trade_seq":4550,"trade_id":"248858725","timestamp":1680143516190,"tick_direction":0,"price":0.073,"mark_price":0.07213989,"iv":90.82,"instrument_name":"BTC-31MAR23-27000-C","index_price":29036.98,"direction":"buy","amount":0.8},{"trade_seq":4549,"trade_id":"248857337","timestamp":1680143461034,"tick_direction":1,"price":0.07,"mark_price":0.0679908,"iv":94.18,"instrument_name":"BTC-31MAR23-27000-C","index_price":28933.25,"direction":"buy","amount":1.0},{"trade_seq":4548,"trade_id":"248857336","timestamp":1680143461034,"tick_direction":0,"price":0.07,"mark_price":0.0679908,"iv":94.18,"instrument_name":"BTC-31MAR23-27000-C","index_price":28933.25,"direction":"buy","amount":0.5},{"trade_seq":4547,"trade_id":"248851585","timestamp":1680142890518,"tick_direction":0,"price":0.063,"mark_price":0.06293617,"iv":73.57,"instrument_name":"BTC-31MAR23-27000-C","index_price":28746.14,"direction":"sell","amount":5.0},{"trade_seq":4546,"trade_id":"248849613","timestamp":1680142830093,"tick_direction":0,"price":0.0605,"mark_price":0.0582655,"iv":83.34,"instrument_name":"BTC-31MAR23-27000-C","index_price":28646.35,"direction":"buy","amount":0.1},{"trade_seq":4545,"trade_id":"248849554","timestamp":1680142829917,"tick_direction":0,"price":0.06,"mark_price":0.0582655,"iv":78.36,"instrument_name":"BTC-31MAR23-27000-C","index_price":28646.35,"direction":"buy","amount":0.5},{"trade_seq":4544,"trade_id":"248848719","timestamp":1680142780384,"tick_direction":3,"price":0.0565,"mark_price":0.05625902,"iv":74.58,"instrument_name":"BTC-31MAR23-27000-C","index_price":28547.65,"direction":"buy","amount":0.5},{"trade_seq":4543,"trade_id":"248848717","timestamp":1680142780324,"tick_direction":3,"price":0.0565,"mark_price":0.05604937,"iv":74.58,"instrument_name":"BTC-31MAR23-27000-C","index_price":28547.65,"direction":"buy","amount":0.3},{"trade_seq":4542,"trade_id":"248848712","timestamp":1680142780287,"tick_direction":2,"price":0.0565,"mark_price":0.05604937,"iv":74.58,"instrument_name":"BTC-31MAR23-27000-C","index_price":28547.65,"direction":"buy","amount":0.2},{"trade_seq":4541,"trade_id":"248778122","timestamp":1680099554785,"tick_direction":0,"price":0.058,"mark_price":0.05774923,"iv":71.77,"instrument_name":"BTC-31MAR23-27000-C","index_price":28540.11,"direction":"sell","amount":0.2},{"trade_seq":4540,"trade_id":"248768715","timestamp":1680095468254,"tick_direction":0,"price":0.0555,"mark_price":0.0557955,"iv":66.7,"instrument_name":"BTC-31MAR23-27000-C","index_price":28472.1,"direction":"buy","amount":0.2},{"trade_seq":4539,"trade_id":"248766476","timestamp":1680094502714,"tick_direction":2,"price":0.054,"mark_price":0.05366586,"iv":71.36,"instrument_name":"BTC-31MAR23-27000-C","index_price":28394.11,"direction":"sell","amount":2.0},{"trade_seq":4538,"trade_id":"248754529","timestamp":1680086391231,"tick_direction":3,"price":0.055,"mark_price":0.05424056,"iv":73.41,"instrument_name":"BTC-31MAR23-27000-C","index_price":28424.18,"direction":"sell","amount":1.0},{"trade_seq":4537,"trade_id":"248754381","timestamp":1680086241858,"tick_direction":3,"price":0.055,"mark_price":0.05437421,"iv":72.58,"instrument_name":"BTC-31MAR23-27000-C","index_price":28432.38,"direction":"sell","amount":0.3},{"trade_seq":4536,"trade_id":"248754377","timestamp":1680086240248,"tick_direction":2,"price":0.055,"mark_price":0.05436072,"iv":72.66,"instrument_name":"BTC-31MAR23-27000-C","index_price":28432.59,"direction":"sell","amount":0.7},{"trade_seq":4535,"trade_id":"248746836","timestamp":1680082318002,"tick_direction":2,"price":0.0555,"mark_price":0.05558273,"iv":71.35,"instrument_name":"BTC-31MAR23-27000-C","index_price":28445.23,"direction":"sell","amount":0.5},{"trade_seq":4534,"trade_id":"248745716","timestamp":1680081960091,"tick_direction":3,"price":0.058,"mark_price":0.05798681,"iv":71.9,"instrument_name":"BTC-31MAR23-27000-C","index_price":28526.96,"direction":"buy","amount":16.8},{"trade_seq":4533,"trade_id":"248745715","timestamp":1680081956728,"tick_direction":3,"price":0.058,"mark_price":0.05800504,"iv":71.84,"instrument_name":"BTC-31MAR23-27000-C","index_price":28527.46,"direction":"buy","amount":1.5},{"trade_seq":4532,"trade_id":"248745714","timestamp":1680081940578,"tick_direction":3,"price":0.058,"mark_price":0.05792334,"iv":71.89,"instrument_name":"BTC-31MAR23-27000-C","index_price":28524.13,"direction":"buy","amount":1.3},{"trade_seq":4531,"trade_id":"248745509","timestamp":1680081774516,"tick_direction":3,"price":0.058,"mark_price":0.05802664,"iv":71.2,"instrument_name":"BTC-31MAR23-27000-C","index_price":28526.54,"direction":"buy","amount":2.2},{"trade_seq":4530,"trade_id":"248745483","timestamp":1680081751605,"tick_direction":2,"price":0.058,"mark_price":0.05801813,"iv":71.81,"instrument_name":"BTC-31MAR23-27000-C","index_price":28524.62,"direction":"buy","amount":0.1},{"trade_seq":4529,"trade_id":"248738411","timestamp":1680079139339,"tick_direction":1,"price":0.061,"mark_price":0.06019659,"iv":75.98,"instrument_name":"BTC-31MAR23-27000-C","index_price":28608.91,"direction":"buy","amount":1.0},{"trade_seq":4528,"trade_id":"248738056","timestamp":1680079073636,"tick_direction":0,"price":0.061,"mark_price":0.06092387,"iv":67.8,"instrument_name":"BTC-31MAR23-27000-C","index_price":28645.45,"direction":"buy","amount":1.0},{"trade_seq":4527,"trade_id":"248720747","timestamp":1680076705393,"tick_direction":0,"price":0.045,"mark_price":0.04504384,"iv":66.47,"instrument_name":"BTC-31MAR23-27000-C","index_price":28085.31,"direction":"buy","amount":0.2},{"trade_seq":4526,"trade_id":"248693675","timestamp":1680067985802,"tick_direction":0,"price":0.0295,"mark_price":0.02956829,"iv":58.79,"instrument_name":"BTC-31MAR23-27000-C","index_price":27549.74,"direction":"sell","amount":0.4},{"trade_seq":4525,"trade_id":"248690782","timestamp":1680066353508,"tick_direction":2,"price":0.0265,"mark_price":0.0312488,"iv":38.86,"instrument_name":"BTC-31MAR23-27000-C","index_price":27622.85,"direction":"sell","amount":0.1},{"trade_seq":4524,"trade_id":"248690547","timestamp":1680066319189,"tick_direction":0,"price":0.031,"mark_price":0.03096481,"iv":58.32,"instrument_name":"BTC-31MAR23-27000-C","index_price":27611.66,"direction":"buy","amount":0.2},{"trade_seq":4523,"trade_id":"248682869","timestamp":1680062779629,"tick_direction":3,"price":0.024,"mark_price":0.02440441,"iv":53.67,"instrument_name":"BTC-31MAR23-27000-C","index_price":27377.34,"direction":"sell","amount":0.1},{"trade_seq":4522,"trade_id":"248682868","timestamp":1680062777861,"tick_direction":3,"price":0.024,"mark_price":0.024394,"iv":53.71,"instrument_name":"BTC-31MAR23-27000-C","index_price":27376.98,"direction":"sell","amount":0.1},{"trade_seq":4521,"trade_id":"248682866","timestamp":1680062773177,"tick_direction":3,"price":0.024,"mark_price":0.02438921,"iv":53.72,"instrument_name":"BTC-31MAR23-27000-C","index_price":27377.15,"direction":"sell","amount":0.1},{"trade_seq":4520,"trade_id":"248682865","timestamp":1680062772550,"tick_direction":3,"price":0.024,"mark_price":0.02438921,"iv":53.72,"instrument_name":"BTC-31MAR23-27000-C","index_price":27377.08,"direction":"sell","amount":0.1},{"trade_seq":4519,"trade_id":"248681265","timestamp":1680061497492,"tick_direction":3,"price":0.024,"mark_price":0.02423126,"iv":53.98,"instrument_name":"BTC-31MAR23-27000-C","index_price":27369.84,"direction":"sell","amount":0.2},{"trade_seq":4518,"trade_id":"248681261","timestamp":1680061497119,"tick_direction":2,"price":0.024,"mark_price":0.02423126,"iv":53.98,"instrument_name":"BTC-31MAR23-27000-C","index_price":27369.59,"direction":"sell","amount":0.3},{"trade_seq":4517,"trade_id":"248670408","timestamp":1680049474166,"tick_direction":0,"price":0.0245,"mark_price":0.02402162,"iv":57.66,"instrument_name":"BTC-31MAR23-27000-C","index_price":27319.51,"direction":"buy","amount":0.2},{"trade_seq":4516,"trade_id":"248669358","timestamp":1680048379482,"tick_direction":2,"price":0.023,"mark_price":0.02332854,"iv":55.05,"instrument_name":"BTC-31MAR23-27000-C","index_price":27275.79,"direction":"buy","amount":0.6},{"trade_seq":4515,"trade_id":"248665634","timestamp":1680044858343,"tick_direction":0,"price":0.0245,"mark_price":0.02422903,"iv":57.2,"instrument_name":"BTC-31MAR23-27000-C","index_price":27300.41,"direction":"buy","amount":1.9},{"trade_seq":4514,"trade_id":"248660312","timestamp":1680040190273,"tick_direction":2,"price":0.0215,"mark_price":0.02145521,"iv":56.58,"instrument_name":"BTC-31MAR23-27000-C","index_price":27155.47,"direction":"buy","amount":0.1},{"trade_seq":4513,"trade_id":"248656791","timestamp":1680037093344,"tick_direction":0,"price":0.0255,"mark_price":0.02513104,"iv":58.45,"instrument_name":"BTC-31MAR23-27000-C","index_price":27318.82,"direction":"buy","amount":0.1},{"trade_seq":4512,"trade_id":"248656531","timestamp":1680036948376,"tick_direction":2,"price":0.025,"mark_price":0.02471403,"iv":58.14,"instrument_name":"BTC-31MAR23-27000-C","index_price":27297.04,"direction":"buy","amount":0.1},{"trade_seq":4511,"trade_id":"248647729","timestamp":1680033166429,"tick_direction":1,"price":0.03,"mark_price":0.02969137,"iv":58.96,"instrument_name":"BTC-31MAR23-27000-C","index_price":27497.9,"direction":"buy","amount":0.8},{"trade_seq":4510,"trade_id":"248647687","timestamp":1680033164687,"tick_direction":0,"price":0.03,"mark_price":0.02952152,"iv":59.2,"instrument_name":"BTC-31MAR23-27000-C","index_price":27490.86,"direction":"buy","amount":2.2},{"trade_seq":4509,"trade_id":"248643620","timestamp":1680031327448,"tick_direction":2,"price":0.0235,"mark_price":0.02336226,"iv":58.75,"instrument_name":"BTC-31MAR23-27000-C","index_price":27199.47,"direction":"buy","amount":0.1},{"trade_seq":4508,"trade_id":"248638728","timestamp":1680030027249,"tick_direction":1,"price":0.028,"mark_price":0.02738349,"iv":60.07,"instrument_name":"BTC-31MAR23-27000-C","index_price":27387.83,"direction":"buy","amount":0.1},{"trade_seq":4507,"trade_id":"248638712","timestamp":1680030027196,"tick_direction":0,"price":0.028,"mark_price":0.02738349,"iv":60.07,"instrument_name":"BTC-31MAR23-27000-C","index_price":27387.83,"direction":"buy","amount":3.2},{"trade_seq":4506,"trade_id":"248637261","timestamp":1680029833263,"tick_direction":0,"price":0.027,"mark_price":0.02648027,"iv":59.32,"instrument_name":"BTC-31MAR23-27000-C","index_price":27360.15,"direction":"buy","amount":0.1},{"trade_seq":4505,"trade_id":"248630759","timestamp":1680028560253,"tick_direction":1,"price":0.017,"mark_price":0.01675876,"iv":56.98,"instrument_name":"BTC-31MAR23-27000-C","index_price":26885.51,"direction":"buy","amount":0.9},{"trade_seq":4504,"trade_id":"248630758","timestamp":1680028560253,"tick_direction":0,"price":0.017,"mark_price":0.01675876,"iv":56.98,"instrument_name":"BTC-31MAR23-27000-C","index_price":26885.51,"direction":"buy","amount":0.1},{"trade_seq":4503,"trade_id":"248629296","timestamp":1680026721765,"tick_direction":3,"price":0.0165,"mark_price":0.01689954,"iv":55.33,"instrument_name":"BTC-31MAR23-27000-C","index_price":26878.84,"direction":"sell","amount":1.0},{"trade_seq":4502,"trade_id":"248628773","timestamp":1680026334672,"tick_direction":3,"price":0.0165,"mark_price":0.01673157,"iv":55.91,"instrument_name":"BTC-31MAR23-27000-C","index_price":26870.56,"direction":"sell","amount":0.1},{"trade_seq":4501,"trade_id":"248625870","timestamp":1680024493816,"tick_direction":2,"price":0.0165,"mark_price":0.0162657,"iv":57.28,"instrument_name":"BTC-31MAR23-27000-C","index_price":26857.35,"direction":"buy","amount":0.1},{"trade_seq":4500,"trade_id":"248623350","timestamp":1680023235980,"tick_direction":0,"price":0.0175,"mark_price":0.01767647,"iv":56.39,"instrument_name":"BTC-31MAR23-27000-C","index_price":26909.53,"direction":"sell","amount":2.7},{"trade_seq":4499,"trade_id":"248623051","timestamp":1680023106018,"tick_direction":3,"price":0.017,"mark_price":0.01703402,"iv":56.82,"instrument_name":"BTC-31MAR23-27000-C","index_price":26869.48,"direction":"sell","amount":0.3},{"trade_seq":4498,"trade_id":"248622778","timestamp":1680022876956,"tick_direction":2,"price":0.017,"mark_price":0.01693977,"iv":57.17,"instrument_name":"BTC-31MAR23-27000-C","index_price":26862.03,"direction":"sell","amount":0.5},{"trade_seq":4497,"trade_id":"248622592","timestamp":1680022727527,"tick_direction":1,"price":0.0175,"mark_price":0.01726736,"iv":57.93,"instrument_name":"BTC-31MAR23-27000-C","index_price":26879.07,"direction":"buy","amount":0.4},{"trade_seq":4496,"trade_id":"248622591","timestamp":1680022727527,"tick_direction":0,"price":0.0175,"mark_price":0.01726736,"iv":57.93,"instrument_name":"BTC-31MAR23-27000-C","index_price":26879.07,"direction":"buy","amount":0.1},{"trade_seq":4495,"trade_id":"248622262","timestamp":1680022478779,"tick_direction":3,"price":0.017,"mark_price":0.01692092,"iv":56.91,"instrument_name":"BTC-31MAR23-27000-C","index_price":26867.94,"direction":"buy","amount":0.7},{"trade_seq":4494,"trade_id":"248622261","timestamp":1680022478779,"tick_direction":2,"price":0.017,"mark_price":0.01692092,"iv":56.91,"instrument_name":"BTC-31MAR23-27000-C","index_price":26867.94,"direction":"buy","amount":0.1},{"trade_seq":4493,"trade_id":"248622160","timestamp":1680022453761,"tick_direction":0,"price":0.0176,"mark_price":0.01681775,"iv":59.06,"instrument_name":"BTC-31MAR23-27000-C","index_price":26868.92,"direction":"sell","block_trade_id":"70285","amount":25.0},{"trade_seq":4492,"trade_id":"248622157","timestamp":1680022448288,"tick_direction":3,"price":0.017,"mark_price":0.01689812,"iv":57.06,"instrument_name":"BTC-31MAR23-27000-C","index_price":26870.41,"direction":"sell","amount":0.5},{"trade_seq":4491,"trade_id":"248621943","timestamp":1680022255154,"tick_direction":2,"price":0.017,"mark_price":0.01743859,"iv":55.49,"instrument_name":"BTC-31MAR23-27000-C","index_price":26906.95,"direction":"sell","amount":5.0},{"trade_seq":4490,"trade_id":"248621942","timestamp":1680022254902,"tick_direction":3,"price":0.0175,"mark_price":0.01743859,"iv":56.97,"instrument_name":"BTC-31MAR23-27000-C","index_price":26906.95,"direction":"sell","amount":0.5},{"trade_seq":4489,"trade_id":"248621884","timestamp":1680022186371,"tick_direction":2,"price":0.0175,"mark_price":0.0176984,"iv":56.24,"instrument_name":"BTC-31MAR23-27000-C","index_price":26923.56,"direction":"sell","amount":0.5},{"trade_seq":4488,"trade_id":"248621871","timestamp":1680022151784,"tick_direction":3,"price":0.018,"mark_price":0.01786825,"iv":57.25,"instrument_name":"BTC-31MAR23-27000-C","index_price":26930.35,"direction":"buy","amount":0.4},{"trade_seq":4487,"trade_id":"248621870","timestamp":1680022151784,"tick_direction":3,"price":0.018,"mark_price":0.01786825,"iv":57.25,"instrument_name":"BTC-31MAR23-27000-C","index_price":26930.35,"direction":"buy","amount":0.1},{"trade_seq":4486,"trade_id":"248620210","timestamp":1680020273476,"tick_direction":2,"price":0.018,"mark_price":0.01768948,"iv":58.19,"instrument_name":"BTC-31MAR23-27000-C","index_price":26910.15,"direction":"buy","amount":0.1},{"trade_seq":4485,"trade_id":"248618941","timestamp":1680019368763,"tick_direction":0,"price":0.02,"mark_price":0.01984805,"iv":57.9,"instrument_name":"BTC-31MAR23-27000-C","index_price":27022.3,"direction":"sell","amount":2.0},{"trade_seq":4484,"trade_id":"248618825","timestamp":1680019265110,"tick_direction":3,"price":0.0195,"mark_price":0.01936473,"iv":57.85,"instrument_name":"BTC-31MAR23-27000-C","index_price":26997.5,"direction":"sell","amount":2.0},{"trade_seq":4483,"trade_id":"248614429","timestamp":1680014901849,"tick_direction":2,"price":0.0195,"mark_price":0.01975953,"iv":57.52,"instrument_name":"BTC-31MAR23-27000-C","index_price":26987.82,"direction":"buy","amount":1.0},{"trade_seq":4482,"trade_id":"248612180","timestamp":1680013381249,"tick_direction":0,"price":0.02,"mark_price":0.01937949,"iv":60.34,"instrument_name":"BTC-31MAR23-27000-C","index_price":26961.37,"direction":"buy","amount":4.0},{"trade_seq":4481,"trade_id":"248612179","timestamp":1680013369227,"tick_direction":3,"price":0.0195,"mark_price":0.01939876,"iv":58.8,"instrument_name":"BTC-31MAR23-27000-C","index_price":26962.41,"direction":"buy","amount":0.9},{"trade_seq":4480,"trade_id":"248612178","timestamp":1680013369227,"tick_direction":2,"price":0.0195,"mark_price":0.01939876,"iv":58.8,"instrument_name":"BTC-31MAR23-27000-C","index_price":26962.41,"direction":"buy","amount":0.1},{"trade_seq":4479,"trade_id":"248608033","timestamp":1680011407891,"tick_direction":0,"price":0.02,"mark_price":0.01999211,"iv":59.35,"instrument_name":"BTC-31MAR23-27000-C","index_price":26972.86,"direction":"buy","amount":0.1},{"trade_seq":4478,"trade_id":"248607701","timestamp":1680011084112,"tick_direction":3,"price":0.019,"mark_price":0.01919502,"iv":58.89,"instrument_name":"BTC-31MAR23-27000-C","index_price":26927.31,"direction":"sell","amount":0.1},{"trade_seq":4477,"trade_id":"248605399","timestamp":1680009391088,"tick_direction":3,"price":0.019,"mark_price":0.01895522,"iv":59.52,"instrument_name":"BTC-31MAR23-27000-C","index_price":26896.34,"direction":"buy","amount":4.0},{"trade_seq":4476,"trade_id":"248605398","timestamp":1680009391088,"tick_direction":3,"price":0.019,"mark_price":0.01895522,"iv":59.52,"instrument_name":"BTC-31MAR23-27000-C","index_price":26896.34,"direction":"buy","amount":1.0},{"trade_seq":4475,"trade_id":"248605163","timestamp":1680009180311,"tick_direction":2,"price":0.019,"mark_price":0.01909921,"iv":59.36,"instrument_name":"BTC-31MAR23-27000-C","index_price":26904.8,"direction":"buy","amount":0.1},{"trade_seq":4474,"trade_id":"248605031","timestamp":1680009146969,"tick_direction":3,"price":0.0195,"mark_price":0.01928082,"iv":60.22,"instrument_name":"BTC-31MAR23-27000-C","index_price":26920.66,"direction":"sell","amount":6.1},{"trade_seq":4473,"trade_id":"248605029","timestamp":1680009146922,"tick_direction":3,"price":0.0195,"mark_price":0.01928082,"iv":60.22,"instrument_name":"BTC-31MAR23-27000-C","index_price":26920.66,"direction":"sell","amount":0.1},{"trade_seq":4472,"trade_id":"248605028","timestamp":1680009146912,"tick_direction":3,"price":0.0195,"mark_price":0.01928082,"iv":60.22,"instrument_name":"BTC-31MAR23-27000-C","index_price":26920.66,"direction":"sell","amount":0.2},{"trade_seq":4471,"trade_id":"248605026","timestamp":1680009146906,"tick_direction":3,"price":0.0195,"mark_price":0.01928082,"iv":60.22,"instrument_name":"BTC-31MAR23-27000-C","index_price":26920.66,"direction":"sell","amount":1.1},{"trade_seq":4470,"trade_id":"248605025","timestamp":1680009146901,"tick_direction":3,"price":0.0195,"mark_price":0.01928082,"iv":60.22,"instrument_name":"BTC-31MAR23-27000-C","index_price":26920.66,"direction":"sell","amount":2.5},{"trade_seq":4469,"trade_id":"248605024","timestamp":1680009146901,"tick_direction":3,"price":0.0195,"mark_price":0.01928082,"iv":60.22,"instrument_name":"BTC-31MAR23-27000-C","index_price":26920.66,"direction":"sell","amount":5.0},{"trade_seq":4468,"trade_id":"248604983","timestamp":1680009140249,"tick_direction":2,"price":0.0195,"mark_price":0.01934615,"iv":59.86,"instrument_name":"BTC-31MAR23-27000-C","index_price":26928.18,"direction":"sell","amount":20.0},{"trade_seq":4467,"trade_id":"248604909","timestamp":1680009096964,"tick_direction":3,"price":0.0196,"mark_price":0.0193482,"iv":59.82,"instrument_name":"BTC-31MAR23-27000-C","index_price":26934.76,"direction":"sell","block_trade_id":"70258","amount":25.0},{"trade_seq":4466,"trade_id":"248604762","timestamp":1680009007222,"tick_direction":2,"price":0.0196,"mark_price":0.0192109,"iv":59.68,"instrument_name":"BTC-31MAR23-27000-C","index_price":26939.04,"direction":"sell","block_trade_id":"70257","amount":25.0},{"trade_seq":4465,"trade_id":"248603935","timestamp":1680008728098,"tick_direction":0,"price":0.0199,"mark_price":0.01972414,"iv":57.83,"instrument_name":"BTC-31MAR23-27000-C","index_price":26991.19,"direction":"sell","block_trade_id":"70256","amount":25.0},{"trade_seq":4464,"trade_id":"248603685","timestamp":1680008616321,"tick_direction":2,"price":0.0195,"mark_price":0.01924784,"iv":57.52,"instrument_name":"BTC-31MAR23-27000-C","index_price":26978.38,"direction":"buy","amount":50.0},{"trade_seq":4463,"trade_id":"248602494","timestamp":1680007665286,"tick_direction":0,"price":0.02,"mark_price":0.01985549,"iv":57.21,"instrument_name":"BTC-31MAR23-27000-C","index_price":27013.87,"direction":"buy","amount":0.1},{"trade_seq":4462,"trade_id":"248599792","timestamp":1680006346018,"tick_direction":3,"price":0.019,"mark_price":0.01939285,"iv":55.87,"instrument_name":"BTC-31MAR23-27000-C","index_price":26980.43,"direction":"buy","amount":3.9},{"trade_seq":4461,"trade_id":"248599791","timestamp":1680006346016,"tick_direction":3,"price":0.019,"mark_price":0.01939285,"iv":55.87,"instrument_name":"BTC-31MAR23-27000-C","index_price":26980.43,"direction":"sell","amount":0.1},{"trade_seq":4460,"trade_id":"248599790","timestamp":1680006346016,"tick_direction":2,"price":0.019,"mark_price":0.01939285,"iv":55.87,"instrument_name":"BTC-31MAR23-27000-C","index_price":26980.43,"direction":"sell","amount":6.0},{"trade_seq":4459,"trade_id":"248598599","timestamp":1680005757942,"tick_direction":1,"price":0.0215,"mark_price":0.02164618,"iv":56.61,"instrument_name":"BTC-31MAR23-27000-C","index_price":27101.88,"direction":"buy","amount":0.5},{"trade_seq":4458,"trade_id":"248598598","timestamp":1680005757940,"tick_direction":0,"price":0.0215,"mark_price":0.02164618,"iv":56.61,"instrument_name":"BTC-31MAR23-27000-C","index_price":27101.88,"direction":"sell","amount":0.6},{"trade_seq":4457,"trade_id":"248598557","timestamp":1680005719831,"tick_direction":3,"price":0.021,"mark_price":0.02148047,"iv":55.68,"instrument_name":"BTC-31MAR23-27000-C","index_price":27092.98,"direction":"sell","block_trade_id":"70254","amount":40.0},{"trade_seq":4456,"trade_id":"248598534","timestamp":1680005702698,"tick_direction":2,"price":0.021,"mark_price":0.02127935,"iv":56.29,"instrument_name":"BTC-31MAR23-27000-C","index_price":27081.02,"direction":"sell","amount":0.6},{"trade_seq":4455,"trade_id":"248598504","timestamp":1680005681296,"tick_direction":0,"price":0.0211,"mark_price":0.02132265,"iv":56.39,"instrument_name":"BTC-31MAR23-27000-C","index_price":27087.67,"direction":"sell","block_trade_id":"70252","amount":40.0},{"trade_seq":4454,"trade_id":"248598463","timestamp":1680005649865,"tick_direction":3,"price":0.021,"mark_price":0.02114048,"iv":56.6,"instrument_name":"BTC-31MAR23-27000-C","index_price":27077.84,"direction":"sell","block_trade_id":"70251","amount":40.0},{"trade_seq":4453,"trade_id":"248598386","timestamp":1680005599572,"tick_direction":2,"price":0.021,"mark_price":0.02107988,"iv":56.73,"instrument_name":"BTC-31MAR23-27000-C","index_price":27076.69,"direction":"sell","block_trade_id":"70250","amount":40.0},{"trade_seq":4452,"trade_id":"248597904","timestamp":1680005363060,"tick_direction":2,"price":0.022,"mark_price":0.02204199,"iv":56.88,"instrument_name":"BTC-31MAR23-27000-C","index_price":27121.66,"direction":"buy","amount":1.4},{"trade_seq":4451,"trade_id":"248596355","timestamp":1680004891276,"tick_direction":0,"price":0.0225,"mark_price":0.02234484,"iv":57.46,"instrument_name":"BTC-31MAR23-27000-C","index_price":27138.58,"direction":"buy","amount":1.0},{"trade_seq":4450,"trade_id":"248592201","timestamp":1680004124477,"tick_direction":1,"price":0.0185,"mark_price":0.01839475,"iv":56.57,"instrument_name":"BTC-31MAR23-27000-C","index_price":26930.96,"direction":"buy","amount":0.1},{"trade_seq":4449,"trade_id":"248592200","timestamp":1680004124477,"tick_direction":1,"price":0.0185,"mark_price":0.01839475,"iv":56.57,"instrument_name":"BTC-31MAR23-27000-C","index_price":26930.96,"direction":"buy","amount":0.1},{"trade_seq":4448,"trade_id":"248592199","timestamp":1680004124477,"tick_direction":1,"price":0.0185,"mark_price":0.01839475,"iv":56.57,"instrument_name":"BTC-31MAR23-27000-C","index_price":26930.96,"direction":"buy","amount":0.1},{"trade_seq":4447,"trade_id":"248590945","timestamp":1680002871277,"tick_direction":1,"price":0.0185,"mark_price":0.01868009,"iv":56.2,"instrument_name":"BTC-31MAR23-27000-C","index_price":26936.39,"direction":"buy","amount":0.2},{"trade_seq":4446,"trade_id":"248590941","timestamp":1680002866947,"tick_direction":0,"price":0.0185,"mark_price":0.01856676,"iv":56.38,"instrument_name":"BTC-31MAR23-27000-C","index_price":26931.65,"direction":"buy","amount":0.8},{"trade_seq":4445,"trade_id":"248590937","timestamp":1680002866354,"tick_direction":3,"price":0.018,"mark_price":0.01856676,"iv":54.96,"instrument_name":"BTC-31MAR23-27000-C","index_price":26931.65,"direction":"sell","amount":0.8},{"trade_seq":4444,"trade_id":"248590936","timestamp":1680002866354,"tick_direction":3,"price":0.018,"mark_price":0.01856676,"iv":54.96,"instrument_name":"BTC-31MAR23-27000-C","index_price":26931.65,"direction":"sell","amount":0.1},{"trade_seq":4443,"trade_id":"248590935","timestamp":1680002866354,"tick_direction":2,"price":0.018,"mark_price":0.01856676,"iv":54.96,"instrument_name":"BTC-31MAR23-27000-C","index_price":26931.65,"direction":"sell","amount":0.1},{"trade_seq":4442,"trade_id":"248590459","timestamp":1680002654522,"tick_direction":1,"price":0.0195,"mark_price":0.01946498,"iv":56.76,"instrument_name":"BTC-31MAR23-27000-C","index_price":26984.69,"direction":"buy","amount":0.2},{"trade_seq":4441,"trade_id":"248590455","timestamp":1680002654345,"tick_direction":0,"price":0.0195,"mark_price":0.01946498,"iv":56.79,"instrument_name":"BTC-31MAR23-27000-C","index_price":26976.77,"direction":"buy","amount":0.8},{"trade_seq":4440,"trade_id":"248589277","timestamp":1680002307051,"tick_direction":0,"price":0.017,"mark_price":0.01711842,"iv":56.14,"instrument_name":"BTC-31MAR23-27000-C","index_price":26849.53,"direction":"buy","amount":1.0},{"trade_seq":4439,"trade_id":"248589131","timestamp":1680002132580,"tick_direction":1,"price":0.0165,"mark_price":0.01679032,"iv":55.6,"instrument_name":"BTC-31MAR23-27000-C","index_price":26830.46,"direction":"sell","amount":1.0},{"trade_seq":4438,"trade_id":"248589118","timestamp":1680002104562,"tick_direction":0,"price":0.0165,"mark_price":0.01681639,"iv":55.57,"instrument_name":"BTC-31MAR23-27000-C","index_price":26833.53,"direction":"sell","amount":1.0},{"trade_seq":4437,"trade_id":"248588723","timestamp":1680001951017,"tick_direction":1,"price":0.016,"mark_price":0.01613695,"iv":55.99,"instrument_name":"BTC-31MAR23-27000-C","index_price":26797.35,"direction":"buy","amount":0.1},{"trade_seq":4436,"trade_id":"248588713","timestamp":1680001944281,"tick_direction":1,"price":0.016,"mark_price":0.01604399,"iv":56.2,"instrument_name":"BTC-31MAR23-27000-C","index_price":26798.25,"direction":"buy","amount":0.1},{"trade_seq":4435,"trade_id":"248588712","timestamp":1680001944276,"tick_direction":1,"price":0.016,"mark_price":0.01604399,"iv":56.2,"instrument_name":"BTC-31MAR23-27000-C","index_price":26798.25,"direction":"buy","amount":0.1},{"trade_seq":4434,"trade_id":"248588711","timestamp":1680001944272,"tick_direction":0,"price":0.016,"mark_price":0.01604399,"iv":56.2,"instrument_name":"BTC-31MAR23-27000-C","index_price":26798.25,"direction":"buy","amount":0.7},{"trade_seq":4433,"trade_id":"248588626","timestamp":1680001899297,"tick_direction":1,"price":0.0155,"mark_price":0.01568636,"iv":55.81,"instrument_name":"BTC-31MAR23-27000-C","index_price":26766.98,"direction":"buy","amount":1.0},{"trade_seq":4432,"trade_id":"248588511","timestamp":1680001798397,"tick_direction":0,"price":0.0155,"mark_price":0.01554833,"iv":56.17,"instrument_name":"BTC-31MAR23-27000-C","index_price":26760.81,"direction":"buy","amount":1.0},{"trade_seq":4431,"trade_id":"248588472","timestamp":1680001747648,"tick_direction":2,"price":0.015,"mark_price":0.01559419,"iv":54.66,"instrument_name":"BTC-31MAR23-27000-C","index_price":26759.73,"direction":"sell","amount":1.0},{"trade_seq":4430,"trade_id":"248588442","timestamp":1680001703047,"tick_direction":3,"price":0.0155,"mark_price":0.01570934,"iv":55.82,"instrument_name":"BTC-31MAR23-27000-C","index_price":26763.41,"direction":"buy","amount":1.0},{"trade_seq":4429,"trade_id":"248588407","timestamp":1680001663397,"tick_direction":2,"price":0.0155,"mark_price":0.01584801,"iv":55.44,"instrument_name":"BTC-31MAR23-27000-C","index_price":26773.07,"direction":"sell","amount":1.0},{"trade_seq":4428,"trade_id":"248588288","timestamp":1680001485830,"tick_direction":0,"price":0.016,"mark_price":0.01620771,"iv":55.95,"instrument_name":"BTC-31MAR23-27000-C","index_price":26795.9,"direction":"buy","amount":1.0},{"trade_seq":4427,"trade_id":"248587940","timestamp":1680001260518,"tick_direction":1,"price":0.0155,"mark_price":0.01576012,"iv":56.06,"instrument_name":"BTC-31MAR23-27000-C","index_price":26761.7,"direction":"buy","amount":0.8},{"trade_seq":4426,"trade_id":"248587939","timestamp":1680001260515,"tick_direction":1,"price":0.0155,"mark_price":0.01576012,"iv":56.06,"instrument_name":"BTC-31MAR23-27000-C","index_price":26761.7,"direction":"sell","amount":0.2},{"trade_seq":4425,"trade_id":"248587731","timestamp":1680001168172,"tick_direction":1,"price":0.0155,"mark_price":0.01543404,"iv":57.05,"instrument_name":"BTC-31MAR23-27000-C","index_price":26738.28,"direction":"sell","amount":4.0},{"trade_seq":4424,"trade_id":"248587652","timestamp":1680001116207,"tick_direction":0,"price":0.0155,"mark_price":0.01531139,"iv":57.28,"instrument_name":"BTC-31MAR23-27000-C","index_price":26733.08,"direction":"sell","amount":1.0},{"trade_seq":4423,"trade_id":"248587378","timestamp":1680000977790,"tick_direction":3,"price":0.015,"mark_price":0.0148555,"iv":56.97,"instrument_name":"BTC-31MAR23-27000-C","index_price":26705.13,"direction":"buy","amount":5.0},{"trade_seq":4422,"trade_id":"248585786","timestamp":1680000477871,"tick_direction":3,"price":0.015,"mark_price":0.0147056,"iv":57.02,"instrument_name":"BTC-31MAR23-27000-C","index_price":26697.71,"direction":"sell","amount":3.4},{"trade_seq":4421,"trade_id":"248585785","timestamp":1680000477870,"tick_direction":3,"price":0.015,"mark_price":0.0147056,"iv":57.02,"instrument_name":"BTC-31MAR23-27000-C","index_price":26697.71,"direction":"sell","amount":1.9},{"trade_seq":4420,"trade_id":"248585784","timestamp":1680000477868,"tick_direction":3,"price":0.015,"mark_price":0.0147056,"iv":57.02,"instrument_name":"BTC-31MAR23-27000-C","index_price":26697.71,"direction":"buy","amount":1.1},{"trade_seq":4419,"trade_id":"248585783","timestamp":1680000477868,"tick_direction":3,"price":0.015,"mark_price":0.0147056,"iv":57.02,"instrument_name":"BTC-31MAR23-27000-C","index_price":26697.71,"direction":"buy","amount":0.2},{"trade_seq":4418,"trade_id":"248583014","timestamp":1679999705053,"tick_direction":2,"price":0.015,"mark_price":0.01493719,"iv":56.18,"instrument_name":"BTC-31MAR23-27000-C","index_price":26717.42,"direction":"sell","amount":0.1},{"trade_seq":4417,"trade_id":"248580686","timestamp":1679998988833,"tick_direction":2,"price":0.016,"mark_price":0.01628338,"iv":54.55,"instrument_name":"BTC-31MAR23-27000-C","index_price":26808.73,"direction":"sell","amount":1.0},{"trade_seq":4416,"trade_id":"248578713","timestamp":1679997316660,"tick_direction":0,"price":0.0185,"mark_price":0.01815383,"iv":56.53,"instrument_name":"BTC-31MAR23-27000-C","index_price":26904.93,"direction":"buy","amount":1.0},{"trade_seq":4415,"trade_id":"248577583","timestamp":1679996824888,"tick_direction":2,"price":0.0175,"mark_price":0.01786059,"iv":54.75,"instrument_name":"BTC-31MAR23-27000-C","index_price":26871.88,"direction":"sell","amount":0.5},{"trade_seq":4414,"trade_id":"248577069","timestamp":1679996333192,"tick_direction":3,"price":0.019,"mark_price":0.01915177,"iv":54.8,"instrument_name":"BTC-31MAR23-27000-C","index_price":26968.74,"direction":"buy","amount":1.0},{"trade_seq":4413,"trade_id":"248576940","timestamp":1679996093564,"tick_direction":2,"price":0.019,"mark_price":0.01923174,"iv":54.39,"instrument_name":"BTC-31MAR23-27000-C","index_price":26976.86,"direction":"sell","amount":1.0},{"trade_seq":4412,"trade_id":"248575297","timestamp":1679994495380,"tick_direction":1,"price":0.0205,"mark_price":0.0204698,"iv":56.07,"instrument_name":"BTC-31MAR23-27000-C","index_price":27017.35,"direction":"sell","amount":0.1},{"trade_seq":4411,"trade_id":"248574541","timestamp":1679993452214,"tick_direction":0,"price":0.0205,"mark_price":0.0205217,"iv":56.22,"instrument_name":"BTC-31MAR23-27000-C","index_price":27018.77,"direction":"buy","amount":2.5},{"trade_seq":4410,"trade_id":"248573051","timestamp":1679992210932,"tick_direction":3,"price":0.0195,"mark_price":0.0196203,"iv":55.74,"instrument_name":"BTC-31MAR23-27000-C","index_price":26969.96,"direction":"buy","amount":0.1},{"trade_seq":4409,"trade_id":"248571067","timestamp":1679990937893,"tick_direction":3,"price":0.0195,"mark_price":0.01978965,"iv":55.58,"instrument_name":"BTC-31MAR23-27000-C","index_price":26979.05,"direction":"buy","amount":1.3},{"trade_seq":4408,"trade_id":"248571066","timestamp":1679990937893,"tick_direction":3,"price":0.0195,"mark_price":0.01978965,"iv":55.58,"instrument_name":"BTC-31MAR23-27000-C","index_price":26979.05,"direction":"buy","amount":1.4},{"trade_seq":4407,"trade_id":"248570520","timestamp":1679990749398,"tick_direction":3,"price":0.0195,"mark_price":0.01983664,"iv":55.81,"instrument_name":"BTC-31MAR23-27000-C","index_price":26974.93,"direction":"sell","amount":1.6},{"trade_seq":4406,"trade_id":"248569918","timestamp":1679990628662,"tick_direction":3,"price":0.0195,"mark_price":0.01941121,"iv":56.85,"instrument_name":"BTC-31MAR23-27000-C","index_price":26948.11,"direction":"buy","amount":0.1},{"trade_seq":4405,"trade_id":"248569917","timestamp":1679990628662,"tick_direction":2,"price":0.0195,"mark_price":0.01941121,"iv":56.85,"instrument_name":"BTC-31MAR23-27000-C","index_price":26948.11,"direction":"buy","amount":0.2},{"trade_seq":4404,"trade_id":"248567125","timestamp":1679989461403,"tick_direction":1,"price":0.022,"mark_price":0.02182733,"iv":58.18,"instrument_name":"BTC-31MAR23-27000-C","index_price":27054.4,"direction":"buy","amount":0.1},{"trade_seq":4403,"trade_id":"248567124","timestamp":1679989461403,"tick_direction":0,"price":0.022,"mark_price":0.02182733,"iv":58.18,"instrument_name":"BTC-31MAR23-27000-C","index_price":27054.4,"direction":"buy","amount":0.8},{"trade_seq":4402,"trade_id":"248565965","timestamp":1679988668050,"tick_direction":3,"price":0.021,"mark_price":0.02159748,"iv":56.12,"instrument_name":"BTC-31MAR23-27000-C","index_price":27034.27,"direction":"buy","amount":4.7},{"trade_seq":4401,"trade_id":"248565964","timestamp":1679988668048,"tick_direction":3,"price":0.021,"mark_price":0.02159748,"iv":56.12,"instrument_name":"BTC-31MAR23-27000-C","index_price":27034.27,"direction":"buy","amount":20.0},{"trade_seq":4400,"trade_id":"248565963","timestamp":1679988668043,"tick_direction":3,"price":0.021,"mark_price":0.02159748,"iv":56.12,"instrument_name":"BTC-31MAR23-27000-C","index_price":27034.27,"direction":"buy","amount":11.7},{"trade_seq":4399,"trade_id":"248565962","timestamp":1679988668026,"tick_direction":3,"price":0.021,"mark_price":0.02159748,"iv":56.12,"instrument_name":"BTC-31MAR23-27000-C","index_price":27034.27,"direction":"sell","amount":4.0},{"trade_seq":4398,"trade_id":"248565961","timestamp":1679988668026,"tick_direction":3,"price":0.021,"mark_price":0.02159748,"iv":56.12,"instrument_name":"BTC-31MAR23-27000-C","index_price":27034.27,"direction":"sell","amount":4.5},{"trade_seq":4397,"trade_id":"248565960","timestamp":1679988668026,"tick_direction":3,"price":0.021,"mark_price":0.02159748,"iv":56.12,"instrument_name":"BTC-31MAR23-27000-C","index_price":27034.27,"direction":"sell","amount":0.1},{"trade_seq":4396,"trade_id":"248565959","timestamp":1679988668026,"tick_direction":2,"price":0.021,"mark_price":0.02159748,"iv":56.12,"instrument_name":"BTC-31MAR23-27000-C","index_price":27034.27,"direction":"sell","amount":5.0},{"trade_seq":4395,"trade_id":"248565699","timestamp":1679988272505,"tick_direction":2,"price":0.0212,"mark_price":0.02178745,"iv":56.39,"instrument_name":"BTC-31MAR23-27000-C","index_price":27042.35,"direction":"sell","block_trade_id":"70217","amount":50.0},{"trade_seq":4394,"trade_id":"248565463","timestamp":1679988040454,"tick_direction":3,"price":0.0215,"mark_price":0.02204661,"iv":56.62,"instrument_name":"BTC-31MAR23-27000-C","index_price":27053.66,"direction":"sell","amount":0.1},{"trade_seq":4393,"trade_id":"248565454","timestamp":1679988031910,"tick_direction":2,"price":0.0215,"mark_price":0.02199089,"iv":56.78,"instrument_name":"BTC-31MAR23-27000-C","index_price":27050.14,"direction":"sell","amount":1.9},{"trade_seq":4392,"trade_id":"248564811","timestamp":1679987328270,"tick_direction":3,"price":0.0225,"mark_price":0.02249538,"iv":58.16,"instrument_name":"BTC-31MAR23-27000-C","index_price":27068.77,"direction":"sell","amount":0.4},{"trade_seq":4391,"trade_id":"248564770","timestamp":1679987280401,"tick_direction":3,"price":0.0225,"mark_price":0.02240821,"iv":58.42,"instrument_name":"BTC-31MAR23-27000-C","index_price":27064.99,"direction":"sell","amount":2.6},{"trade_seq":4390,"trade_id":"248564636","timestamp":1679987026467,"tick_direction":2,"price":0.0225,"mark_price":0.02258845,"iv":57.57,"instrument_name":"BTC-31MAR23-27000-C","index_price":27081.29,"direction":"sell","block_trade_id":"70216","amount":50.0},{"trade_seq":4389,"trade_id":"248564547","timestamp":1679986996220,"tick_direction":1,"price":0.023,"mark_price":0.02285483,"iv":58.12,"instrument_name":"BTC-31MAR23-27000-C","index_price":27096.27,"direction":"sell","amount":0.4},{"trade_seq":4388,"trade_id":"248564487","timestamp":1679986960862,"tick_direction":1,"price":0.023,"mark_price":0.02305355,"iv":57.65,"instrument_name":"BTC-31MAR23-27000-C","index_price":27106.84,"direction":"sell","amount":0.6},{"trade_seq":4387,"trade_id":"248564469","timestamp":1679986954370,"tick_direction":0,"price":0.023,"mark_price":0.0230538,"iv":57.65,"instrument_name":"BTC-31MAR23-27000-C","index_price":27106.48,"direction":"buy","amount":1.0},{"trade_seq":4386,"trade_id":"248564273","timestamp":1679986572506,"tick_direction":3,"price":0.0225,"mark_price":0.02255294,"iv":57.88,"instrument_name":"BTC-31MAR23-27000-C","index_price":27077.91,"direction":"buy","amount":1.0},{"trade_seq":4385,"trade_id":"248563897","timestamp":1679986045273,"tick_direction":3,"price":0.0225,"mark_price":0.02253459,"iv":58.01,"instrument_name":"BTC-31MAR23-27000-C","index_price":27074.95,"direction":"buy","amount":0.5},{"trade_seq":4384,"trade_id":"248563895","timestamp":1679986040007,"tick_direction":2,"price":0.0225,"mark_price":0.02252451,"iv":58.04,"instrument_name":"BTC-31MAR23-27000-C","index_price":27074.43,"direction":"buy","amount":2.0},{"trade_seq":4383,"trade_id":"248563248","timestamp":1679985430255,"tick_direction":0,"price":0.024,"mark_price":0.0239315,"iv":58.39,"instrument_name":"BTC-31MAR23-27000-C","index_price":27142.77,"direction":"buy","amount":0.5},{"trade_seq":4382,"trade_id":"248549054","timestamp":1679970760284,"tick_direction":3,"price":0.0225,"mark_price":0.02217954,"iv":59.73,"instrument_name":"BTC-31MAR23-27000-C","index_price":27011.38,"direction":"sell","amount":0.3},{"trade_seq":4381,"trade_id":"248549053","timestamp":1679970760281,"tick_direction":3,"price":0.0225,"mark_price":0.02217954,"iv":59.73,"instrument_name":"BTC-31MAR23-27000-C","index_price":27011.38,"direction":"buy","amount":0.6},{"trade_seq":4380,"trade_id":"248549052","timestamp":1679970760281,"tick_direction":2,"price":0.0225,"mark_price":0.02217954,"iv":59.73,"instrument_name":"BTC-31MAR23-27000-C","index_price":27011.38,"direction":"buy","amount":0.1},{"trade_seq":4379,"trade_id":"248545372","timestamp":1679967483464,"tick_direction":0,"price":0.0255,"mark_price":0.02504241,"iv":60.15,"instrument_name":"BTC-31MAR23-27000-C","index_price":27152.09,"direction":"buy","amount":0.2},{"trade_seq":4378,"trade_id":"248542692","timestamp":1679965588497,"tick_direction":0,"price":0.021,"mark_price":0.02092252,"iv":59.87,"instrument_name":"BTC-31MAR23-27000-C","index_price":26916.34,"direction":"buy","amount":0.2},{"trade_seq":4377,"trade_id":"248542107","timestamp":1679965347729,"tick_direction":2,"price":0.02,"mark_price":0.02014366,"iv":59.17,"instrument_name":"BTC-31MAR23-27000-C","index_price":26855.37,"direction":"sell","amount":0.3},{"trade_seq":4376,"trade_id":"248538509","timestamp":1679962952725,"tick_direction":2,"price":0.024,"mark_price":0.02436331,"iv":58.66,"instrument_name":"BTC-31MAR23-27000-C","index_price":27094.73,"direction":"sell","amount":0.6},{"trade_seq":4375,"trade_id":"248534111","timestamp":1679958423941,"tick_direction":2,"price":0.025,"mark_price":0.02475121,"iv":60.41,"instrument_name":"BTC-31MAR23-27000-C","index_price":27117.12,"direction":"sell","combo_id":"BTC-STRD-31MAR23-27000","block_trade_id":"70198","amount":30.0},{"trade_seq":4374,"trade_id":"248528874","timestamp":1679953119037,"tick_direction":3,"price":0.0255,"mark_price":0.02580418,"iv":59.84,"instrument_name":"BTC-31MAR23-27000-C","index_price":27145.8,"direction":"sell","amount":0.3},{"trade_seq":4373,"trade_id":"248528873","timestamp":1679953119031,"tick_direction":3,"price":0.0255,"mark_price":0.02580418,"iv":59.84,"instrument_name":"BTC-31MAR23-27000-C","index_price":27145.8,"direction":"sell","amount":0.2},{"trade_seq":4372,"trade_id":"248528870","timestamp":1679953118678,"tick_direction":3,"price":0.0255,"mark_price":0.02580418,"iv":59.83,"instrument_name":"BTC-31MAR23-27000-C","index_price":27145.32,"direction":"sell","amount":0.1},{"trade_seq":4371,"trade_id":"248528867","timestamp":1679953117326,"tick_direction":3,"price":0.0255,"mark_price":0.02586423,"iv":59.68,"instrument_name":"BTC-31MAR23-27000-C","index_price":27147.84,"direction":"sell","amount":0.4},{"trade_seq":4370,"trade_id":"248528865","timestamp":1679953116137,"tick_direction":3,"price":0.0255,"mark_price":0.02590793,"iv":59.67,"instrument_name":"BTC-31MAR23-27000-C","index_price":27148.05,"direction":"sell","amount":0.9},{"trade_seq":4369,"trade_id":"248528378","timestamp":1679952560818,"tick_direction":3,"price":0.0255,"mark_price":0.02606586,"iv":59.28,"instrument_name":"BTC-31MAR23-27000-C","index_price":27145.56,"direction":"sell","amount":0.8},{"trade_seq":4368,"trade_id":"248528241","timestamp":1679952473740,"tick_direction":2,"price":0.0255,"mark_price":0.02592135,"iv":59.66,"instrument_name":"BTC-31MAR23-27000-C","index_price":27139.14,"direction":"sell","amount":1.8},{"trade_seq":4367,"trade_id":"248527620","timestamp":1679952233884,"tick_direction":0,"price":0.026,"mark_price":0.02586555,"iv":61.28,"instrument_name":"BTC-31MAR23-27000-C","index_price":27145.88,"direction":"buy","amount":0.1},{"trade_seq":4366,"trade_id":"248523962","timestamp":1679948965074,"tick_direction":0,"price":0.024,"mark_price":0.02411522,"iv":60.62,"instrument_name":"BTC-31MAR23-27000-C","index_price":27031.38,"direction":"sell","amount":0.3},{"trade_seq":4365,"trade_id":"248523306","timestamp":1679948376362,"tick_direction":3,"price":0.0225,"mark_price":0.02297167,"iv":59.6,"instrument_name":"BTC-31MAR23-27000-C","index_price":26972.66,"direction":"sell","amount":0.5},{"trade_seq":4364,"trade_id":"248522549","timestamp":1679947990355,"tick_direction":3,"price":0.0225,"mark_price":0.02260944,"iv":60.17,"instrument_name":"BTC-31MAR23-27000-C","index_price":26959.76,"direction":"buy","amount":0.9},{"trade_seq":4363,"trade_id":"248522052","timestamp":1679947851691,"tick_direction":3,"price":0.0225,"mark_price":0.02268828,"iv":60.3,"instrument_name":"BTC-31MAR23-27000-C","index_price":26955.54,"direction":"buy","amount":0.7},{"trade_seq":4362,"trade_id":"248521250","timestamp":1679947703676,"tick_direction":2,"price":0.0225,"mark_price":0.0226662,"iv":60.76,"instrument_name":"BTC-31MAR23-27000-C","index_price":26941.13,"direction":"sell","amount":0.1},{"trade_seq":4361,"trade_id":"248521133","timestamp":1679947681649,"tick_direction":3,"price":0.023,"mark_price":0.0232452,"iv":60.0,"instrument_name":"BTC-31MAR23-27000-C","index_price":26978.28,"direction":"sell","amount":0.3},{"trade_seq":4360,"trade_id":"248521132","timestamp":1679947681632,"tick_direction":2,"price":0.023,"mark_price":0.02335529,"iv":60.0,"instrument_name":"BTC-31MAR23-27000-C","index_price":26978.28,"direction":"sell","amount":0.1},{"trade_seq":4359,"trade_id":"248520063","timestamp":1679946966656,"tick_direction":2,"price":0.024,"mark_price":0.0238786,"iv":61.38,"instrument_name":"BTC-31MAR23-27000-C","index_price":27011.35,"direction":"sell","amount":0.6},{"trade_seq":4358,"trade_id":"248518811","timestamp":1679946221027,"tick_direction":3,"price":0.0245,"mark_price":0.02426169,"iv":61.53,"instrument_name":"BTC-31MAR23-27000-C","index_price":27035.42,"direction":"sell","amount":0.3},{"trade_seq":4357,"trade_id":"248518803","timestamp":1679946220923,"tick_direction":2,"price":0.0245,"mark_price":0.02426169,"iv":61.53,"instrument_name":"BTC-31MAR23-27000-C","index_price":27035.42,"direction":"sell","amount":2.2},{"trade_seq":4356,"trade_id":"248516645","timestamp":1679945008230,"tick_direction":0,"price":0.025,"mark_price":0.02511825,"iv":60.39,"instrument_name":"BTC-31MAR23-27000-C","index_price":27085.14,"direction":"buy","amount":1.0},{"trade_seq":4355,"trade_id":"248516217","timestamp":1679944617251,"tick_direction":2,"price":0.0245,"mark_price":0.02475954,"iv":60.27,"instrument_name":"BTC-31MAR23-27000-C","index_price":27055.26,"direction":"buy","amount":1.0},{"trade_seq":4354,"trade_id":"248515322","timestamp":1679943917056,"tick_direction":2,"price":0.025,"mark_price":0.02536357,"iv":60.22,"instrument_name":"BTC-31MAR23-27000-C","index_price":27087.67,"direction":"sell","amount":5.0},{"trade_seq":4353,"trade_id":"248515086","timestamp":1679943783144,"tick_direction":2,"price":0.026,"mark_price":0.0257998,"iv":61.69,"instrument_name":"BTC-31MAR23-27000-C","index_price":27110.62,"direction":"sell","amount":0.4},{"trade_seq":4352,"trade_id":"248514255","timestamp":1679942939793,"tick_direction":1,"price":0.0265,"mark_price":0.02648895,"iv":61.11,"instrument_name":"BTC-31MAR23-27000-C","index_price":27147.58,"direction":"buy","amount":0.1},{"trade_seq":4351,"trade_id":"248514254","timestamp":1679942939793,"tick_direction":0,"price":0.0265,"mark_price":0.02648895,"iv":61.11,"instrument_name":"BTC-31MAR23-27000-C","index_price":27147.58,"direction":"buy","amount":0.2},{"trade_seq":4350,"trade_id":"248512834","timestamp":1679942006054,"tick_direction":1,"price":0.0255,"mark_price":0.02583888,"iv":60.95,"instrument_name":"BTC-31MAR23-27000-C","index_price":27082.0,"direction":"sell","combo_id":"BTC-CSR12-31MAR23-27000_30000","block_trade_id":"70178","amount":100.0},{"trade_seq":4349,"trade_id":"248511995","timestamp":1679941718941,"tick_direction":0,"price":0.0255,"mark_price":0.02600522,"iv":60.74,"instrument_name":"BTC-31MAR23-27000-C","index_price":27084.8,"direction":"sell","combo_id":"BTC-CSR12-31MAR23-27000_30000","block_trade_id":"70177","amount":100.0},{"trade_seq":4348,"trade_id":"248509118","timestamp":1679940338269,"tick_direction":3,"price":0.024,"mark_price":0.02401281,"iv":62.21,"instrument_name":"BTC-31MAR23-27000-C","index_price":26989.71,"direction":"buy","amount":0.6},{"trade_seq":4347,"trade_id":"248509117","timestamp":1679940338269,"tick_direction":2,"price":0.024,"mark_price":0.02401281,"iv":62.21,"instrument_name":"BTC-31MAR23-27000-C","index_price":26989.71,"direction":"buy","amount":0.1},{"trade_seq":4346,"trade_id":"248507331","timestamp":1679939474932,"tick_direction":2,"price":0.0245,"mark_price":0.02447364,"iv":62.68,"instrument_name":"BTC-31MAR23-27000-C","index_price":26997.2,"direction":"sell","amount":0.2},{"trade_seq":4345,"trade_id":"248507053","timestamp":1679939354169,"tick_direction":3,"price":0.025,"mark_price":0.02545457,"iv":61.46,"instrument_name":"BTC-31MAR23-27000-C","index_price":27050.65,"direction":"sell","amount":0.6},{"trade_seq":4344,"trade_id":"248507052","timestamp":1679939354169,"tick_direction":2,"price":0.025,"mark_price":0.02545457,"iv":61.46,"instrument_name":"BTC-31MAR23-27000-C","index_price":27050.65,"direction":"sell","amount":0.2},{"trade_seq":4343,"trade_id":"248506985","timestamp":1679939244510,"tick_direction":0,"price":0.026,"mark_price":0.0258228,"iv":63.07,"instrument_name":"BTC-31MAR23-27000-C","index_price":27071.92,"direction":"buy","amount":0.2},{"trade_seq":4342,"trade_id":"248504829","timestamp":1679938005026,"tick_direction":2,"price":0.025,"mark_price":0.02592751,"iv":60.68,"instrument_name":"BTC-31MAR23-27000-C","index_price":27069.11,"direction":"sell","amount":0.1},{"trade_seq":4341,"trade_id":"248497627","timestamp":1679936378946,"tick_direction":2,"price":0.027,"mark_price":0.02712822,"iv":62.44,"instrument_name":"BTC-31MAR23-27000-C","index_price":27134.08,"direction":"sell","amount":0.9},{"trade_seq":4340,"trade_id":"248492944","timestamp":1679935330413,"tick_direction":3,"price":0.0285,"mark_price":0.02883744,"iv":63.73,"instrument_name":"BTC-31MAR23-27000-C","index_price":27152.53,"direction":"sell","amount":1.4},{"trade_seq":4339,"trade_id":"248492879","timestamp":1679935313782,"tick_direction":2,"price":0.0285,"mark_price":0.02900363,"iv":63.4,"instrument_name":"BTC-31MAR23-27000-C","index_price":27156.43,"direction":"sell","amount":3.6},{"trade_seq":4338,"trade_id":"248486815","timestamp":1679933755792,"tick_direction":0,"price":0.03,"mark_price":0.02993037,"iv":65.87,"instrument_name":"BTC-31MAR23-27000-C","index_price":27204.89,"direction":"buy","amount":20.0},{"trade_seq":4337,"trade_id":"248485995","timestamp":1679933580510,"tick_direction":0,"price":0.0285,"mark_price":0.02902287,"iv":64.46,"instrument_name":"BTC-31MAR23-27000-C","index_price":27153.94,"direction":"sell","amount":0.3},{"trade_seq":4336,"trade_id":"248480325","timestamp":1679932658348,"tick_direction":2,"price":0.025,"mark_price":0.02501864,"iv":65.49,"instrument_name":"BTC-31MAR23-27000-C","index_price":26932.09,"direction":"buy","amount":0.5},{"trade_seq":4335,"trade_id":"248479656","timestamp":1679932506137,"tick_direction":1,"price":0.0255,"mark_price":0.02517502,"iv":66.05,"instrument_name":"BTC-31MAR23-27000-C","index_price":26951.89,"direction":"buy","amount":0.5},{"trade_seq":4334,"trade_id":"248479353","timestamp":1679932435514,"tick_direction":1,"price":0.0255,"mark_price":0.02512567,"iv":66.0,"instrument_name":"BTC-31MAR23-27000-C","index_price":26952.49,"direction":"sell","amount":4.9},{"trade_seq":4333,"trade_id":"248479330","timestamp":1679932431041,"tick_direction":0,"price":0.0255,"mark_price":0.02502991,"iv":66.1,"instrument_name":"BTC-31MAR23-27000-C","index_price":26952.94,"direction":"sell","amount":2.6},{"trade_seq":4332,"trade_id":"248479077","timestamp":1679932376190,"tick_direction":1,"price":0.025,"mark_price":0.02476917,"iv":65.5,"instrument_name":"BTC-31MAR23-27000-C","index_price":26955.62,"direction":"buy","amount":0.3},{"trade_seq":4331,"trade_id":"248479072","timestamp":1679932376076,"tick_direction":0,"price":0.025,"mark_price":0.02476917,"iv":65.5,"instrument_name":"BTC-31MAR23-27000-C","index_price":26955.62,"direction":"buy","amount":0.7},{"trade_seq":4330,"trade_id":"248478746","timestamp":1679932301342,"tick_direction":0,"price":0.0245,"mark_price":0.02429948,"iv":65.39,"instrument_name":"BTC-31MAR23-27000-C","index_price":26914.61,"direction":"buy","amount":0.6},{"trade_seq":4329,"trade_id":"248478563","timestamp":1679932232145,"tick_direction":3,"price":0.024,"mark_price":0.02386324,"iv":65.25,"instrument_name":"BTC-31MAR23-27000-C","index_price":26890.32,"direction":"sell","amount":1.0},{"trade_seq":4328,"trade_id":"248478360","timestamp":1679932150045,"tick_direction":2,"price":0.024,"mark_price":0.0238368,"iv":65.41,"instrument_name":"BTC-31MAR23-27000-C","index_price":26886.0,"direction":"buy","amount":5.0},{"trade_seq":4327,"trade_id":"248477020","timestamp":1679931845769,"tick_direction":1,"price":0.0245,"mark_price":0.02438888,"iv":65.68,"instrument_name":"BTC-31MAR23-27000-C","index_price":26911.68,"direction":"sell","amount":4.8},{"trade_seq":4326,"trade_id":"248476676","timestamp":1679931737547,"tick_direction":1,"price":0.0245,"mark_price":0.02405385,"iv":66.41,"instrument_name":"BTC-31MAR23-27000-C","index_price":26893.82,"direction":"buy","amount":2.4},{"trade_seq":4325,"trade_id":"248476675","timestamp":1679931737547,"tick_direction":0,"price":0.0245,"mark_price":0.02405385,"iv":66.41,"instrument_name":"BTC-31MAR23-27000-C","index_price":26893.82,"direction":"buy","amount":0.6},{"trade_seq":4324,"trade_id":"248476600","timestamp":1679931717797,"tick_direction":3,"price":0.024,"mark_price":0.0241146,"iv":65.0,"instrument_name":"BTC-31MAR23-27000-C","index_price":26898.13,"direction":"buy","amount":3.4},{"trade_seq":4323,"trade_id":"248476566","timestamp":1679931715810,"tick_direction":3,"price":0.024,"mark_price":0.02381127,"iv":65.77,"instrument_name":"BTC-31MAR23-27000-C","index_price":26879.34,"direction":"buy","amount":0.1},{"trade_seq":4322,"trade_id":"248476565","timestamp":1679931715799,"tick_direction":3,"price":0.024,"mark_price":0.02381127,"iv":65.77,"instrument_name":"BTC-31MAR23-27000-C","index_price":26879.34,"direction":"buy","amount":0.8},{"trade_seq":4321,"trade_id":"248476564","timestamp":1679931715783,"tick_direction":3,"price":0.024,"mark_price":0.02381127,"iv":65.77,"instrument_name":"BTC-31MAR23-27000-C","index_price":26879.34,"direction":"buy","amount":0.7},{"trade_seq":4320,"trade_id":"248476535","timestamp":1679931708622,"tick_direction":3,"price":0.024,"mark_price":0.02379995,"iv":65.77,"instrument_name":"BTC-31MAR23-27000-C","index_price":26878.78,"direction":"sell","amount":1.6},{"trade_seq":4319,"trade_id":"248476142","timestamp":1679931596148,"tick_direction":2,"price":0.024,"mark_price":0.02414793,"iv":65.16,"instrument_name":"BTC-31MAR23-27000-C","index_price":26896.84,"direction":"buy","amount":0.1},{"trade_seq":4318,"trade_id":"248474467","timestamp":1679931321476,"tick_direction":0,"price":0.0265,"mark_price":0.02566785,"iv":67.38,"instrument_name":"BTC-31MAR23-27000-C","index_price":26987.57,"direction":"buy","amount":1.8},{"trade_seq":4317,"trade_id":"248471717","timestamp":1679930951237,"tick_direction":1,"price":0.0245,"mark_price":0.02482061,"iv":64.96,"instrument_name":"BTC-31MAR23-27000-C","index_price":26939.03,"direction":"buy","amount":0.1},{"trade_seq":4316,"trade_id":"248471709","timestamp":1679930950567,"tick_direction":1,"price":0.0245,"mark_price":0.02466062,"iv":64.96,"instrument_name":"BTC-31MAR23-27000-C","index_price":26939.03,"direction":"buy","amount":0.1},{"trade_seq":4315,"trade_id":"248471708","timestamp":1679930950567,"tick_direction":1,"price":0.0245,"mark_price":0.02466062,"iv":64.96,"instrument_name":"BTC-31MAR23-27000-C","index_price":26939.03,"direction":"buy","amount":1.5},{"trade_seq":4314,"trade_id":"248471707","timestamp":1679930950561,"tick_direction":1,"price":0.0245,"mark_price":0.02466062,"iv":64.96,"instrument_name":"BTC-31MAR23-27000-C","index_price":26939.03,"direction":"buy","amount":0.4},{"trade_seq":4313,"trade_id":"248471706","timestamp":1679930950555,"tick_direction":1,"price":0.0245,"mark_price":0.02466062,"iv":64.96,"instrument_name":"BTC-31MAR23-27000-C","index_price":26939.03,"direction":"buy","amount":0.8},{"trade_seq":4312,"trade_id":"248471575","timestamp":1679930927670,"tick_direction":1,"price":0.0245,"mark_price":0.02450337,"iv":65.05,"instrument_name":"BTC-31MAR23-27000-C","index_price":26930.87,"direction":"buy","amount":1.3},{"trade_seq":4311,"trade_id":"248471572","timestamp":1679930926645,"tick_direction":1,"price":0.0245,"mark_price":0.02445032,"iv":65.42,"instrument_name":"BTC-31MAR23-27000-C","index_price":26925.16,"direction":"buy","amount":0.1},{"trade_seq":4310,"trade_id":"248471571","timestamp":1679930926641,"tick_direction":1,"price":0.0245,"mark_price":0.02445032,"iv":65.42,"instrument_name":"BTC-31MAR23-27000-C","index_price":26925.16,"direction":"buy","amount":0.7},{"trade_seq":4309,"trade_id":"248471570","timestamp":1679930926591,"tick_direction":1,"price":0.0245,"mark_price":0.02445032,"iv":65.42,"instrument_name":"BTC-31MAR23-27000-C","index_price":26925.16,"direction":"buy","amount":1.5},{"trade_seq":4308,"trade_id":"248471564","timestamp":1679930925666,"tick_direction":1,"price":0.0245,"mark_price":0.02443462,"iv":65.56,"instrument_name":"BTC-31MAR23-27000-C","index_price":26923.35,"direction":"buy","amount":0.8},{"trade_seq":4307,"trade_id":"248471556","timestamp":1679930924141,"tick_direction":0,"price":0.0245,"mark_price":0.02437823,"iv":65.75,"instrument_name":"BTC-31MAR23-27000-C","index_price":26920.97,"direction":"buy","amount":0.7},{"trade_seq":4306,"trade_id":"248471186","timestamp":1679930868503,"tick_direction":0,"price":0.024,"mark_price":0.02390788,"iv":65.67,"instrument_name":"BTC-31MAR23-27000-C","index_price":26885.21,"direction":"buy","amount":0.1},{"trade_seq":4305,"trade_id":"248471026","timestamp":1679930843940,"tick_direction":1,"price":0.0235,"mark_price":0.02339214,"iv":65.71,"instrument_name":"BTC-31MAR23-27000-C","index_price":26858.32,"direction":"buy","amount":0.6},{"trade_seq":4304,"trade_id":"248468274","timestamp":1679930451940,"tick_direction":1,"price":0.0235,"mark_price":0.02328233,"iv":66.02,"instrument_name":"BTC-31MAR23-27000-C","index_price":26853.92,"direction":"buy","amount":0.6},{"trade_seq":4303,"trade_id":"248468220","timestamp":1679930434666,"tick_direction":0,"price":0.0235,"mark_price":0.02304625,"iv":66.46,"instrument_name":"BTC-31MAR23-27000-C","index_price":26838.72,"direction":"sell","amount":0.4},{"trade_seq":4302,"trade_id":"248462654","timestamp":1679929945144,"tick_direction":3,"price":0.019,"mark_price":0.01855358,"iv":65.49,"instrument_name":"BTC-31MAR23-27000-C","index_price":26589.7,"direction":"buy","amount":0.1},{"trade_seq":4301,"trade_id":"248462049","timestamp":1679929924617,"tick_direction":2,"price":0.019,"mark_price":0.01857007,"iv":65.32,"instrument_name":"BTC-31MAR23-27000-C","index_price":26593.76,"direction":"sell","amount":1.0},{"trade_seq":4300,"trade_id":"248461187","timestamp":1679929902986,"tick_direction":2,"price":0.0195,"mark_price":0.01945569,"iv":64.69,"instrument_name":"BTC-31MAR23-27000-C","index_price":26635.46,"direction":"sell","amount":1.0},{"trade_seq":4299,"trade_id":"248460876","timestamp":1679929888437,"tick_direction":2,"price":0.02,"mark_price":0.01984938,"iv":64.2,"instrument_name":"BTC-31MAR23-27000-C","index_price":26684.08,"direction":"sell","amount":1.0},{"trade_seq":4298,"trade_id":"248459028","timestamp":1679929743350,"tick_direction":3,"price":0.022,"mark_price":0.02194028,"iv":63.82,"instrument_name":"BTC-31MAR23-27000-C","index_price":26809.84,"direction":"sell","amount":0.2},{"trade_seq":4297,"trade_id":"248459027","timestamp":1679929743312,"tick_direction":3,"price":0.022,"mark_price":0.02194028,"iv":63.82,"instrument_name":"BTC-31MAR23-27000-C","index_price":26809.84,"direction":"sell","amount":0.1},{"trade_seq":4296,"trade_id":"248459024","timestamp":1679929743275,"tick_direction":3,"price":0.022,"mark_price":0.02194028,"iv":63.82,"instrument_name":"BTC-31MAR23-27000-C","index_price":26809.84,"direction":"sell","amount":0.3},{"trade_seq":4295,"trade_id":"248459023","timestamp":1679929743262,"tick_direction":3,"price":0.022,"mark_price":0.02194028,"iv":63.82,"instrument_name":"BTC-31MAR23-27000-C","index_price":26809.84,"direction":"sell","amount":0.2},{"trade_seq":4294,"trade_id":"248459022","timestamp":1679929743260,"tick_direction":2,"price":0.022,"mark_price":0.02194028,"iv":63.82,"instrument_name":"BTC-31MAR23-27000-C","index_price":26809.84,"direction":"sell","amount":0.2},{"trade_seq":4293,"trade_id":"248458324","timestamp":1679929686995,"tick_direction":1,"price":0.023,"mark_price":0.02283876,"iv":63.98,"instrument_name":"BTC-31MAR23-27000-C","index_price":26867.09,"direction":"sell","amount":0.1},{"trade_seq":4292,"trade_id":"248458296","timestamp":1679929683530,"tick_direction":0,"price":0.023,"mark_price":0.02288654,"iv":63.98,"instrument_name":"BTC-31MAR23-27000-C","index_price":26867.35,"direction":"sell","amount":0.9},{"trade_seq":4291,"trade_id":"248457334","timestamp":1679929583750,"tick_direction":1,"price":0.022,"mark_price":0.02220836,"iv":63.49,"instrument_name":"BTC-31MAR23-27000-C","index_price":26819.57,"direction":"buy","amount":0.1},{"trade_seq":4290,"trade_id":"248457219","timestamp":1679929579091,"tick_direction":0,"price":0.022,"mark_price":0.02202582,"iv":63.99,"instrument_name":"BTC-31MAR23-27000-C","index_price":26808.65,"direction":"buy","amount":0.1},{"trade_seq":4289,"trade_id":"248454078","timestamp":1679929460114,"tick_direction":3,"price":0.021,"mark_price":0.02104052,"iv":64.08,"instrument_name":"BTC-31MAR23-27000-C","index_price":26742.42,"direction":"sell","amount":0.2},{"trade_seq":4288,"trade_id":"248454077","timestamp":1679929460092,"tick_direction":2,"price":0.021,"mark_price":0.02104052,"iv":64.08,"instrument_name":"BTC-31MAR23-27000-C","index_price":26742.42,"direction":"sell","amount":0.8},{"trade_seq":4287,"trade_id":"248453221","timestamp":1679929404020,"tick_direction":1,"price":0.0215,"mark_price":0.02187286,"iv":63.17,"instrument_name":"BTC-31MAR23-27000-C","index_price":26797.45,"direction":"sell","amount":2.5},{"trade_seq":4286,"trade_id":"248453098","timestamp":1679929400005,"tick_direction":1,"price":0.0215,"mark_price":0.02172258,"iv":63.54,"instrument_name":"BTC-31MAR23-27000-C","index_price":26788.38,"direction":"sell","amount":0.1},{"trade_seq":4285,"trade_id":"248453078","timestamp":1679929399579,"tick_direction":1,"price":0.0215,"mark_price":0.02162986,"iv":63.54,"instrument_name":"BTC-31MAR23-27000-C","index_price":26788.38,"direction":"sell","amount":2.1},{"trade_seq":4284,"trade_id":"248453077","timestamp":1679929399554,"tick_direction":1,"price":0.0215,"mark_price":0.02162986,"iv":63.54,"instrument_name":"BTC-31MAR23-27000-C","index_price":26788.38,"direction":"sell","amount":2.5},{"trade_seq":4283,"trade_id":"248452977","timestamp":1679929393839,"tick_direction":1,"price":0.0215,"mark_price":0.02140446,"iv":64.31,"instrument_name":"BTC-31MAR23-27000-C","index_price":26782.24,"direction":"sell","amount":1.2},{"trade_seq":4282,"trade_id":"248452976","timestamp":1679929393833,"tick_direction":1,"price":0.0215,"mark_price":0.02140446,"iv":64.31,"instrument_name":"BTC-31MAR23-27000-C","index_price":26782.24,"direction":"sell","amount":2.5},{"trade_seq":4281,"trade_id":"248452971","timestamp":1679929393797,"tick_direction":0,"price":0.0215,"mark_price":0.02140446,"iv":64.31,"instrument_name":"BTC-31MAR23-27000-C","index_price":26782.24,"direction":"sell","amount":2.5},{"trade_seq":4280,"trade_id":"248452478","timestamp":1679929382706,"tick_direction":2,"price":0.021,"mark_price":0.02056659,"iv":64.99,"instrument_name":"BTC-31MAR23-27000-C","index_price":26725.64,"direction":"sell","amount":1.0},{"trade_seq":4279,"trade_id":"248450974","timestamp":1679929322640,"tick_direction":0,"price":0.023,"mark_price":0.02323641,"iv":63.3,"instrument_name":"BTC-31MAR23-27000-C","index_price":26886.99,"direction":"sell","amount":1.0},{"trade_seq":4278,"trade_id":"248450116","timestamp":1679929285061,"tick_direction":2,"price":0.022,"mark_price":0.02206659,"iv":62.94,"instrument_name":"BTC-31MAR23-27000-C","index_price":26830.16,"direction":"sell","amount":0.2},{"trade_seq":4277,"trade_id":"248449705","timestamp":1679929262839,"tick_direction":1,"price":0.023,"mark_price":0.02290903,"iv":63.25,"instrument_name":"BTC-31MAR23-27000-C","index_price":26884.15,"direction":"sell","amount":1.0},{"trade_seq":4276,"trade_id":"248448438","timestamp":1679929227170,"tick_direction":1,"price":0.023,"mark_price":0.02148898,"iv":65.73,"instrument_name":"BTC-31MAR23-27000-C","index_price":26879.35,"direction":"buy","amount":0.1},{"trade_seq":4275,"trade_id":"248448391","timestamp":1679929226771,"tick_direction":1,"price":0.023,"mark_price":0.02148898,"iv":65.73,"instrument_name":"BTC-31MAR23-27000-C","index_price":26844.4,"direction":"buy","amount":0.1},{"trade_seq":4274,"trade_id":"248448390","timestamp":1679929226771,"tick_direction":0,"price":0.023,"mark_price":0.02148898,"iv":65.73,"instrument_name":"BTC-31MAR23-27000-C","index_price":26844.4,"direction":"buy","amount":3.5},{"trade_seq":4273,"trade_id":"248448344","timestamp":1679929226572,"tick_direction":0,"price":0.0225,"mark_price":0.02148898,"iv":65.08,"instrument_name":"BTC-31MAR23-27000-C","index_price":26844.4,"direction":"buy","amount":0.1},{"trade_seq":4272,"trade_id":"248448225","timestamp":1679929225707,"tick_direction":3,"price":0.0215,"mark_price":0.02156293,"iv":62.56,"instrument_name":"BTC-31MAR23-27000-C","index_price":26832.18,"direction":"buy","amount":0.1},{"trade_seq":4271,"trade_id":"248448221","timestamp":1679929225662,"tick_direction":2,"price":0.0215,"mark_price":0.02156293,"iv":62.56,"instrument_name":"BTC-31MAR23-27000-C","index_price":26832.18,"direction":"buy","amount":0.1},{"trade_seq":4270,"trade_id":"248447890","timestamp":1679929220233,"tick_direction":2,"price":0.0225,"mark_price":0.02242837,"iv":62.93,"instrument_name":"BTC-31MAR23-27000-C","index_price":26867.94,"direction":"sell","amount":1.0},{"trade_seq":4269,"trade_id":"248447465","timestamp":1679929212797,"tick_direction":2,"price":0.0235,"mark_price":0.02367529,"iv":61.97,"instrument_name":"BTC-31MAR23-27000-C","index_price":26932.72,"direction":"sell","amount":1.0},{"trade_seq":4268,"trade_id":"248445829","timestamp":1679929159603,"tick_direction":3,"price":0.0255,"mark_price":0.02517014,"iv":63.0,"instrument_name":"BTC-31MAR23-27000-C","index_price":27025.57,"direction":"buy","amount":1.0},{"trade_seq":4267,"trade_id":"248445717","timestamp":1679929158055,"tick_direction":2,"price":0.0255,"mark_price":0.02483682,"iv":62.83,"instrument_name":"BTC-31MAR23-27000-C","index_price":27031.48,"direction":"buy","amount":0.2},{"trade_seq":4266,"trade_id":"248442241","timestamp":1679928916649,"tick_direction":0,"price":0.032,"mark_price":0.03190526,"iv":62.46,"instrument_name":"BTC-31MAR23-27000-C","index_price":27358.56,"direction":"sell","amount":5.0},{"trade_seq":4265,"trade_id":"248438430","timestamp":1679927525995,"tick_direction":3,"price":0.03,"mark_price":0.03006887,"iv":61.87,"instrument_name":"BTC-31MAR23-27000-C","index_price":27273.65,"direction":"sell","amount":0.5},{"trade_seq":4264,"trade_id":"248435982","timestamp":1679927155204,"tick_direction":3,"price":0.03,"mark_price":0.03035819,"iv":61.1,"instrument_name":"BTC-31MAR23-27000-C","index_price":27280.0,"direction":"sell","amount":4.6},{"trade_seq":4263,"trade_id":"248435981","timestamp":1679927155204,"tick_direction":2,"price":0.03,"mark_price":0.03035819,"iv":61.1,"instrument_name":"BTC-31MAR23-27000-C","index_price":27280.0,"direction":"sell","amount":0.6},{"trade_seq":4262,"trade_id":"248419708","timestamp":1679924170293,"tick_direction":0,"price":0.042,"mark_price":0.04217945,"iv":61.71,"instrument_name":"BTC-31MAR23-27000-C","index_price":27810.97,"direction":"sell","amount":2.0},{"trade_seq":4261,"trade_id":"248414645","timestamp":1679921630255,"tick_direction":2,"price":0.04,"mark_price":0.04120868,"iv":58.91,"instrument_name":"BTC-31MAR23-27000-C","index_price":27766.78,"direction":"buy","amount":0.4},{"trade_seq":4260,"trade_id":"248391249","timestamp":1679908793357,"tick_direction":0,"price":0.0446,"mark_price":0.0452758,"iv":60.61,"instrument_name":"BTC-31MAR23-27000-C","index_price":27907.92,"direction":"sell","block_trade_id":"70089","amount":50.0},{"trade_seq":4259,"trade_id":"248387822","timestamp":1679905361267,"tick_direction":2,"price":0.0425,"mark_price":0.0425042,"iv":60.36,"instrument_name":"BTC-31MAR23-27000-C","index_price":27814.74,"direction":"sell","amount":0.9},{"trade_seq":4258,"trade_id":"248387734","timestamp":1679905219091,"tick_direction":2,"price":0.043,"mark_price":0.04270008,"iv":61.32,"instrument_name":"BTC-31MAR23-27000-C","index_price":27820.04,"direction":"sell","amount":1.0},{"trade_seq":4257,"trade_id":"248330586","timestamp":1679872718628,"tick_direction":1,"price":0.0525,"mark_price":0.05267116,"iv":63.11,"instrument_name":"BTC-31MAR23-27000-C","index_price":28129.24,"direction":"sell","amount":0.1},{"trade_seq":4256,"trade_id":"248330585","timestamp":1679872718624,"tick_direction":1,"price":0.0525,"mark_price":0.05267116,"iv":63.11,"instrument_name":"BTC-31MAR23-27000-C","index_price":28129.24,"direction":"sell","amount":0.7},{"trade_seq":4255,"trade_id":"248330583","timestamp":1679872718592,"tick_direction":0,"price":0.0525,"mark_price":0.05267116,"iv":63.11,"instrument_name":"BTC-31MAR23-27000-C","index_price":28129.24,"direction":"sell","amount":0.7},{"trade_seq":4254,"trade_id":"248231584","timestamp":1679817213647,"tick_direction":1,"price":0.038,"mark_price":0.03780176,"iv":59.03,"instrument_name":"BTC-31MAR23-27000-C","index_price":27516.26,"direction":"sell","amount":0.5},{"trade_seq":4253,"trade_id":"248145561","timestamp":1679735065692,"tick_direction":0,"price":0.038,"mark_price":0.03779145,"iv":55.43,"instrument_name":"BTC-31MAR23-27000-C","index_price":27483.05,"direction":"buy","amount":0.1},{"trade_seq":4252,"trade_id":"248144442","timestamp":1679733800154,"tick_direction":2,"price":0.0365,"mark_price":0.03647424,"iv":54.82,"instrument_name":"BTC-31MAR23-27000-C","index_price":27426.01,"direction":"buy","amount":0.1},{"trade_seq":4251,"trade_id":"248140600","timestamp":1679731117161,"tick_direction":3,"price":0.04,"mark_price":0.03964709,"iv":56.97,"instrument_name":"BTC-31MAR23-27000-C","index_price":27532.4,"direction":"sell","amount":0.4},{"trade_seq":4250,"trade_id":"248140578","timestamp":1679731103394,"tick_direction":3,"price":0.04,"mark_price":0.03968951,"iv":56.87,"instrument_name":"BTC-31MAR23-27000-C","index_price":27535.41,"direction":"sell","amount":0.1},{"trade_seq":4249,"trade_id":"248140342","timestamp":1679730926808,"tick_direction":3,"price":0.04,"mark_price":0.03957498,"iv":56.87,"instrument_name":"BTC-31MAR23-27000-C","index_price":27535.55,"direction":"sell","amount":1.3},{"trade_seq":4248,"trade_id":"248140335","timestamp":1679730919336,"tick_direction":3,"price":0.04,"mark_price":0.03959681,"iv":56.83,"instrument_name":"BTC-31MAR23-27000-C","index_price":27537.19,"direction":"sell","amount":1.3},{"trade_seq":4247,"trade_id":"248140329","timestamp":1679730913799,"tick_direction":3,"price":0.04,"mark_price":0.03971072,"iv":56.59,"instrument_name":"BTC-31MAR23-27000-C","index_price":27542.19,"direction":"sell","amount":0.1},{"trade_seq":4246,"trade_id":"248140328","timestamp":1679730913764,"tick_direction":3,"price":0.04,"mark_price":0.03971072,"iv":56.59,"instrument_name":"BTC-31MAR23-27000-C","index_price":27542.19,"direction":"sell","amount":1.8},{"trade_seq":4245,"trade_id":"248140245","timestamp":1679730881196,"tick_direction":3,"price":0.04,"mark_price":0.03980175,"iv":56.4,"instrument_name":"BTC-31MAR23-27000-C","index_price":27545.36,"direction":"sell","amount":5.0},{"trade_seq":4244,"trade_id":"248121039","timestamp":1679708825924,"tick_direction":2,"price":0.04,"mark_price":0.04018855,"iv":57.46,"instrument_name":"BTC-31MAR23-27000-C","index_price":27507.93,"direction":"buy","amount":0.1},{"trade_seq":4243,"trade_id":"248116002","timestamp":1679702549339,"tick_direction":0,"price":0.0405,"mark_price":0.04043189,"iv":59.33,"instrument_name":"BTC-31MAR23-27000-C","index_price":27474.82,"direction":"sell","amount":0.1},{"trade_seq":4242,"trade_id":"248114250","timestamp":1679700415774,"tick_direction":0,"price":0.04,"mark_price":0.0408378,"iv":57.81,"instrument_name":"BTC-31MAR23-27000-C","index_price":27484.87,"direction":"sell","amount":0.4},{"trade_seq":4241,"trade_id":"248103227","timestamp":1679694865855,"tick_direction":0,"price":0.039,"mark_price":0.03887408,"iv":60.58,"instrument_name":"BTC-31MAR23-27000-C","index_price":27360.91,"direction":"buy","amount":0.1},{"trade_seq":4240,"trade_id":"248100365","timestamp":1679694174772,"tick_direction":0,"price":0.0375,"mark_price":0.03736074,"iv":60.92,"instrument_name":"BTC-31MAR23-27000-C","index_price":27288.01,"direction":"buy","amount":0.1},{"trade_seq":4239,"trade_id":"248097128","timestamp":1679693701452,"tick_direction":2,"price":0.0335,"mark_price":0.0331404,"iv":60.41,"instrument_name":"BTC-31MAR23-27000-C","index_price":27104.54,"direction":"sell","amount":0.1},{"trade_seq":4238,"trade_id":"248094118","timestamp":1679693219327,"tick_direction":3,"price":0.0345,"mark_price":0.03379735,"iv":61.01,"instrument_name":"BTC-31MAR23-27000-C","index_price":27146.83,"direction":"buy","amount":0.1},{"trade_seq":4237,"trade_id":"248094117","timestamp":1679693219327,"tick_direction":2,"price":0.0345,"mark_price":0.03379735,"iv":61.01,"instrument_name":"BTC-31MAR23-27000-C","index_price":27146.83,"direction":"buy","amount":0.1},{"trade_seq":4236,"trade_id":"248092959","timestamp":1679693039912,"tick_direction":0,"price":0.0355,"mark_price":0.03604704,"iv":58.49,"instrument_name":"BTC-31MAR23-27000-C","index_price":27247.77,"direction":"sell","amount":1.9},{"trade_seq":4235,"trade_id":"248092847","timestamp":1679693023277,"tick_direction":0,"price":0.035,"mark_price":0.03529194,"iv":59.08,"instrument_name":"BTC-31MAR23-27000-C","index_price":27213.64,"direction":"buy","amount":1.9},{"trade_seq":4234,"trade_id":"248092815","timestamp":1679693020078,"tick_direction":2,"price":0.0345,"mark_price":0.03519596,"iv":58.33,"instrument_name":"BTC-31MAR23-27000-C","index_price":27209.12,"direction":"sell","amount":0.1},{"trade_seq":4233,"trade_id":"248092078","timestamp":1679692962415,"tick_direction":2,"price":0.035,"mark_price":0.03627871,"iv":57.3,"instrument_name":"BTC-31MAR23-27000-C","index_price":27244.88,"direction":"sell","amount":0.6},{"trade_seq":4232,"trade_id":"248092077","timestamp":1679692962415,"tick_direction":2,"price":0.0355,"mark_price":0.03627871,"iv":58.26,"instrument_name":"BTC-31MAR23-27000-C","index_price":27244.88,"direction":"sell","amount":0.4},{"trade_seq":4231,"trade_id":"248089112","timestamp":1679692410788,"tick_direction":3,"price":0.04,"mark_price":0.04070949,"iv":58.72,"instrument_name":"BTC-31MAR23-27000-C","index_price":27462.08,"direction":"buy","amount":1.0},{"trade_seq":4230,"trade_id":"248089047","timestamp":1679692406400,"tick_direction":3,"price":0.04,"mark_price":0.04034283,"iv":59.43,"instrument_name":"BTC-31MAR23-27000-C","index_price":27444.89,"direction":"buy","amount":7.5},{"trade_seq":4229,"trade_id":"248088984","timestamp":1679692404292,"tick_direction":2,"price":0.04,"mark_price":0.04026789,"iv":59.4,"instrument_name":"BTC-31MAR23-27000-C","index_price":27445.36,"direction":"buy","amount":1.5},{"trade_seq":4228,"trade_id":"248085781","timestamp":1679691437085,"tick_direction":2,"price":0.043,"mark_price":0.04487824,"iv":56.62,"instrument_name":"BTC-31MAR23-27000-C","index_price":27641.16,"direction":"sell","amount":2.0},{"trade_seq":4227,"trade_id":"247987780","timestamp":1679659402448,"tick_direction":2,"price":0.05,"mark_price":0.04991751,"iv":65.01,"instrument_name":"BTC-31MAR23-27000-C","index_price":27733.43,"direction":"buy","amount":0.4},{"trade_seq":4226,"trade_id":"247944603","timestamp":1679645192387,"tick_direction":2,"price":0.06,"mark_price":0.06033027,"iv":59.13,"instrument_name":"BTC-31MAR23-27000-C","index_price":28264.71,"direction":"sell","amount":0.1},{"trade_seq":4225,"trade_id":"247940408","timestamp":1679644543414,"tick_direction":2,"price":0.0625,"mark_price":0.0633371,"iv":59.83,"instrument_name":"BTC-31MAR23-27000-C","index_price":28355.84,"direction":"buy","amount":1.0},{"trade_seq":4224,"trade_id":"247937024","timestamp":1679644044630,"tick_direction":0,"price":0.063,"mark_price":0.0632139,"iv":61.59,"instrument_name":"BTC-31MAR23-27000-C","index_price":28354.74,"direction":"buy","amount":1.0},{"trade_seq":4223,"trade_id":"247936734","timestamp":1679644015889,"tick_direction":0,"price":0.0625,"mark_price":0.06283607,"iv":61.0,"instrument_name":"BTC-31MAR23-27000-C","index_price":28338.16,"direction":"buy","amount":1.0},{"trade_seq":4222,"trade_id":"247934230","timestamp":1679643550491,"tick_direction":1,"price":0.0615,"mark_price":0.06181307,"iv":61.18,"instrument_name":"BTC-31MAR23-27000-C","index_price":28294.07,"direction":"buy","amount":1.0},{"trade_seq":4221,"trade_id":"247933611","timestamp":1679643428668,"tick_direction":0,"price":0.0615,"mark_price":0.06182466,"iv":61.31,"instrument_name":"BTC-31MAR23-27000-C","index_price":28293.14,"direction":"buy","amount":1.0},{"trade_seq":4220,"trade_id":"247932361","timestamp":1679643124073,"tick_direction":2,"price":0.0605,"mark_price":0.06108459,"iv":60.82,"instrument_name":"BTC-31MAR23-27000-C","index_price":28267.33,"direction":"buy","amount":1.0},{"trade_seq":4219,"trade_id":"247890496","timestamp":1679611340222,"tick_direction":0,"price":0.0625,"mark_price":0.06221793,"iv":64.73,"instrument_name":"BTC-31MAR23-27000-C","index_price":28237.41,"direction":"sell","amount":0.1},{"trade_seq":4218,"trade_id":"247890084","timestamp":1679610840697,"tick_direction":0,"price":0.062,"mark_price":0.06181313,"iv":64.32,"instrument_name":"BTC-31MAR23-27000-C","index_price":28222.97,"direction":"buy","amount":0.1},{"trade_seq":4217,"trade_id":"247889864","timestamp":1679610643157,"tick_direction":2,"price":0.0605,"mark_price":0.06107317,"iv":62.68,"instrument_name":"BTC-31MAR23-27000-C","index_price":28199.65,"direction":"buy","amount":0.1},{"trade_seq":4216,"trade_id":"247885314","timestamp":1679608210984,"tick_direction":0,"price":0.0625,"mark_price":0.06247306,"iv":64.09,"instrument_name":"BTC-31MAR23-27000-C","index_price":28243.04,"direction":"buy","amount":0.1},{"trade_seq":4215,"trade_id":"247884240","timestamp":1679607739421,"tick_direction":2,"price":0.061,"mark_price":0.06061344,"iv":64.82,"instrument_name":"BTC-31MAR23-27000-C","index_price":28167.29,"direction":"sell","amount":0.1},{"trade_seq":4214,"trade_id":"247879031","timestamp":1679606112779,"tick_direction":0,"price":0.064,"mark_price":0.06389028,"iv":64.56,"instrument_name":"BTC-31MAR23-27000-C","index_price":28301.61,"direction":"sell","amount":0.1},{"trade_seq":4213,"trade_id":"247878585","timestamp":1679605797304,"tick_direction":3,"price":0.0635,"mark_price":0.06395061,"iv":63.46,"instrument_name":"BTC-31MAR23-27000-C","index_price":28312.26,"direction":"buy","amount":0.1},{"trade_seq":4212,"trade_id":"247877958","timestamp":1679605318976,"tick_direction":2,"price":0.0635,"mark_price":0.06333209,"iv":64.94,"instrument_name":"BTC-31MAR23-27000-C","index_price":28273.66,"direction":"sell","amount":0.1},{"trade_seq":4211,"trade_id":"247877740","timestamp":1679605202576,"tick_direction":0,"price":0.064,"mark_price":0.06478607,"iv":63.04,"instrument_name":"BTC-31MAR23-27000-C","index_price":28331.57,"direction":"buy","amount":0.1},{"trade_seq":4210,"trade_id":"247875594","timestamp":1679603953022,"tick_direction":0,"price":0.0625,"mark_price":0.06245642,"iv":64.79,"instrument_name":"BTC-31MAR23-27000-C","index_price":28236.8,"direction":"sell","amount":0.1},{"trade_seq":4209,"trade_id":"247873387","timestamp":1679603207544,"tick_direction":0,"price":0.061,"mark_price":0.06228721,"iv":62.03,"instrument_name":"BTC-31MAR23-27000-C","index_price":28219.45,"direction":"buy","amount":0.1},{"trade_seq":4208,"trade_id":"247873321","timestamp":1679603164689,"tick_direction":2,"price":0.0605,"mark_price":0.06216475,"iv":61.25,"instrument_name":"BTC-31MAR23-27000-C","index_price":28213.84,"direction":"sell","amount":0.1},{"trade_seq":4207,"trade_id":"247870387","timestamp":1679602364168,"tick_direction":2,"price":0.062,"mark_price":0.0622662,"iv":64.07,"instrument_name":"BTC-31MAR23-27000-C","index_price":28217.58,"direction":"buy","amount":0.1},{"trade_seq":4206,"trade_id":"247870001","timestamp":1679602214365,"tick_direction":2,"price":0.063,"mark_price":0.06242429,"iv":65.99,"instrument_name":"BTC-31MAR23-27000-C","index_price":28222.8,"direction":"sell","amount":0.1},{"trade_seq":4205,"trade_id":"247862041","timestamp":1679601022754,"tick_direction":0,"price":0.0635,"mark_price":0.06563662,"iv":61.07,"instrument_name":"BTC-31MAR23-27000-C","index_price":28350.19,"direction":"sell","amount":0.1},{"trade_seq":4204,"trade_id":"247860005","timestamp":1679600751805,"tick_direction":0,"price":0.061,"mark_price":0.06257582,"iv":62.27,"instrument_name":"BTC-31MAR23-27000-C","index_price":28224.99,"direction":"sell","amount":0.1},{"trade_seq":4203,"trade_id":"247855039","timestamp":1679599883402,"tick_direction":2,"price":0.0555,"mark_price":0.05540339,"iv":65.0,"instrument_name":"BTC-31MAR23-27000-C","index_price":27921.36,"direction":"sell","amount":0.1},{"trade_seq":4202,"trade_id":"247854979","timestamp":1679599857643,"tick_direction":0,"price":0.057,"mark_price":0.05593119,"iv":66.82,"instrument_name":"BTC-31MAR23-27000-C","index_price":27944.52,"direction":"sell","amount":0.1},{"trade_seq":4201,"trade_id":"247854617","timestamp":1679599710441,"tick_direction":2,"price":0.0545,"mark_price":0.05586988,"iv":61.91,"instrument_name":"BTC-31MAR23-27000-C","index_price":27940.98,"direction":"sell","amount":0.1},{"trade_seq":4200,"trade_id":"247853389","timestamp":1679599418842,"tick_direction":2,"price":0.056,"mark_price":0.05540764,"iv":65.9,"instrument_name":"BTC-31MAR23-27000-C","index_price":27922.15,"direction":"buy","amount":0.1},{"trade_seq":4199,"trade_id":"247851248","timestamp":1679599124050,"tick_direction":0,"price":0.057,"mark_price":0.05695679,"iv":65.22,"instrument_name":"BTC-31MAR23-27000-C","index_price":27989.64,"direction":"sell","amount":0.1},{"trade_seq":4198,"trade_id":"247849942","timestamp":1679598897078,"tick_direction":0,"price":0.0565,"mark_price":0.05647368,"iv":64.8,"instrument_name":"BTC-31MAR23-27000-C","index_price":27973.24,"direction":"buy","amount":0.1},{"trade_seq":4197,"trade_id":"247849380","timestamp":1679598773749,"tick_direction":0,"price":0.055,"mark_price":0.0564139,"iv":62.06,"instrument_name":"BTC-31MAR23-27000-C","index_price":27962.76,"direction":"sell","amount":0.1},{"trade_seq":4196,"trade_id":"247848803","timestamp":1679598682573,"tick_direction":0,"price":0.0545,"mark_price":0.05546216,"iv":62.95,"instrument_name":"BTC-31MAR23-27000-C","index_price":27922.11,"direction":"buy","amount":0.1},{"trade_seq":4195,"trade_id":"247848627","timestamp":1679598662019,"tick_direction":2,"price":0.054,"mark_price":0.05556321,"iv":61.8,"instrument_name":"BTC-31MAR23-27000-C","index_price":27927.31,"direction":"sell","amount":0.1},{"trade_seq":4194,"trade_id":"247848444","timestamp":1679598615181,"tick_direction":0,"price":0.0545,"mark_price":0.0554523,"iv":62.96,"instrument_name":"BTC-31MAR23-27000-C","index_price":27921.87,"direction":"sell","amount":0.1},{"trade_seq":4193,"trade_id":"247848138","timestamp":1679598549066,"tick_direction":2,"price":0.054,"mark_price":0.05566475,"iv":61.58,"instrument_name":"BTC-31MAR23-27000-C","index_price":27932.68,"direction":"buy","amount":0.1},{"trade_seq":4192,"trade_id":"247847011","timestamp":1679598391308,"tick_direction":3,"price":0.0555,"mark_price":0.05399718,"iv":67.62,"instrument_name":"BTC-31MAR23-27000-C","index_price":27860.94,"direction":"buy","amount":0.1},{"trade_seq":4191,"trade_id":"247846875","timestamp":1679598371692,"tick_direction":2,"price":0.0555,"mark_price":0.05437038,"iv":66.93,"instrument_name":"BTC-31MAR23-27000-C","index_price":27878.5,"direction":"buy","amount":0.1},{"trade_seq":4190,"trade_id":"247844224","timestamp":1679598104353,"tick_direction":0,"price":0.056,"mark_price":0.05815361,"iv":60.01,"instrument_name":"BTC-31MAR23-27000-C","index_price":28046.41,"direction":"sell","amount":0.1},{"trade_seq":4189,"trade_id":"247843816","timestamp":1679598071456,"tick_direction":2,"price":0.055,"mark_price":0.05866387,"iv":57.33,"instrument_name":"BTC-31MAR23-27000-C","index_price":28062.08,"direction":"sell","amount":0.1},{"trade_seq":4188,"trade_id":"247843569","timestamp":1679598052179,"tick_direction":2,"price":0.0585,"mark_price":0.05829258,"iv":65.23,"instrument_name":"BTC-31MAR23-27000-C","index_price":28040.92,"direction":"buy","amount":0.1},{"trade_seq":4187,"trade_id":"247833085","timestamp":1679597017173,"tick_direction":2,"price":0.0625,"mark_price":0.0618923,"iv":65.82,"instrument_name":"BTC-31MAR23-27000-C","index_price":28205.95,"direction":"sell","amount":0.1},{"trade_seq":4186,"trade_id":"247832965","timestamp":1679597000697,"tick_direction":0,"price":0.063,"mark_price":0.06207135,"iv":66.47,"instrument_name":"BTC-31MAR23-27000-C","index_price":28212.5,"direction":"sell","amount":0.1},{"trade_seq":4185,"trade_id":"247832837","timestamp":1679596970197,"tick_direction":3,"price":0.0625,"mark_price":0.06213617,"iv":65.36,"instrument_name":"BTC-31MAR23-27000-C","index_price":28215.99,"direction":"sell","amount":0.1},{"trade_seq":4184,"trade_id":"247832772","timestamp":1679596924572,"tick_direction":2,"price":0.0625,"mark_price":0.06212677,"iv":65.38,"instrument_name":"BTC-31MAR23-27000-C","index_price":28216.73,"direction":"sell","amount":0.1},{"trade_seq":4183,"trade_id":"247832173","timestamp":1679596780157,"tick_direction":1,"price":0.063,"mark_price":0.06328423,"iv":64.09,"instrument_name":"BTC-31MAR23-27000-C","index_price":28265.32,"direction":"buy","amount":0.1},{"trade_seq":4182,"trade_id":"247831081","timestamp":1679596447844,"tick_direction":0,"price":0.063,"mark_price":0.06232768,"iv":65.99,"instrument_name":"BTC-31MAR23-27000-C","index_price":28221.76,"direction":"sell","amount":0.1},{"trade_seq":4181,"trade_id":"247830848","timestamp":1679596393959,"tick_direction":2,"price":0.062,"mark_price":0.06206277,"iv":64.53,"instrument_name":"BTC-31MAR23-27000-C","index_price":28211.76,"direction":"sell","amount":0.1},{"trade_seq":4180,"trade_id":"247829381","timestamp":1679596165696,"tick_direction":0,"price":0.064,"mark_price":0.06398962,"iv":64.16,"instrument_name":"BTC-31MAR23-27000-C","index_price":28298.48,"direction":"buy","amount":0.5},{"trade_seq":4179,"trade_id":"247828971","timestamp":1679596152256,"tick_direction":2,"price":0.0625,"mark_price":0.06281339,"iv":63.41,"instrument_name":"BTC-31MAR23-27000-C","index_price":28251.2,"direction":"buy","amount":0.1},{"trade_seq":4178,"trade_id":"247827276","timestamp":1679595794077,"tick_direction":2,"price":0.065,"mark_price":0.06463035,"iv":64.8,"instrument_name":"BTC-31MAR23-27000-C","index_price":28329.16,"direction":"sell","amount":0.1},{"trade_seq":4177,"trade_id":"247827194","timestamp":1679595770102,"tick_direction":0,"price":0.0655,"mark_price":0.06433416,"iv":66.43,"instrument_name":"BTC-31MAR23-27000-C","index_price":28317.71,"direction":"sell","amount":0.1},{"trade_seq":4176,"trade_id":"247824715","timestamp":1679595082688,"tick_direction":0,"price":0.064,"mark_price":0.06497195,"iv":62.02,"instrument_name":"BTC-31MAR23-27000-C","index_price":28345.04,"direction":"buy","amount":0.1},{"trade_seq":4175,"trade_id":"247823822","timestamp":1679594828127,"tick_direction":2,"price":0.0635,"mark_price":0.06371944,"iv":63.33,"instrument_name":"BTC-31MAR23-27000-C","index_price":28300.35,"direction":"sell","amount":0.1},{"trade_seq":4174,"trade_id":"247823317","timestamp":1679594663980,"tick_direction":2,"price":0.064,"mark_price":0.06400147,"iv":63.79,"instrument_name":"BTC-31MAR23-27000-C","index_price":28316.22,"direction":"sell","amount":0.1},{"trade_seq":4173,"trade_id":"247822417","timestamp":1679594452717,"tick_direction":0,"price":0.0645,"mark_price":0.06468755,"iv":63.13,"instrument_name":"BTC-31MAR23-27000-C","index_price":28360.46,"direction":"buy","amount":0.1},{"trade_seq":4172,"trade_id":"247821663","timestamp":1679594304473,"tick_direction":0,"price":0.064,"mark_price":0.06369626,"iv":63.46,"instrument_name":"BTC-31MAR23-27000-C","index_price":28331.1,"direction":"buy","amount":0.1},{"trade_seq":4171,"trade_id":"247816415","timestamp":1679593028655,"tick_direction":3,"price":0.0625,"mark_price":0.06222222,"iv":63.16,"instrument_name":"BTC-31MAR23-27000-C","index_price":28270.02,"direction":"buy","amount":0.1},{"trade_seq":4170,"trade_id":"247814284","timestamp":1679592614711,"tick_direction":2,"price":0.0625,"mark_price":0.06253838,"iv":62.55,"instrument_name":"BTC-31MAR23-27000-C","index_price":28285.53,"direction":"buy","amount":0.1},{"trade_seq":4169,"trade_id":"247810717","timestamp":1679592111930,"tick_direction":2,"price":0.065,"mark_price":0.06509742,"iv":63.02,"instrument_name":"BTC-31MAR23-27000-C","index_price":28388.78,"direction":"buy","amount":0.1},{"trade_seq":4168,"trade_id":"247807541","timestamp":1679591427670,"tick_direction":2,"price":0.067,"mark_price":0.06681863,"iv":64.34,"instrument_name":"BTC-31MAR23-27000-C","index_price":28426.91,"direction":"sell","amount":0.1},{"trade_seq":4167,"trade_id":"247800058","timestamp":1679589084293,"tick_direction":2,"price":0.071,"mark_price":0.07092316,"iv":65.43,"instrument_name":"BTC-31MAR23-27000-C","index_price":28562.92,"direction":"sell","amount":0.1},{"trade_seq":4166,"trade_id":"247799996","timestamp":1679589057723,"tick_direction":0,"price":0.0715,"mark_price":0.07128212,"iv":65.75,"instrument_name":"BTC-31MAR23-27000-C","index_price":28577.28,"direction":"sell","amount":0.1},{"trade_seq":4165,"trade_id":"247799499","timestamp":1679588920158,"tick_direction":2,"price":0.0705,"mark_price":0.07021379,"iv":65.77,"instrument_name":"BTC-31MAR23-27000-C","index_price":28536.19,"direction":"sell","amount":0.1},{"trade_seq":4164,"trade_id":"247790847","timestamp":1679587376758,"tick_direction":2,"price":0.073,"mark_price":0.07295193,"iv":66.47,"instrument_name":"BTC-31MAR23-27000-C","index_price":28614.77,"direction":"sell","amount":0.1},{"trade_seq":4163,"trade_id":"247785517","timestamp":1679586537336,"tick_direction":0,"price":0.0745,"mark_price":0.07405081,"iv":66.94,"instrument_name":"BTC-31MAR23-27000-C","index_price":28676.79,"direction":"buy","amount":0.1},{"trade_seq":4162,"trade_id":"247784888","timestamp":1679586423278,"tick_direction":0,"price":0.0735,"mark_price":0.07300682,"iv":67.21,"instrument_name":"BTC-31MAR23-27000-C","index_price":28627.46,"direction":"sell","amount":0.1},{"trade_seq":4161,"trade_id":"247784117","timestamp":1679586267691,"tick_direction":2,"price":0.073,"mark_price":0.07219911,"iv":67.57,"instrument_name":"BTC-31MAR23-27000-C","index_price":28594.43,"direction":"sell","amount":0.1},{"trade_seq":4160,"trade_id":"247778185","timestamp":1679585758954,"tick_direction":0,"price":0.0745,"mark_price":0.07401111,"iv":65.97,"instrument_name":"BTC-31MAR23-27000-C","index_price":28700.82,"direction":"buy","amount":0.1},{"trade_seq":4159,"trade_id":"247776039","timestamp":1679585485862,"tick_direction":0,"price":0.0725,"mark_price":0.07191215,"iv":64.37,"instrument_name":"BTC-31MAR23-27000-C","index_price":28662.99,"direction":"buy","amount":0.1},{"trade_seq":4158,"trade_id":"247774078","timestamp":1679585304324,"tick_direction":0,"price":0.071,"mark_price":0.0699747,"iv":65.04,"instrument_name":"BTC-31MAR23-27000-C","index_price":28577.6,"direction":"sell","amount":0.1},{"trade_seq":4157,"trade_id":"247773537","timestamp":1679585221340,"tick_direction":0,"price":0.07,"mark_price":0.06872814,"iv":65.46,"instrument_name":"BTC-31MAR23-27000-C","index_price":28526.22,"direction":"buy","amount":0.1},{"trade_seq":4156,"trade_id":"247773379","timestamp":1679585197175,"tick_direction":2,"price":0.069,"mark_price":0.06833799,"iv":64.16,"instrument_name":"BTC-31MAR23-27000-C","index_price":28513.46,"direction":"sell","amount":0.1},{"trade_seq":4155,"trade_id":"247771073","timestamp":1679584949035,"tick_direction":2,"price":0.07,"mark_price":0.06983805,"iv":63.15,"instrument_name":"BTC-31MAR23-27000-C","index_price":28554.68,"direction":"sell","amount":0.1},{"trade_seq":4154,"trade_id":"247763302","timestamp":1679584573750,"tick_direction":0,"price":0.0715,"mark_price":0.07380993,"iv":57.29,"instrument_name":"BTC-31MAR23-27000-C","index_price":28728.68,"direction":"sell","amount":0.1},{"trade_seq":4153,"trade_id":"247758319","timestamp":1679584403754,"tick_direction":0,"price":0.068,"mark_price":0.06502447,"iv":67.26,"instrument_name":"BTC-31MAR23-27000-C","index_price":28398.88,"direction":"buy","amount":0.1},{"trade_seq":4152,"trade_id":"247751075","timestamp":1679583991869,"tick_direction":0,"price":0.0615,"mark_price":0.06130192,"iv":60.73,"instrument_name":"BTC-31MAR23-27000-C","index_price":28259.23,"direction":"sell","amount":0.1},{"trade_seq":4151,"trade_id":"247749045","timestamp":1679583860322,"tick_direction":2,"price":0.0565,"mark_price":0.05867061,"iv":55.81,"instrument_name":"BTC-31MAR23-27000-C","index_price":28150.81,"direction":"sell","amount":0.1},{"trade_seq":4150,"trade_id":"247748868","timestamp":1679583845077,"tick_direction":0,"price":0.058,"mark_price":0.05865485,"iv":58.83,"instrument_name":"BTC-31MAR23-27000-C","index_price":28149.0,"direction":"buy","amount":0.1},{"trade_seq":4149,"trade_id":"247742825","timestamp":1679583604188,"tick_direction":0,"price":0.053,"mark_price":0.05690989,"iv":51.92,"instrument_name":"BTC-31MAR23-27000-C","index_price":28083.27,"direction":"sell","amount":0.1},{"trade_seq":4148,"trade_id":"247738471","timestamp":1679583565633,"tick_direction":0,"price":0.0525,"mark_price":0.05135792,"iv":61.29,"instrument_name":"BTC-31MAR23-27000-C","index_price":27843.79,"direction":"buy","amount":0.1},{"trade_seq":4147,"trade_id":"247733653","timestamp":1679583024507,"tick_direction":0,"price":0.047,"mark_price":0.0471771,"iv":58.86,"instrument_name":"BTC-31MAR23-27000-C","index_price":27646.36,"direction":"sell","amount":0.2},{"trade_seq":4146,"trade_id":"247728369","timestamp":1679581654158,"tick_direction":2,"price":0.043,"mark_price":0.043296,"iv":58.4,"instrument_name":"BTC-31MAR23-27000-C","index_price":27460.2,"direction":"buy","amount":0.2},{"trade_seq":4145,"trade_id":"247726376","timestamp":1679580756615,"tick_direction":0,"price":0.0435,"mark_price":0.04360228,"iv":58.92,"instrument_name":"BTC-31MAR23-27000-C","index_price":27478.0,"direction":"buy","amount":0.2}