{"usOut":1682186358078370,"usIn":1682186357012773,"usDiff":1065597,"testnet":false,"result":{"trades":[{"trade_seq":12976,"trade_id":"249067579","timestamp":1680210715561,"tick_direction":3,"price":0.0005,"mark_price":0.00015994,"iv":101.02,"instrument_name":"BTC-31MAR23-30000-C","index_price":28121.65,"direction":"sell","amount":0.1},{"trade_seq":12975,"trade_id":"249067578","timestamp":1680210714502,"tick_direction":3,"price":0.0005,"mark_price":0.00015991,"iv":101.02,"instrument_name":"BTC-31MAR23-30000-C","index_price":28121.69,"direction":"sell","amount":0.1},{"trade_seq":12974,"trade_id":"249067577","timestamp":1680210713455,"tick_direction":3,"price":0.0005,"mark_price":0.00015987,"iv":101.03,"instrument_name":"BTC-31MAR23-30000-C","index_price":28121.68,"direction":"sell","amount":0.1},{"trade_seq":12973,"trade_id":"249067576","timestamp":1680210713455,"tick_direction":3,"price":0.0005,"mark_price":0.00015987,"iv":101.03,"instrument_name":"BTC-31MAR23-30000-C","index_price":28121.68,"direction":"sell","amount":0.1},{"trade_seq":12972,"trade_id":"249067573","timestamp":1680210712471,"tick_direction":3,"price":0.0005,"mark_price":0.00015987,"iv":101.03,"instrument_name":"BTC-31MAR23-30000-C","index_price":28121.68,"direction":"sell","amount":9.0},{"trade_seq":12971,"trade_id":"249067572","timestamp":1680210712417,"tick_direction":3,"price":0.0005,"mark_price":0.00015987,"iv":101.03,"instrument_name":"BTC-31MAR23-30000-C","index_price":28121.68,"direction":"buy","amount":1.0},{"trade_seq":12970,"trade_id":"249067571","timestamp":1680210707251,"tick_direction":3,"price":0.0005,"mark_price":0.00015974,"iv":101.05,"instrument_name":"BTC-31MAR23-30000-C","index_price":28121.78,"direction":"sell","amount":0.1},{"trade_seq":12969,"trade_id":"249067568","timestamp":1680210706180,"tick_direction":3,"price":0.0005,"mark_price":0.00015989,"iv":101.04,"instrument_name":"BTC-31MAR23-30000-C","index_price":28122.07,"direction":"sell","amount":0.1},{"trade_seq":12968,"trade_id":"249067567","timestamp":1680210705127,"tick_direction":3,"price":0.0005,"mark_price":0.00015987,"iv":101.03,"instrument_name":"BTC-31MAR23-30000-C","index_price":28122.42,"direction":"sell","amount":0.1},{"trade_seq":12967,"trade_id":"249067563","timestamp":1680210704343,"tick_direction":3,"price":0.0005,"mark_price":0.00015991,"iv":101.03,"instrument_name":"BTC-31MAR23-30000-C","index_price":28122.42,"direction":"buy","amount":1.0},{"trade_seq":12966,"trade_id":"249067562","timestamp":1680210700220,"tick_direction":3,"price":0.0005,"mark_price":0.00016099,"iv":100.95,"instrument_name":"BTC-31MAR23-30000-C","index_price":28124.17,"direction":"sell","amount":0.1},{"trade_seq":12965,"trade_id":"249067561","timestamp":1680210699173,"tick_direction":3,"price":0.0005,"mark_price":0.0001612,"iv":100.94,"instrument_name":"BTC-31MAR23-30000-C","index_price":28124.36,"direction":"sell","amount":0.1},{"trade_seq":12964,"trade_id":"249067560","timestamp":1680210698135,"tick_direction":3,"price":0.0005,"mark_price":0.00016158,"iv":100.91,"instrument_name":"BTC-31MAR23-30000-C","index_price":28124.57,"direction":"sell","amount":0.1},{"trade_seq":12963,"trade_id":"249067559","timestamp":1680210698135,"tick_direction":3,"price":0.0005,"mark_price":0.00016158,"iv":100.91,"instrument_name":"BTC-31MAR23-30000-C","index_price":28124.57,"direction":"sell","amount":0.1},{"trade_seq":12962,"trade_id":"249067558","timestamp":1680210697192,"tick_direction":3,"price":0.0005,"mark_price":0.00016147,"iv":100.88,"instrument_name":"BTC-31MAR23-30000-C","index_price":28124.87,"direction":"sell","amount":0.1},{"trade_seq":12961,"trade_id":"249067547","timestamp":1680210696707,"tick_direction":3,"price":0.0005,"mark_price":0.00016147,"iv":100.89,"instrument_name":"BTC-31MAR23-30000-C","index_price":28125.45,"direction":"sell","amount":0.1},{"trade_seq":12960,"trade_id":"249067546","timestamp":1680210695657,"tick_direction":3,"price":0.0005,"mark_price":0.00016143,"iv":100.89,"instrument_name":"BTC-31MAR23-30000-C","index_price":28125.49,"direction":"sell","amount":0.1},{"trade_seq":12959,"trade_id":"249067545","timestamp":1680210694610,"tick_direction":3,"price":0.0005,"mark_price":0.00016147,"iv":100.89,"instrument_name":"BTC-31MAR23-30000-C","index_price":28125.57,"direction":"sell","amount":0.1},{"trade_seq":12958,"trade_id":"249067542","timestamp":1680210693563,"tick_direction":3,"price":0.0005,"mark_price":0.00016159,"iv":100.9,"instrument_name":"BTC-31MAR23-30000-C","index_price":28125.84,"direction":"sell","amount":0.1},{"trade_seq":12957,"trade_id":"249067540","timestamp":1680210692514,"tick_direction":3,"price":0.0005,"mark_price":0.00016188,"iv":100.86,"instrument_name":"BTC-31MAR23-30000-C","index_price":28126.27,"direction":"sell","amount":0.1},{"trade_seq":12956,"trade_id":"249067528","timestamp":1680210691453,"tick_direction":3,"price":0.0005,"mark_price":0.00016259,"iv":100.79,"instrument_name":"BTC-31MAR23-30000-C","index_price":28126.98,"direction":"sell","amount":0.1},{"trade_seq":12955,"trade_id":"249067527","timestamp":1680210690406,"tick_direction":3,"price":0.0005,"mark_price":0.00016259,"iv":100.79,"instrument_name":"BTC-31MAR23-30000-C","index_price":28126.98,"direction":"sell","amount":0.1},{"trade_seq":12954,"trade_id":"249067526","timestamp":1680210689360,"tick_direction":3,"price":0.0005,"mark_price":0.00016249,"iv":100.8,"instrument_name":"BTC-31MAR23-30000-C","index_price":28126.95,"direction":"sell","amount":0.1},{"trade_seq":12953,"trade_id":"249067525","timestamp":1680210688312,"tick_direction":3,"price":0.0005,"mark_price":0.00016251,"iv":100.8,"instrument_name":"BTC-31MAR23-30000-C","index_price":28127.14,"direction":"sell","amount":0.1},{"trade_seq":12952,"trade_id":"249067524","timestamp":1680210687398,"tick_direction":3,"price":0.0005,"mark_price":0.0001623,"iv":100.82,"instrument_name":"BTC-31MAR23-30000-C","index_price":28126.89,"direction":"sell","amount":0.1},{"trade_seq":12951,"trade_id":"249067523","timestamp":1680210687398,"tick_direction":3,"price":0.0005,"mark_price":0.0001623,"iv":100.82,"instrument_name":"BTC-31MAR23-30000-C","index_price":28126.89,"direction":"sell","amount":0.1},{"trade_seq":12950,"trade_id":"249067522","timestamp":1680210686218,"tick_direction":3,"price":0.0005,"mark_price":0.0001623,"iv":100.82,"instrument_name":"BTC-31MAR23-30000-C","index_price":28126.95,"direction":"sell","amount":0.1},{"trade_seq":12949,"trade_id":"249067521","timestamp":1680210685171,"tick_direction":3,"price":0.0005,"mark_price":0.0001623,"iv":100.82,"instrument_name":"BTC-31MAR23-30000-C","index_price":28126.95,"direction":"sell","amount":0.1},{"trade_seq":12948,"trade_id":"249067520","timestamp":1680210684125,"tick_direction":3,"price":0.0005,"mark_price":0.00016222,"iv":100.82,"instrument_name":"BTC-31MAR23-30000-C","index_price":28126.95,"direction":"sell","amount":0.1},{"trade_seq":12947,"trade_id":"249067519","timestamp":1680210683078,"tick_direction":3,"price":0.0005,"mark_price":0.00016222,"iv":100.82,"instrument_name":"BTC-31MAR23-30000-C","index_price":28127.08,"direction":"sell","amount":0.1},{"trade_seq":12946,"trade_id":"249067518","timestamp":1680210682031,"tick_direction":3,"price":0.0005,"mark_price":0.00016222,"iv":100.82,"instrument_name":"BTC-31MAR23-30000-C","index_price":28127.08,"direction":"sell","amount":0.1},{"trade_seq":12945,"trade_id":"249067517","timestamp":1680210680984,"tick_direction":3,"price":0.0005,"mark_price":0.00016222,"iv":100.82,"instrument_name":"BTC-31MAR23-30000-C","index_price":28127.08,"direction":"sell","amount":0.1},{"trade_seq":12944,"trade_id":"249067516","timestamp":1680210679937,"tick_direction":3,"price":0.0005,"mark_price":0.00016215,"iv":100.83,"instrument_name":"BTC-31MAR23-30000-C","index_price":28127.01,"direction":"sell","amount":0.1},{"trade_seq":12943,"trade_id":"249067515","timestamp":1680210678890,"tick_direction":3,"price":0.0005,"mark_price":0.00016217,"iv":100.83,"instrument_name":"BTC-31MAR23-30000-C","index_price":28127.08,"direction":"sell","amount":0.1},{"trade_seq":12942,"trade_id":"249067514","timestamp":1680210677843,"tick_direction":3,"price":0.0005,"mark_price":0.00016225,"iv":100.82,"instrument_name":"BTC-31MAR23-30000-C","index_price":28127.26,"direction":"sell","amount":0.1},{"trade_seq":12941,"trade_id":"249067513","timestamp":1680210676796,"tick_direction":3,"price":0.0005,"mark_price":0.00016251,"iv":100.8,"instrument_name":"BTC-31MAR23-30000-C","index_price":28127.51,"direction":"sell","amount":0.1},{"trade_seq":12940,"trade_id":"249067512","timestamp":1680210676796,"tick_direction":3,"price":0.0005,"mark_price":0.00016251,"iv":100.8,"instrument_name":"BTC-31MAR23-30000-C","index_price":28127.51,"direction":"sell","amount":0.1},{"trade_seq":12939,"trade_id":"249067511","timestamp":1680210675750,"tick_direction":3,"price":0.0005,"mark_price":0.00016251,"iv":100.8,"instrument_name":"BTC-31MAR23-30000-C","index_price":28127.51,"direction":"sell","amount":0.1},{"trade_seq":12938,"trade_id":"249067510","timestamp":1680210674702,"tick_direction":3,"price":0.0005,"mark_price":0.00016251,"iv":100.8,"instrument_name":"BTC-31MAR23-30000-C","index_price":28127.51,"direction":"sell","amount":0.1},{"trade_seq":12937,"trade_id":"249067509","timestamp":1680210673655,"tick_direction":3,"price":0.0005,"mark_price":0.00016251,"iv":100.8,"instrument_name":"BTC-31MAR23-30000-C","index_price":28127.83,"direction":"sell","amount":0.1},{"trade_seq":12936,"trade_id":"249067508","timestamp":1680210672608,"tick_direction":3,"price":0.0005,"mark_price":0.00016238,"iv":100.81,"instrument_name":"BTC-31MAR23-30000-C","index_price":28127.76,"direction":"sell","amount":0.1},{"trade_seq":12935,"trade_id":"249067507","timestamp":1680210671562,"tick_direction":3,"price":0.0005,"mark_price":0.00016238,"iv":100.81,"instrument_name":"BTC-31MAR23-30000-C","index_price":28127.76,"direction":"sell","amount":0.1},{"trade_seq":12934,"trade_id":"249067506","timestamp":1680210670514,"tick_direction":3,"price":0.0005,"mark_price":0.00016238,"iv":100.81,"instrument_name":"BTC-31MAR23-30000-C","index_price":28127.76,"direction":"sell","amount":0.1},{"trade_seq":12933,"trade_id":"249067505","timestamp":1680210669452,"tick_direction":3,"price":0.0005,"mark_price":0.00016238,"iv":100.81,"instrument_name":"BTC-31MAR23-30000-C","index_price":28127.76,"direction":"sell","amount":0.1},{"trade_seq":12932,"trade_id":"249067504","timestamp":1680210668405,"tick_direction":3,"price":0.0005,"mark_price":0.00016238,"iv":100.81,"instrument_name":"BTC-31MAR23-30000-C","index_price":28127.76,"direction":"sell","amount":0.1},{"trade_seq":12931,"trade_id":"249067503","timestamp":1680210667358,"tick_direction":3,"price":0.0005,"mark_price":0.00016238,"iv":100.81,"instrument_name":"BTC-31MAR23-30000-C","index_price":28127.76,"direction":"sell","amount":0.1},{"trade_seq":12930,"trade_id":"249067502","timestamp":1680210666311,"tick_direction":3,"price":0.0005,"mark_price":0.00016238,"iv":100.81,"instrument_name":"BTC-31MAR23-30000-C","index_price":28127.76,"direction":"sell","amount":0.1},{"trade_seq":12929,"trade_id":"249067501","timestamp":1680210665264,"tick_direction":3,"price":0.0005,"mark_price":0.00016238,"iv":100.81,"instrument_name":"BTC-31MAR23-30000-C","index_price":28127.76,"direction":"sell","amount":0.1},{"trade_seq":12928,"trade_id":"249067500","timestamp":1680210665264,"tick_direction":3,"price":0.0005,"mark_price":0.00016238,"iv":100.81,"instrument_name":"BTC-31MAR23-30000-C","index_price":28127.76,"direction":"sell","amount":0.1},{"trade_seq":12927,"trade_id":"249067499","timestamp":1680210664216,"tick_direction":3,"price":0.0005,"mark_price":0.00016238,"iv":100.81,"instrument_name":"BTC-31MAR23-30000-C","index_price":28127.76,"direction":"sell","amount":0.1},{"trade_seq":12926,"trade_id":"249067498","timestamp":1680210663154,"tick_direction":3,"price":0.0005,"mark_price":0.00016224,"iv":100.82,"instrument_name":"BTC-31MAR23-30000-C","index_price":28127.7,"direction":"sell","amount":0.1},{"trade_seq":12925,"trade_id":"249067495","timestamp":1680210662107,"tick_direction":3,"price":0.0005,"mark_price":0.00016224,"iv":100.82,"instrument_name":"BTC-31MAR23-30000-C","index_price":28127.7,"direction":"sell","amount":0.1},{"trade_seq":12924,"trade_id":"249067494","timestamp":1680210661061,"tick_direction":3,"price":0.0005,"mark_price":0.00016224,"iv":100.82,"instrument_name":"BTC-31MAR23-30000-C","index_price":28127.7,"direction":"sell","amount":0.1},{"trade_seq":12923,"trade_id":"249067493","timestamp":1680210660014,"tick_direction":3,"price":0.0005,"mark_price":0.00016224,"iv":100.82,"instrument_name":"BTC-31MAR23-30000-C","index_price":28127.7,"direction":"sell","amount":0.1},{"trade_seq":12922,"trade_id":"249067492","timestamp":1680210658967,"tick_direction":3,"price":0.0005,"mark_price":0.00016218,"iv":100.82,"instrument_name":"BTC-31MAR23-30000-C","index_price":28127.7,"direction":"sell","amount":0.1},{"trade_seq":12921,"trade_id":"249067490","timestamp":1680210657920,"tick_direction":3,"price":0.0005,"mark_price":0.00016204,"iv":100.83,"instrument_name":"BTC-31MAR23-30000-C","index_price":28127.64,"direction":"sell","amount":0.1},{"trade_seq":12920,"trade_id":"249067488","timestamp":1680210656873,"tick_direction":3,"price":0.0005,"mark_price":0.00016204,"iv":100.83,"instrument_name":"BTC-31MAR23-30000-C","index_price":28127.7,"direction":"sell","amount":0.1},{"trade_seq":12919,"trade_id":"249067486","timestamp":1680210655825,"tick_direction":3,"price":0.0005,"mark_price":0.00016204,"iv":100.83,"instrument_name":"BTC-31MAR23-30000-C","index_price":28127.7,"direction":"sell","amount":0.1},{"trade_seq":12918,"trade_id":"249067484","timestamp":1680210654778,"tick_direction":3,"price":0.0005,"mark_price":0.00016204,"iv":100.84,"instrument_name":"BTC-31MAR23-30000-C","index_price":28127.7,"direction":"sell","amount":0.1},{"trade_seq":12917,"trade_id":"249067483","timestamp":1680210654778,"tick_direction":3,"price":0.0005,"mark_price":0.00016204,"iv":100.84,"instrument_name":"BTC-31MAR23-30000-C","index_price":28127.7,"direction":"sell","amount":0.1},{"trade_seq":12916,"trade_id":"249067481","timestamp":1680210653732,"tick_direction":3,"price":0.0005,"mark_price":0.00016204,"iv":100.84,"instrument_name":"BTC-31MAR23-30000-C","index_price":28127.7,"direction":"sell","amount":0.1},{"trade_seq":12915,"trade_id":"249067479","timestamp":1680210652695,"tick_direction":3,"price":0.0005,"mark_price":0.00016204,"iv":100.84,"instrument_name":"BTC-31MAR23-30000-C","index_price":28127.7,"direction":"sell","amount":0.1},{"trade_seq":12914,"trade_id":"249067477","timestamp":1680210651646,"tick_direction":3,"price":0.0005,"mark_price":0.00016206,"iv":100.84,"instrument_name":"BTC-31MAR23-30000-C","index_price":28127.8,"direction":"sell","amount":0.1},{"trade_seq":12913,"trade_id":"249067476","timestamp":1680210650575,"tick_direction":3,"price":0.0005,"mark_price":0.00016206,"iv":100.84,"instrument_name":"BTC-31MAR23-30000-C","index_price":28127.85,"direction":"sell","amount":0.1},{"trade_seq":12912,"trade_id":"249067475","timestamp":1680210649528,"tick_direction":3,"price":0.0005,"mark_price":0.0001632,"iv":100.82,"instrument_name":"BTC-31MAR23-30000-C","index_price":28128.3,"direction":"sell","amount":0.1},{"trade_seq":12911,"trade_id":"249067472","timestamp":1680210648519,"tick_direction":3,"price":0.0005,"mark_price":0.00016326,"iv":100.74,"instrument_name":"BTC-31MAR23-30000-C","index_price":28129.97,"direction":"sell","amount":0.1},{"trade_seq":12910,"trade_id":"249067471","timestamp":1680210647434,"tick_direction":3,"price":0.0005,"mark_price":0.00016331,"iv":100.73,"instrument_name":"BTC-31MAR23-30000-C","index_price":28130.01,"direction":"sell","amount":0.1},{"trade_seq":12909,"trade_id":"249067470","timestamp":1680210646388,"tick_direction":3,"price":0.0005,"mark_price":0.00016382,"iv":100.69,"instrument_name":"BTC-31MAR23-30000-C","index_price":28130.32,"direction":"sell","amount":0.1},{"trade_seq":12908,"trade_id":"249067469","timestamp":1680210645340,"tick_direction":3,"price":0.0005,"mark_price":0.00016393,"iv":100.68,"instrument_name":"BTC-31MAR23-30000-C","index_price":28130.83,"direction":"sell","amount":0.1},{"trade_seq":12907,"trade_id":"249067468","timestamp":1680210644293,"tick_direction":3,"price":0.0005,"mark_price":0.00016403,"iv":100.68,"instrument_name":"BTC-31MAR23-30000-C","index_price":28130.86,"direction":"sell","amount":0.1},{"trade_seq":12906,"trade_id":"249067467","timestamp":1680210643246,"tick_direction":3,"price":0.0005,"mark_price":0.00016394,"iv":100.68,"instrument_name":"BTC-31MAR23-30000-C","index_price":28130.88,"direction":"sell","amount":0.1},{"trade_seq":12905,"trade_id":"249067466","timestamp":1680210643246,"tick_direction":3,"price":0.0005,"mark_price":0.00016394,"iv":100.68,"instrument_name":"BTC-31MAR23-30000-C","index_price":28130.88,"direction":"sell","amount":0.1},{"trade_seq":12904,"trade_id":"249067465","timestamp":1680210642200,"tick_direction":3,"price":0.0005,"mark_price":0.00016386,"iv":100.69,"instrument_name":"BTC-31MAR23-30000-C","index_price":28130.9,"direction":"sell","amount":0.1},{"trade_seq":12903,"trade_id":"249067464","timestamp":1680210641152,"tick_direction":3,"price":0.0005,"mark_price":0.00016393,"iv":100.68,"instrument_name":"BTC-31MAR23-30000-C","index_price":28131.18,"direction":"sell","amount":0.1},{"trade_seq":12902,"trade_id":"249067463","timestamp":1680210640116,"tick_direction":3,"price":0.0005,"mark_price":0.0001623,"iv":100.71,"instrument_name":"BTC-31MAR23-30000-C","index_price":28131.19,"direction":"sell","amount":0.1},{"trade_seq":12901,"trade_id":"249067462","timestamp":1680210639112,"tick_direction":3,"price":0.0005,"mark_price":0.0001623,"iv":100.71,"instrument_name":"BTC-31MAR23-30000-C","index_price":28131.19,"direction":"sell","amount":0.1},{"trade_seq":12900,"trade_id":"249067461","timestamp":1680210638116,"tick_direction":3,"price":0.0005,"mark_price":0.0001623,"iv":100.71,"instrument_name":"BTC-31MAR23-30000-C","index_price":28131.19,"direction":"sell","amount":0.1},{"trade_seq":12899,"trade_id":"249067460","timestamp":1680210637112,"tick_direction":3,"price":0.0005,"mark_price":0.0001623,"iv":100.73,"instrument_name":"BTC-31MAR23-30000-C","index_price":28131.19,"direction":"sell","amount":0.1},{"trade_seq":12898,"trade_id":"249067459","timestamp":1680210636116,"tick_direction":3,"price":0.0005,"mark_price":0.0001623,"iv":100.73,"instrument_name":"BTC-31MAR23-30000-C","index_price":28131.19,"direction":"sell","amount":0.1},{"trade_seq":12897,"trade_id":"249067458","timestamp":1680210635111,"tick_direction":3,"price":0.0005,"mark_price":0.0001623,"iv":100.73,"instrument_name":"BTC-31MAR23-30000-C","index_price":28131.19,"direction":"sell","amount":0.1},{"trade_seq":12896,"trade_id":"249067457","timestamp":1680210634117,"tick_direction":3,"price":0.0005,"mark_price":0.0001623,"iv":100.82,"instrument_name":"BTC-31MAR23-30000-C","index_price":28131.19,"direction":"sell","amount":0.1},{"trade_seq":12895,"trade_id":"249067456","timestamp":1680210633200,"tick_direction":3,"price":0.0005,"mark_price":0.00016173,"iv":100.84,"instrument_name":"BTC-31MAR23-30000-C","index_price":28129.74,"direction":"sell","amount":0.1},{"trade_seq":12894,"trade_id":"249067455","timestamp":1680210632191,"tick_direction":3,"price":0.0005,"mark_price":0.00016173,"iv":100.84,"instrument_name":"BTC-31MAR23-30000-C","index_price":28129.55,"direction":"sell","amount":0.1},{"trade_seq":12893,"trade_id":"249067454","timestamp":1680210632112,"tick_direction":3,"price":0.0005,"mark_price":0.00016235,"iv":100.84,"instrument_name":"BTC-31MAR23-30000-C","index_price":28129.55,"direction":"sell","amount":0.1},{"trade_seq":12892,"trade_id":"249067452","timestamp":1680210631115,"tick_direction":3,"price":0.0005,"mark_price":0.00016218,"iv":100.81,"instrument_name":"BTC-31MAR23-30000-C","index_price":28129.5,"direction":"sell","amount":0.1},{"trade_seq":12891,"trade_id":"249067451","timestamp":1680210630111,"tick_direction":3,"price":0.0005,"mark_price":0.0001619,"iv":100.83,"instrument_name":"BTC-31MAR23-30000-C","index_price":28129.44,"direction":"sell","amount":0.1},{"trade_seq":12890,"trade_id":"249067450","timestamp":1680210629115,"tick_direction":3,"price":0.0005,"mark_price":0.0001619,"iv":100.82,"instrument_name":"BTC-31MAR23-30000-C","index_price":28129.61,"direction":"sell","amount":0.1},{"trade_seq":12889,"trade_id":"249067449","timestamp":1680210628111,"tick_direction":3,"price":0.0005,"mark_price":0.00016153,"iv":100.85,"instrument_name":"BTC-31MAR23-30000-C","index_price":28130.0,"direction":"sell","amount":0.1},{"trade_seq":12888,"trade_id":"249067448","timestamp":1680210627115,"tick_direction":3,"price":0.0005,"mark_price":0.00016122,"iv":100.88,"instrument_name":"BTC-31MAR23-30000-C","index_price":28130.01,"direction":"sell","amount":0.1},{"trade_seq":12887,"trade_id":"249067447","timestamp":1680210626111,"tick_direction":3,"price":0.0005,"mark_price":0.00016122,"iv":100.88,"instrument_name":"BTC-31MAR23-30000-C","index_price":28130.02,"direction":"sell","amount":0.1},{"trade_seq":12886,"trade_id":"249067446","timestamp":1680210625116,"tick_direction":3,"price":0.0005,"mark_price":0.00016154,"iv":100.9,"instrument_name":"BTC-31MAR23-30000-C","index_price":28130.03,"direction":"sell","amount":0.1},{"trade_seq":12885,"trade_id":"249067439","timestamp":1680210624110,"tick_direction":3,"price":0.0005,"mark_price":0.00016165,"iv":100.87,"instrument_name":"BTC-31MAR23-30000-C","index_price":28130.54,"direction":"sell","amount":0.1},{"trade_seq":12884,"trade_id":"249067438","timestamp":1680210623115,"tick_direction":3,"price":0.0005,"mark_price":0.00016171,"iv":100.87,"instrument_name":"BTC-31MAR23-30000-C","index_price":28130.54,"direction":"sell","amount":0.1},{"trade_seq":12883,"trade_id":"249067437","timestamp":1680210622155,"tick_direction":3,"price":0.0005,"mark_price":0.00016171,"iv":100.86,"instrument_name":"BTC-31MAR23-30000-C","index_price":28130.53,"direction":"sell","amount":0.1},{"trade_seq":12882,"trade_id":"249067436","timestamp":1680210621172,"tick_direction":3,"price":0.0005,"mark_price":0.00016178,"iv":100.86,"instrument_name":"BTC-31MAR23-30000-C","index_price":28130.54,"direction":"sell","amount":0.1},{"trade_seq":12881,"trade_id":"249067435","timestamp":1680210621111,"tick_direction":3,"price":0.0005,"mark_price":0.00016178,"iv":100.86,"instrument_name":"BTC-31MAR23-30000-C","index_price":28130.54,"direction":"sell","amount":0.1},{"trade_seq":12880,"trade_id":"249067434","timestamp":1680210620114,"tick_direction":3,"price":0.0005,"mark_price":0.00016186,"iv":100.86,"instrument_name":"BTC-31MAR23-30000-C","index_price":28130.55,"direction":"sell","amount":0.1},{"trade_seq":12879,"trade_id":"249067433","timestamp":1680210619113,"tick_direction":3,"price":0.0005,"mark_price":0.00016211,"iv":100.82,"instrument_name":"BTC-31MAR23-30000-C","index_price":28130.92,"direction":"sell","amount":0.1},{"trade_seq":12878,"trade_id":"249067432","timestamp":1680210618113,"tick_direction":3,"price":0.0005,"mark_price":0.00016211,"iv":100.82,"instrument_name":"BTC-31MAR23-30000-C","index_price":28130.92,"direction":"sell","amount":0.1},{"trade_seq":12877,"trade_id":"249067431","timestamp":1680210617166,"tick_direction":3,"price":0.0005,"mark_price":0.00016211,"iv":100.82,"instrument_name":"BTC-31MAR23-30000-C","index_price":28130.92,"direction":"sell","amount":0.1},{"trade_seq":12876,"trade_id":"249067430","timestamp":1680210616150,"tick_direction":3,"price":0.0005,"mark_price":0.00016221,"iv":100.82,"instrument_name":"BTC-31MAR23-30000-C","index_price":28130.48,"direction":"sell","amount":0.1},{"trade_seq":12875,"trade_id":"249067429","timestamp":1680210615115,"tick_direction":3,"price":0.0005,"mark_price":0.00016028,"iv":100.93,"instrument_name":"BTC-31MAR23-30000-C","index_price":28128.12,"direction":"sell","amount":0.1},{"trade_seq":12874,"trade_id":"249067422","timestamp":1680210614109,"tick_direction":3,"price":0.0005,"mark_price":0.00016028,"iv":100.94,"instrument_name":"BTC-31MAR23-30000-C","index_price":28127.8,"direction":"sell","amount":0.1},{"trade_seq":12873,"trade_id":"249067421","timestamp":1680210613113,"tick_direction":3,"price":0.0005,"mark_price":0.00016028,"iv":100.98,"instrument_name":"BTC-31MAR23-30000-C","index_price":28127.8,"direction":"sell","amount":0.1},{"trade_seq":12872,"trade_id":"249067420","timestamp":1680210612109,"tick_direction":3,"price":0.0005,"mark_price":0.00016003,"iv":100.99,"instrument_name":"BTC-31MAR23-30000-C","index_price":28126.89,"direction":"sell","amount":0.1},{"trade_seq":12871,"trade_id":"249067419","timestamp":1680210611150,"tick_direction":3,"price":0.0005,"mark_price":0.00016003,"iv":100.99,"instrument_name":"BTC-31MAR23-30000-C","index_price":28126.89,"direction":"sell","amount":0.1},{"trade_seq":12870,"trade_id":"249067418","timestamp":1680210610158,"tick_direction":3,"price":0.0005,"mark_price":0.00016003,"iv":101.0,"instrument_name":"BTC-31MAR23-30000-C","index_price":28126.89,"direction":"sell","amount":0.1},{"trade_seq":12869,"trade_id":"249067417","timestamp":1680210610113,"tick_direction":3,"price":0.0005,"mark_price":0.00016003,"iv":101.0,"instrument_name":"BTC-31MAR23-30000-C","index_price":28126.89,"direction":"sell","amount":0.1},{"trade_seq":12868,"trade_id":"249067416","timestamp":1680210609109,"tick_direction":3,"price":0.0005,"mark_price":0.00016003,"iv":101.0,"instrument_name":"BTC-31MAR23-30000-C","index_price":28126.89,"direction":"sell","amount":0.1},{"trade_seq":12867,"trade_id":"249067415","timestamp":1680210608114,"tick_direction":3,"price":0.0005,"mark_price":0.00016003,"iv":101.0,"instrument_name":"BTC-31MAR23-30000-C","index_price":28126.89,"direction":"sell","amount":0.1},{"trade_seq":12866,"trade_id":"249067414","timestamp":1680210607110,"tick_direction":3,"price":0.0005,"mark_price":0.00015993,"iv":101.01,"instrument_name":"BTC-31MAR23-30000-C","index_price":28126.77,"direction":"sell","amount":0.1},{"trade_seq":12865,"trade_id":"249067413","timestamp":1680210606112,"tick_direction":3,"price":0.0005,"mark_price":0.00015993,"iv":101.01,"instrument_name":"BTC-31MAR23-30000-C","index_price":28126.77,"direction":"sell","amount":0.1},{"trade_seq":12864,"trade_id":"249067412","timestamp":1680210605109,"tick_direction":3,"price":0.0005,"mark_price":0.00015979,"iv":101.01,"instrument_name":"BTC-31MAR23-30000-C","index_price":28126.74,"direction":"sell","amount":0.1},{"trade_seq":12863,"trade_id":"249067411","timestamp":1680210604112,"tick_direction":3,"price":0.0005,"mark_price":0.00015979,"iv":101.02,"instrument_name":"BTC-31MAR23-30000-C","index_price":28126.74,"direction":"sell","amount":0.1},{"trade_seq":12862,"trade_id":"249067410","timestamp":1680210603108,"tick_direction":3,"price":0.0005,"mark_price":0.00015987,"iv":101.02,"instrument_name":"BTC-31MAR23-30000-C","index_price":28126.99,"direction":"sell","amount":0.1},{"trade_seq":12861,"trade_id":"249067409","timestamp":1680210602114,"tick_direction":3,"price":0.0005,"mark_price":0.00016017,"iv":101.01,"instrument_name":"BTC-31MAR23-30000-C","index_price":28127.08,"direction":"sell","amount":0.1},{"trade_seq":12860,"trade_id":"249067408","timestamp":1680210601108,"tick_direction":3,"price":0.0005,"mark_price":0.00016147,"iv":100.88,"instrument_name":"BTC-31MAR23-30000-C","index_price":28127.65,"direction":"sell","amount":0.1},{"trade_seq":12859,"trade_id":"249067407","timestamp":1680210600173,"tick_direction":3,"price":0.0005,"mark_price":0.00016154,"iv":100.88,"instrument_name":"BTC-31MAR23-30000-C","index_price":28130.12,"direction":"sell","amount":0.1},{"trade_seq":12858,"trade_id":"249067398","timestamp":1680210599165,"tick_direction":3,"price":0.0005,"mark_price":0.00016154,"iv":100.88,"instrument_name":"BTC-31MAR23-30000-C","index_price":28130.12,"direction":"sell","amount":0.1},{"trade_seq":12857,"trade_id":"249067397","timestamp":1680210599117,"tick_direction":3,"price":0.0005,"mark_price":0.00016154,"iv":100.88,"instrument_name":"BTC-31MAR23-30000-C","index_price":28130.12,"direction":"sell","amount":0.1},{"trade_seq":12856,"trade_id":"249067290","timestamp":1680210550140,"tick_direction":3,"price":0.0005,"mark_price":0.00016137,"iv":100.89,"instrument_name":"BTC-31MAR23-30000-C","index_price":28125.84,"direction":"sell","amount":0.1},{"trade_seq":12855,"trade_id":"249067289","timestamp":1680210549102,"tick_direction":3,"price":0.0005,"mark_price":0.00016151,"iv":100.89,"instrument_name":"BTC-31MAR23-30000-C","index_price":28125.84,"direction":"sell","amount":0.1},{"trade_seq":12854,"trade_id":"249067288","timestamp":1680210549101,"tick_direction":3,"price":0.0005,"mark_price":0.00016159,"iv":100.89,"instrument_name":"BTC-31MAR23-30000-C","index_price":28125.84,"direction":"sell","amount":0.1},{"trade_seq":12853,"trade_id":"249067287","timestamp":1680210546104,"tick_direction":3,"price":0.0005,"mark_price":0.00016177,"iv":100.86,"instrument_name":"BTC-31MAR23-30000-C","index_price":28125.96,"direction":"sell","amount":0.1},{"trade_seq":12852,"trade_id":"249067286","timestamp":1680210543105,"tick_direction":3,"price":0.0005,"mark_price":0.00016139,"iv":100.89,"instrument_name":"BTC-31MAR23-30000-C","index_price":28124.81,"direction":"sell","amount":0.1},{"trade_seq":12851,"trade_id":"249067285","timestamp":1680210542100,"tick_direction":3,"price":0.0005,"mark_price":0.00016139,"iv":100.89,"instrument_name":"BTC-31MAR23-30000-C","index_price":28124.8,"direction":"sell","amount":0.1},{"trade_seq":12850,"trade_id":"249067284","timestamp":1680210541107,"tick_direction":3,"price":0.0005,"mark_price":0.00016169,"iv":100.88,"instrument_name":"BTC-31MAR23-30000-C","index_price":28124.79,"direction":"sell","amount":0.1},{"trade_seq":12849,"trade_id":"249067283","timestamp":1680210540377,"tick_direction":3,"price":0.0005,"mark_price":0.00016169,"iv":100.86,"instrument_name":"BTC-31MAR23-30000-C","index_price":28125.04,"direction":"sell","amount":0.1},{"trade_seq":12848,"trade_id":"249067282","timestamp":1680210539332,"tick_direction":3,"price":0.0005,"mark_price":0.00016176,"iv":100.86,"instrument_name":"BTC-31MAR23-30000-C","index_price":28124.98,"direction":"sell","amount":0.1},{"trade_seq":12847,"trade_id":"249067281","timestamp":1680210538281,"tick_direction":3,"price":0.0005,"mark_price":0.00016005,"iv":100.83,"instrument_name":"BTC-31MAR23-30000-C","index_price":28125.32,"direction":"sell","amount":0.1},{"trade_seq":12846,"trade_id":"249067272","timestamp":1680210537234,"tick_direction":3,"price":0.0005,"mark_price":0.00016003,"iv":101.0,"instrument_name":"BTC-31MAR23-30000-C","index_price":28121.61,"direction":"sell","amount":0.1},{"trade_seq":12845,"trade_id":"249067271","timestamp":1680210536186,"tick_direction":3,"price":0.0005,"mark_price":0.00016003,"iv":101.0,"instrument_name":"BTC-31MAR23-30000-C","index_price":28121.64,"direction":"sell","amount":0.1},{"trade_seq":12844,"trade_id":"249067270","timestamp":1680210536186,"tick_direction":3,"price":0.0005,"mark_price":0.00016003,"iv":101.0,"instrument_name":"BTC-31MAR23-30000-C","index_price":28121.64,"direction":"sell","amount":0.1},{"trade_seq":12843,"trade_id":"249067269","timestamp":1680210535231,"tick_direction":3,"price":0.0005,"mark_price":0.00016002,"iv":101.0,"instrument_name":"BTC-31MAR23-30000-C","index_price":28121.65,"direction":"sell","amount":0.1},{"trade_seq":12842,"trade_id":"249067268","timestamp":1680210534102,"tick_direction":3,"price":0.0005,"mark_price":0.00016032,"iv":100.98,"instrument_name":"BTC-31MAR23-30000-C","index_price":28122.2,"direction":"sell","amount":0.1},{"trade_seq":12841,"trade_id":"249067266","timestamp":1680210533045,"tick_direction":3,"price":0.0005,"mark_price":0.00016044,"iv":100.98,"instrument_name":"BTC-31MAR23-30000-C","index_price":28122.22,"direction":"sell","amount":0.1},{"trade_seq":12840,"trade_id":"249067265","timestamp":1680210532007,"tick_direction":3,"price":0.0005,"mark_price":0.00016047,"iv":100.96,"instrument_name":"BTC-31MAR23-30000-C","index_price":28122.42,"direction":"sell","amount":0.1},{"trade_seq":12839,"trade_id":"249067264","timestamp":1680210530958,"tick_direction":3,"price":0.0005,"mark_price":0.00016047,"iv":100.96,"instrument_name":"BTC-31MAR23-30000-C","index_price":28122.42,"direction":"sell","amount":0.1},{"trade_seq":12838,"trade_id":"249067263","timestamp":1680210529909,"tick_direction":3,"price":0.0005,"mark_price":0.00016053,"iv":100.96,"instrument_name":"BTC-31MAR23-30000-C","index_price":28122.41,"direction":"sell","amount":0.1},{"trade_seq":12837,"trade_id":"249067262","timestamp":1680210528860,"tick_direction":3,"price":0.0005,"mark_price":0.00016053,"iv":100.96,"instrument_name":"BTC-31MAR23-30000-C","index_price":28122.45,"direction":"sell","amount":0.1},{"trade_seq":12836,"trade_id":"249067261","timestamp":1680210527802,"tick_direction":3,"price":0.0005,"mark_price":0.00016082,"iv":100.96,"instrument_name":"BTC-31MAR23-30000-C","index_price":28122.44,"direction":"sell","amount":0.1},{"trade_seq":12835,"trade_id":"249067260","timestamp":1680210526796,"tick_direction":3,"price":0.0005,"mark_price":0.00016082,"iv":100.96,"instrument_name":"BTC-31MAR23-30000-C","index_price":28122.44,"direction":"sell","amount":0.1},{"trade_seq":12834,"trade_id":"249067259","timestamp":1680210525719,"tick_direction":3,"price":0.0005,"mark_price":0.00016086,"iv":100.93,"instrument_name":"BTC-31MAR23-30000-C","index_price":28122.94,"direction":"sell","amount":0.1},{"trade_seq":12833,"trade_id":"249067258","timestamp":1680210525719,"tick_direction":3,"price":0.0005,"mark_price":0.00016086,"iv":100.93,"instrument_name":"BTC-31MAR23-30000-C","index_price":28122.94,"direction":"sell","amount":0.1},{"trade_seq":12832,"trade_id":"249067198","timestamp":1680210481861,"tick_direction":3,"price":0.0005,"mark_price":0.00016516,"iv":100.57,"instrument_name":"BTC-31MAR23-30000-C","index_price":28122.88,"direction":"sell","amount":0.1},{"trade_seq":12831,"trade_id":"249067197","timestamp":1680210481861,"tick_direction":3,"price":0.0005,"mark_price":0.00016516,"iv":100.57,"instrument_name":"BTC-31MAR23-30000-C","index_price":28122.88,"direction":"sell","amount":0.1},{"trade_seq":12830,"trade_id":"249067163","timestamp":1680210472748,"tick_direction":3,"price":0.0005,"mark_price":0.00016555,"iv":100.53,"instrument_name":"BTC-31MAR23-30000-C","index_price":28124.45,"direction":"sell","amount":1.0},{"trade_seq":12829,"trade_id":"249067152","timestamp":1680210469672,"tick_direction":3,"price":0.0005,"mark_price":0.0001652,"iv":100.54,"instrument_name":"BTC-31MAR23-30000-C","index_price":28124.97,"direction":"sell","amount":18.9},{"trade_seq":12828,"trade_id":"249067151","timestamp":1680210469672,"tick_direction":3,"price":0.0005,"mark_price":0.0001652,"iv":100.54,"instrument_name":"BTC-31MAR23-30000-C","index_price":28124.97,"direction":"sell","amount":0.1},{"trade_seq":12827,"trade_id":"249067149","timestamp":1680210468623,"tick_direction":3,"price":0.0005,"mark_price":0.00016512,"iv":100.54,"instrument_name":"BTC-31MAR23-30000-C","index_price":28124.97,"direction":"sell","amount":0.1},{"trade_seq":12826,"trade_id":"249067148","timestamp":1680210468623,"tick_direction":3,"price":0.0005,"mark_price":0.00016512,"iv":100.54,"instrument_name":"BTC-31MAR23-30000-C","index_price":28124.97,"direction":"sell","amount":0.1},{"trade_seq":12825,"trade_id":"249067144","timestamp":1680210467577,"tick_direction":3,"price":0.0005,"mark_price":0.0001665,"iv":100.55,"instrument_name":"BTC-31MAR23-30000-C","index_price":28124.85,"direction":"sell","amount":0.1},{"trade_seq":12824,"trade_id":"249067143","timestamp":1680210466530,"tick_direction":3,"price":0.0005,"mark_price":0.00016651,"iv":100.44,"instrument_name":"BTC-31MAR23-30000-C","index_price":28126.75,"direction":"sell","amount":0.1},{"trade_seq":12823,"trade_id":"249067142","timestamp":1680210465483,"tick_direction":3,"price":0.0005,"mark_price":0.00016652,"iv":100.43,"instrument_name":"BTC-31MAR23-30000-C","index_price":28127.35,"direction":"sell","amount":0.1},{"trade_seq":12822,"trade_id":"249067141","timestamp":1680210464436,"tick_direction":3,"price":0.0005,"mark_price":0.00016654,"iv":100.43,"instrument_name":"BTC-31MAR23-30000-C","index_price":28127.34,"direction":"sell","amount":0.1},{"trade_seq":12821,"trade_id":"249067140","timestamp":1680210463389,"tick_direction":3,"price":0.0005,"mark_price":0.00016654,"iv":100.43,"instrument_name":"BTC-31MAR23-30000-C","index_price":28127.32,"direction":"sell","amount":0.1},{"trade_seq":12820,"trade_id":"249067139","timestamp":1680210462342,"tick_direction":3,"price":0.0005,"mark_price":0.00016654,"iv":100.43,"instrument_name":"BTC-31MAR23-30000-C","index_price":28127.32,"direction":"sell","amount":0.1},{"trade_seq":12819,"trade_id":"249067138","timestamp":1680210461295,"tick_direction":3,"price":0.0005,"mark_price":0.00016654,"iv":100.43,"instrument_name":"BTC-31MAR23-30000-C","index_price":28127.32,"direction":"sell","amount":0.1},{"trade_seq":12818,"trade_id":"249067137","timestamp":1680210460248,"tick_direction":3,"price":0.0005,"mark_price":0.00016654,"iv":100.43,"instrument_name":"BTC-31MAR23-30000-C","index_price":28127.32,"direction":"sell","amount":0.1},{"trade_seq":12817,"trade_id":"249067135","timestamp":1680210459201,"tick_direction":3,"price":0.0005,"mark_price":0.00016654,"iv":100.43,"instrument_name":"BTC-31MAR23-30000-C","index_price":28127.32,"direction":"sell","amount":0.1},{"trade_seq":12816,"trade_id":"249067134","timestamp":1680210458154,"tick_direction":3,"price":0.0005,"mark_price":0.00016654,"iv":100.43,"instrument_name":"BTC-31MAR23-30000-C","index_price":28127.32,"direction":"sell","amount":0.1},{"trade_seq":12815,"trade_id":"249067133","timestamp":1680210457107,"tick_direction":3,"price":0.0005,"mark_price":0.0001667,"iv":100.42,"instrument_name":"BTC-31MAR23-30000-C","index_price":28127.18,"direction":"sell","amount":0.1},{"trade_seq":12814,"trade_id":"249067132","timestamp":1680210457107,"tick_direction":3,"price":0.0005,"mark_price":0.0001667,"iv":100.42,"instrument_name":"BTC-31MAR23-30000-C","index_price":28127.18,"direction":"sell","amount":0.1},{"trade_seq":12813,"trade_id":"249067131","timestamp":1680210456070,"tick_direction":3,"price":0.0005,"mark_price":0.00016675,"iv":100.42,"instrument_name":"BTC-31MAR23-30000-C","index_price":28127.43,"direction":"sell","amount":0.1},{"trade_seq":12812,"trade_id":"249067130","timestamp":1680210454998,"tick_direction":3,"price":0.0005,"mark_price":0.00016675,"iv":100.42,"instrument_name":"BTC-31MAR23-30000-C","index_price":28127.43,"direction":"sell","amount":0.1},{"trade_seq":12811,"trade_id":"249067129","timestamp":1680210453959,"tick_direction":3,"price":0.0005,"mark_price":0.00016851,"iv":100.27,"instrument_name":"BTC-31MAR23-30000-C","index_price":28130.07,"direction":"sell","amount":0.1},{"trade_seq":12810,"trade_id":"249067126","timestamp":1680210452889,"tick_direction":3,"price":0.0005,"mark_price":0.00016866,"iv":100.26,"instrument_name":"BTC-31MAR23-30000-C","index_price":28130.34,"direction":"sell","amount":0.1},{"trade_seq":12809,"trade_id":"249067124","timestamp":1680210451841,"tick_direction":3,"price":0.0005,"mark_price":0.00016882,"iv":100.26,"instrument_name":"BTC-31MAR23-30000-C","index_price":28130.33,"direction":"sell","amount":0.1},{"trade_seq":12808,"trade_id":"249067123","timestamp":1680210450794,"tick_direction":3,"price":0.0005,"mark_price":0.00017026,"iv":100.15,"instrument_name":"BTC-31MAR23-30000-C","index_price":28130.37,"direction":"sell","amount":0.1},{"trade_seq":12807,"trade_id":"249067122","timestamp":1680210449747,"tick_direction":3,"price":0.0005,"mark_price":0.00016662,"iv":100.24,"instrument_name":"BTC-31MAR23-30000-C","index_price":28130.59,"direction":"sell","amount":0.1},{"trade_seq":12806,"trade_id":"249067121","timestamp":1680210448701,"tick_direction":3,"price":0.0005,"mark_price":0.00016657,"iv":100.23,"instrument_name":"BTC-31MAR23-30000-C","index_price":28128.14,"direction":"sell","amount":0.1},{"trade_seq":12805,"trade_id":"249067073","timestamp":1680210447654,"tick_direction":3,"price":0.0005,"mark_price":0.00016646,"iv":100.43,"instrument_name":"BTC-31MAR23-30000-C","index_price":28123.92,"direction":"sell","amount":0.1},{"trade_seq":12804,"trade_id":"249067072","timestamp":1680210446606,"tick_direction":3,"price":0.0005,"mark_price":0.00016622,"iv":100.45,"instrument_name":"BTC-31MAR23-30000-C","index_price":28123.79,"direction":"sell","amount":0.1},{"trade_seq":12803,"trade_id":"249067071","timestamp":1680210445559,"tick_direction":3,"price":0.0005,"mark_price":0.00016681,"iv":100.45,"instrument_name":"BTC-31MAR23-30000-C","index_price":28123.49,"direction":"sell","amount":0.1},{"trade_seq":12802,"trade_id":"249067070","timestamp":1680210445559,"tick_direction":3,"price":0.0005,"mark_price":0.00016681,"iv":100.45,"instrument_name":"BTC-31MAR23-30000-C","index_price":28123.49,"direction":"sell","amount":0.1},{"trade_seq":12801,"trade_id":"249067069","timestamp":1680210444517,"tick_direction":3,"price":0.0005,"mark_price":0.00016678,"iv":100.41,"instrument_name":"BTC-31MAR23-30000-C","index_price":28124.6,"direction":"sell","amount":0.1},{"trade_seq":12800,"trade_id":"249067068","timestamp":1680210443465,"tick_direction":3,"price":0.0005,"mark_price":0.00016673,"iv":100.41,"instrument_name":"BTC-31MAR23-30000-C","index_price":28124.59,"direction":"sell","amount":0.1},{"trade_seq":12799,"trade_id":"249067067","timestamp":1680210442418,"tick_direction":3,"price":0.0005,"mark_price":0.00016644,"iv":100.41,"instrument_name":"BTC-31MAR23-30000-C","index_price":28124.55,"direction":"sell","amount":0.1},{"trade_seq":12798,"trade_id":"249067066","timestamp":1680210441371,"tick_direction":3,"price":0.0005,"mark_price":0.00016728,"iv":100.42,"instrument_name":"BTC-31MAR23-30000-C","index_price":28124.5,"direction":"sell","amount":0.1},{"trade_seq":12797,"trade_id":"249067065","timestamp":1680210440333,"tick_direction":3,"price":0.0005,"mark_price":0.00016728,"iv":100.37,"instrument_name":"BTC-31MAR23-30000-C","index_price":28124.1,"direction":"sell","amount":0.1},{"trade_seq":12796,"trade_id":"249067062","timestamp":1680210439269,"tick_direction":3,"price":0.0005,"mark_price":0.00016705,"iv":100.36,"instrument_name":"BTC-31MAR23-30000-C","index_price":28125.7,"direction":"sell","amount":0.1},{"trade_seq":12795,"trade_id":"249067055","timestamp":1680210438211,"tick_direction":3,"price":0.0005,"mark_price":0.00016705,"iv":100.39,"instrument_name":"BTC-31MAR23-30000-C","index_price":28125.94,"direction":"sell","amount":0.1},{"trade_seq":12794,"trade_id":"249067054","timestamp":1680210437152,"tick_direction":3,"price":0.0005,"mark_price":0.00016733,"iv":100.39,"instrument_name":"BTC-31MAR23-30000-C","index_price":28125.94,"direction":"sell","amount":0.1},{"trade_seq":12793,"trade_id":"249067053","timestamp":1680210436106,"tick_direction":3,"price":0.0005,"mark_price":0.00016734,"iv":100.42,"instrument_name":"BTC-31MAR23-30000-C","index_price":28125.69,"direction":"sell","amount":0.1},{"trade_seq":12792,"trade_id":"249067052","timestamp":1680210435072,"tick_direction":3,"price":0.0005,"mark_price":0.00016737,"iv":100.36,"instrument_name":"BTC-31MAR23-30000-C","index_price":28126.83,"direction":"sell","amount":0.1},{"trade_seq":12791,"trade_id":"249067051","timestamp":1680210435072,"tick_direction":3,"price":0.0005,"mark_price":0.00016737,"iv":100.36,"instrument_name":"BTC-31MAR23-30000-C","index_price":28126.83,"direction":"sell","amount":0.1},{"trade_seq":12790,"trade_id":"249067050","timestamp":1680210433996,"tick_direction":3,"price":0.0005,"mark_price":0.00016737,"iv":100.36,"instrument_name":"BTC-31MAR23-30000-C","index_price":28126.97,"direction":"sell","amount":0.1},{"trade_seq":12789,"trade_id":"249067049","timestamp":1680210432950,"tick_direction":3,"price":0.0005,"mark_price":0.00016741,"iv":100.36,"instrument_name":"BTC-31MAR23-30000-C","index_price":28126.85,"direction":"sell","amount":0.1},{"trade_seq":12788,"trade_id":"249067041","timestamp":1680210431902,"tick_direction":3,"price":0.0005,"mark_price":0.00016791,"iv":100.36,"instrument_name":"BTC-31MAR23-30000-C","index_price":28126.89,"direction":"sell","amount":0.1},{"trade_seq":12787,"trade_id":"249067036","timestamp":1680210430855,"tick_direction":3,"price":0.0005,"mark_price":0.00016802,"iv":100.32,"instrument_name":"BTC-31MAR23-30000-C","index_price":28127.76,"direction":"sell","amount":0.1},{"trade_seq":12786,"trade_id":"249067031","timestamp":1680210429857,"tick_direction":3,"price":0.0005,"mark_price":0.00016841,"iv":100.32,"instrument_name":"BTC-31MAR23-30000-C","index_price":28128.06,"direction":"sell","amount":0.1},{"trade_seq":12785,"trade_id":"249067026","timestamp":1680210428765,"tick_direction":3,"price":0.0005,"mark_price":0.0001691,"iv":100.28,"instrument_name":"BTC-31MAR23-30000-C","index_price":28128.43,"direction":"sell","amount":0.1},{"trade_seq":12784,"trade_id":"249067023","timestamp":1680210427698,"tick_direction":3,"price":0.0005,"mark_price":0.00016899,"iv":100.27,"instrument_name":"BTC-31MAR23-30000-C","index_price":28129.23,"direction":"sell","amount":0.1},{"trade_seq":12783,"trade_id":"249067020","timestamp":1680210426651,"tick_direction":3,"price":0.0005,"mark_price":0.00016892,"iv":100.23,"instrument_name":"BTC-31MAR23-30000-C","index_price":28130.3,"direction":"sell","amount":0.1},{"trade_seq":12782,"trade_id":"249067019","timestamp":1680210425605,"tick_direction":3,"price":0.0005,"mark_price":0.00017077,"iv":100.24,"instrument_name":"BTC-31MAR23-30000-C","index_price":28130.23,"direction":"sell","amount":0.1},{"trade_seq":12781,"trade_id":"249067018","timestamp":1680210424563,"tick_direction":3,"price":0.0005,"mark_price":0.00017082,"iv":100.25,"instrument_name":"BTC-31MAR23-30000-C","index_price":28130.15,"direction":"sell","amount":0.1},{"trade_seq":12780,"trade_id":"249067017","timestamp":1680210423499,"tick_direction":3,"price":0.0005,"mark_price":0.00017086,"iv":100.08,"instrument_name":"BTC-31MAR23-30000-C","index_price":28133.63,"direction":"sell","amount":0.1},{"trade_seq":12779,"trade_id":"249067016","timestamp":1680210423499,"tick_direction":3,"price":0.0005,"mark_price":0.00017086,"iv":100.08,"instrument_name":"BTC-31MAR23-30000-C","index_price":28133.63,"direction":"sell","amount":0.1},{"trade_seq":12778,"trade_id":"249067006","timestamp":1680210416166,"tick_direction":3,"price":0.0005,"mark_price":0.00016965,"iv":100.18,"instrument_name":"BTC-31MAR23-30000-C","index_price":28131.86,"direction":"sell","amount":0.1},{"trade_seq":12777,"trade_id":"249067005","timestamp":1680210415124,"tick_direction":3,"price":0.0005,"mark_price":0.00016952,"iv":100.19,"instrument_name":"BTC-31MAR23-30000-C","index_price":28132.11,"direction":"sell","amount":0.1},{"trade_seq":12776,"trade_id":"249067004","timestamp":1680210414072,"tick_direction":3,"price":0.0005,"mark_price":0.00017359,"iv":100.14,"instrument_name":"BTC-31MAR23-30000-C","index_price":28132.33,"direction":"sell","amount":0.1},{"trade_seq":12775,"trade_id":"249066991","timestamp":1680210413001,"tick_direction":3,"price":0.0005,"mark_price":0.00017395,"iv":99.87,"instrument_name":"BTC-31MAR23-30000-C","index_price":28133.46,"direction":"sell","amount":0.1},{"trade_seq":12774,"trade_id":"249066990","timestamp":1680210413001,"tick_direction":3,"price":0.0005,"mark_price":0.00017395,"iv":99.87,"instrument_name":"BTC-31MAR23-30000-C","index_price":28133.46,"direction":"sell","amount":0.1},{"trade_seq":12773,"trade_id":"249066891","timestamp":1680210344863,"tick_direction":3,"price":0.0005,"mark_price":0.00018295,"iv":99.15,"instrument_name":"BTC-31MAR23-30000-C","index_price":28151.31,"direction":"sell","amount":0.1},{"trade_seq":12772,"trade_id":"249066890","timestamp":1680210344863,"tick_direction":3,"price":0.0005,"mark_price":0.00018295,"iv":99.15,"instrument_name":"BTC-31MAR23-30000-C","index_price":28151.31,"direction":"sell","amount":0.1},{"trade_seq":12771,"trade_id":"249066731","timestamp":1680210284006,"tick_direction":3,"price":0.0005,"mark_price":0.00018541,"iv":98.9,"instrument_name":"BTC-31MAR23-30000-C","index_price":28153.26,"direction":"sell","amount":0.1},{"trade_seq":12770,"trade_id":"249066702","timestamp":1680210277415,"tick_direction":3,"price":0.0005,"mark_price":0.00018809,"iv":98.76,"instrument_name":"BTC-31MAR23-30000-C","index_price":28154.92,"direction":"sell","amount":0.1},{"trade_seq":12769,"trade_id":"249066701","timestamp":1680210277415,"tick_direction":3,"price":0.0005,"mark_price":0.00018809,"iv":98.76,"instrument_name":"BTC-31MAR23-30000-C","index_price":28154.92,"direction":"sell","amount":0.1},{"trade_seq":12768,"trade_id":"249066696","timestamp":1680210266431,"tick_direction":3,"price":0.0005,"mark_price":0.00019126,"iv":98.54,"instrument_name":"BTC-31MAR23-30000-C","index_price":28159.2,"direction":"sell","amount":0.1},{"trade_seq":12767,"trade_id":"249066695","timestamp":1680210262902,"tick_direction":3,"price":0.0005,"mark_price":0.00019117,"iv":98.54,"instrument_name":"BTC-31MAR23-30000-C","index_price":28158.89,"direction":"sell","amount":0.1},{"trade_seq":12766,"trade_id":"249066694","timestamp":1680210262902,"tick_direction":3,"price":0.0005,"mark_price":0.00019117,"iv":98.54,"instrument_name":"BTC-31MAR23-30000-C","index_price":28158.89,"direction":"sell","amount":0.1},{"trade_seq":12765,"trade_id":"249066693","timestamp":1680210260647,"tick_direction":3,"price":0.0005,"mark_price":0.00019071,"iv":98.54,"instrument_name":"BTC-31MAR23-30000-C","index_price":28158.79,"direction":"sell","amount":0.1},{"trade_seq":12764,"trade_id":"249066690","timestamp":1680210254262,"tick_direction":3,"price":0.0005,"mark_price":0.00019005,"iv":98.62,"instrument_name":"BTC-31MAR23-30000-C","index_price":28156.68,"direction":"sell","amount":0.1},{"trade_seq":12763,"trade_id":"249066689","timestamp":1680210250427,"tick_direction":3,"price":0.0005,"mark_price":0.00018673,"iv":98.86,"instrument_name":"BTC-31MAR23-30000-C","index_price":28158.94,"direction":"sell","amount":0.1},{"trade_seq":12762,"trade_id":"249066688","timestamp":1680210250427,"tick_direction":3,"price":0.0005,"mark_price":0.00018673,"iv":98.86,"instrument_name":"BTC-31MAR23-30000-C","index_price":28158.94,"direction":"sell","amount":0.1},{"trade_seq":12761,"trade_id":"249065458","timestamp":1680209916496,"tick_direction":3,"price":0.0005,"mark_price":0.00017743,"iv":99.52,"instrument_name":"BTC-31MAR23-30000-C","index_price":28144.25,"direction":"sell","amount":0.1},{"trade_seq":12760,"trade_id":"249065457","timestamp":1680209916496,"tick_direction":3,"price":0.0005,"mark_price":0.00017743,"iv":99.52,"instrument_name":"BTC-31MAR23-30000-C","index_price":28144.25,"direction":"sell","amount":0.1},{"trade_seq":12759,"trade_id":"249065444","timestamp":1680209906521,"tick_direction":3,"price":0.0005,"mark_price":0.00017645,"iv":99.61,"instrument_name":"BTC-31MAR23-30000-C","index_price":28144.19,"direction":"sell","amount":0.1},{"trade_seq":12758,"trade_id":"249065443","timestamp":1680209905111,"tick_direction":3,"price":0.0005,"mark_price":0.0001763,"iv":99.63,"instrument_name":"BTC-31MAR23-30000-C","index_price":28141.97,"direction":"sell","amount":0.1},{"trade_seq":12757,"trade_id":"249065442","timestamp":1680209904064,"tick_direction":3,"price":0.0005,"mark_price":0.00017611,"iv":99.63,"instrument_name":"BTC-31MAR23-30000-C","index_price":28142.19,"direction":"sell","amount":0.1},{"trade_seq":12756,"trade_id":"249065441","timestamp":1680209903525,"tick_direction":3,"price":0.0005,"mark_price":0.00017611,"iv":99.63,"instrument_name":"BTC-31MAR23-30000-C","index_price":28142.19,"direction":"sell","amount":0.1},{"trade_seq":12755,"trade_id":"249065440","timestamp":1680209903021,"tick_direction":3,"price":0.0005,"mark_price":0.0001757,"iv":99.64,"instrument_name":"BTC-31MAR23-30000-C","index_price":28141.96,"direction":"sell","amount":0.1},{"trade_seq":12754,"trade_id":"249065439","timestamp":1680209900063,"tick_direction":3,"price":0.0005,"mark_price":0.00017563,"iv":99.72,"instrument_name":"BTC-31MAR23-30000-C","index_price":28140.74,"direction":"sell","amount":0.1},{"trade_seq":12753,"trade_id":"249065438","timestamp":1680209899021,"tick_direction":3,"price":0.0005,"mark_price":0.00017499,"iv":99.74,"instrument_name":"BTC-31MAR23-30000-C","index_price":28141.33,"direction":"sell","amount":0.1},{"trade_seq":12752,"trade_id":"249065437","timestamp":1680209896063,"tick_direction":3,"price":0.0005,"mark_price":0.00017278,"iv":99.91,"instrument_name":"BTC-31MAR23-30000-C","index_price":28137.56,"direction":"sell","amount":0.1},{"trade_seq":12751,"trade_id":"249065387","timestamp":1680209895023,"tick_direction":3,"price":0.0005,"mark_price":0.00017266,"iv":99.9,"instrument_name":"BTC-31MAR23-30000-C","index_price":28135.33,"direction":"sell","amount":0.1},{"trade_seq":12750,"trade_id":"249065383","timestamp":1680209891064,"tick_direction":3,"price":0.0005,"mark_price":0.0001723,"iv":99.88,"instrument_name":"BTC-31MAR23-30000-C","index_price":28134.26,"direction":"sell","amount":0.1},{"trade_seq":12749,"trade_id":"249065382","timestamp":1680209891064,"tick_direction":3,"price":0.0005,"mark_price":0.0001723,"iv":99.88,"instrument_name":"BTC-31MAR23-30000-C","index_price":28134.26,"direction":"sell","amount":0.1},{"trade_seq":12748,"trade_id":"249065381","timestamp":1680209890020,"tick_direction":3,"price":0.0005,"mark_price":0.00017228,"iv":99.94,"instrument_name":"BTC-31MAR23-30000-C","index_price":28132.74,"direction":"sell","amount":0.1},{"trade_seq":12747,"trade_id":"249065379","timestamp":1680209887062,"tick_direction":3,"price":0.0005,"mark_price":0.00017267,"iv":99.91,"instrument_name":"BTC-31MAR23-30000-C","index_price":28132.43,"direction":"sell","amount":0.1},{"trade_seq":12746,"trade_id":"249065371","timestamp":1680209886019,"tick_direction":3,"price":0.0005,"mark_price":0.00017277,"iv":99.91,"instrument_name":"BTC-31MAR23-30000-C","index_price":28132.2,"direction":"sell","amount":0.1},{"trade_seq":12745,"trade_id":"249065353","timestamp":1680209883020,"tick_direction":3,"price":0.0005,"mark_price":0.00017322,"iv":99.89,"instrument_name":"BTC-31MAR23-30000-C","index_price":28132.36,"direction":"sell","amount":0.1},{"trade_seq":12744,"trade_id":"249065352","timestamp":1680209879109,"tick_direction":3,"price":0.0005,"mark_price":0.00017372,"iv":99.86,"instrument_name":"BTC-31MAR23-30000-C","index_price":28132.85,"direction":"sell","amount":0.1},{"trade_seq":12743,"trade_id":"249065351","timestamp":1680209878062,"tick_direction":3,"price":0.0005,"mark_price":0.00017379,"iv":99.83,"instrument_name":"BTC-31MAR23-30000-C","index_price":28132.3,"direction":"sell","amount":0.1},{"trade_seq":12742,"trade_id":"249065350","timestamp":1680209877504,"tick_direction":3,"price":0.0005,"mark_price":0.00017379,"iv":99.83,"instrument_name":"BTC-31MAR23-30000-C","index_price":28132.3,"direction":"sell","amount":0.1},{"trade_seq":12741,"trade_id":"249065335","timestamp":1680209877019,"tick_direction":3,"price":0.0005,"mark_price":0.00017379,"iv":99.83,"instrument_name":"BTC-31MAR23-30000-C","index_price":28133.6,"direction":"sell","amount":0.1},{"trade_seq":12740,"trade_id":"249055486","timestamp":1680205514941,"tick_direction":3,"price":0.0005,"mark_price":0.00014814,"iv":101.71,"instrument_name":"BTC-31MAR23-30000-C","index_price":27986.73,"direction":"sell","amount":0.1},{"trade_seq":12739,"trade_id":"249055484","timestamp":1680205513890,"tick_direction":3,"price":0.0005,"mark_price":0.0001486,"iv":101.69,"instrument_name":"BTC-31MAR23-30000-C","index_price":27987.44,"direction":"sell","amount":0.1},{"trade_seq":12738,"trade_id":"249055482","timestamp":1680205512821,"tick_direction":3,"price":0.0005,"mark_price":0.00014849,"iv":101.67,"instrument_name":"BTC-31MAR23-30000-C","index_price":27987.22,"direction":"sell","amount":0.1},{"trade_seq":12737,"trade_id":"249055480","timestamp":1680205511776,"tick_direction":3,"price":0.0005,"mark_price":0.00014997,"iv":101.68,"instrument_name":"BTC-31MAR23-30000-C","index_price":27988.23,"direction":"sell","amount":0.1},{"trade_seq":12736,"trade_id":"249055479","timestamp":1680205510719,"tick_direction":3,"price":0.0005,"mark_price":0.00014995,"iv":101.55,"instrument_name":"BTC-31MAR23-30000-C","index_price":27991.58,"direction":"sell","amount":0.1},{"trade_seq":12735,"trade_id":"249055477","timestamp":1680205509662,"tick_direction":3,"price":0.0005,"mark_price":0.00014962,"iv":101.58,"instrument_name":"BTC-31MAR23-30000-C","index_price":27990.98,"direction":"sell","amount":0.1},{"trade_seq":12734,"trade_id":"249055476","timestamp":1680205508612,"tick_direction":3,"price":0.0005,"mark_price":0.00014965,"iv":101.58,"instrument_name":"BTC-31MAR23-30000-C","index_price":27991.12,"direction":"sell","amount":0.1},{"trade_seq":12733,"trade_id":"249055474","timestamp":1680205507565,"tick_direction":3,"price":0.0005,"mark_price":0.00015146,"iv":101.57,"instrument_name":"BTC-31MAR23-30000-C","index_price":27991.43,"direction":"sell","amount":0.1},{"trade_seq":12732,"trade_id":"249055473","timestamp":1680205506519,"tick_direction":3,"price":0.0005,"mark_price":0.00015183,"iv":101.39,"instrument_name":"BTC-31MAR23-30000-C","index_price":27994.93,"direction":"sell","amount":0.1},{"trade_seq":12731,"trade_id":"249055466","timestamp":1680205505477,"tick_direction":3,"price":0.0005,"mark_price":0.000152,"iv":101.39,"instrument_name":"BTC-31MAR23-30000-C","index_price":27995.5,"direction":"sell","amount":0.1},{"trade_seq":12730,"trade_id":"249055465","timestamp":1680205505309,"tick_direction":3,"price":0.0005,"mark_price":0.000152,"iv":101.39,"instrument_name":"BTC-31MAR23-30000-C","index_price":27995.5,"direction":"buy","amount":0.9},{"trade_seq":12729,"trade_id":"249055444","timestamp":1680205473558,"tick_direction":3,"price":0.0005,"mark_price":0.00015587,"iv":101.04,"instrument_name":"BTC-31MAR23-30000-C","index_price":28005.92,"direction":"sell","amount":0.1},{"trade_seq":12728,"trade_id":"249055443","timestamp":1680205472797,"tick_direction":3,"price":0.0005,"mark_price":0.00015587,"iv":101.04,"instrument_name":"BTC-31MAR23-30000-C","index_price":28005.38,"direction":"sell","amount":0.1},{"trade_seq":12727,"trade_id":"249055442","timestamp":1680205471750,"tick_direction":3,"price":0.0005,"mark_price":0.00015578,"iv":101.04,"instrument_name":"BTC-31MAR23-30000-C","index_price":28005.37,"direction":"sell","amount":0.1},{"trade_seq":12726,"trade_id":"249055441","timestamp":1680205470703,"tick_direction":3,"price":0.0005,"mark_price":0.0001565,"iv":101.01,"instrument_name":"BTC-31MAR23-30000-C","index_price":28005.29,"direction":"sell","amount":0.1},{"trade_seq":12725,"trade_id":"249055440","timestamp":1680205469656,"tick_direction":3,"price":0.0005,"mark_price":0.0001561,"iv":101.02,"instrument_name":"BTC-31MAR23-30000-C","index_price":28004.62,"direction":"sell","amount":0.1},{"trade_seq":12724,"trade_id":"249055439","timestamp":1680205468609,"tick_direction":3,"price":0.0005,"mark_price":0.00015585,"iv":101.03,"instrument_name":"BTC-31MAR23-30000-C","index_price":28004.49,"direction":"sell","amount":0.1},{"trade_seq":12723,"trade_id":"249055438","timestamp":1680205467562,"tick_direction":3,"price":0.0005,"mark_price":0.00015656,"iv":101.04,"instrument_name":"BTC-31MAR23-30000-C","index_price":28004.46,"direction":"sell","amount":0.1},{"trade_seq":12722,"trade_id":"249055437","timestamp":1680205466515,"tick_direction":3,"price":0.0005,"mark_price":0.00015596,"iv":100.97,"instrument_name":"BTC-31MAR23-30000-C","index_price":28006.28,"direction":"sell","amount":0.1},{"trade_seq":12721,"trade_id":"249055436","timestamp":1680205465472,"tick_direction":3,"price":0.0005,"mark_price":0.00015748,"iv":100.99,"instrument_name":"BTC-31MAR23-30000-C","index_price":28005.95,"direction":"sell","amount":0.1},{"trade_seq":12720,"trade_id":"249055435","timestamp":1680205465472,"tick_direction":3,"price":0.0005,"mark_price":0.00015748,"iv":100.99,"instrument_name":"BTC-31MAR23-30000-C","index_price":28005.95,"direction":"sell","amount":0.1},{"trade_seq":12719,"trade_id":"249055434","timestamp":1680205465010,"tick_direction":3,"price":0.0005,"mark_price":0.00015748,"iv":100.9,"instrument_name":"BTC-31MAR23-30000-C","index_price":28005.02,"direction":"buy","amount":0.7},{"trade_seq":12718,"trade_id":"249055356","timestamp":1680205451998,"tick_direction":3,"price":0.0005,"mark_price":0.00015679,"iv":100.96,"instrument_name":"BTC-31MAR23-30000-C","index_price":28007.7,"direction":"buy","amount":0.1},{"trade_seq":12717,"trade_id":"249054609","timestamp":1680204954532,"tick_direction":3,"price":0.0005,"mark_price":0.00015507,"iv":101.07,"instrument_name":"BTC-31MAR23-30000-C","index_price":27987.82,"direction":"sell","amount":0.1},{"trade_seq":12716,"trade_id":"249054608","timestamp":1680204954532,"tick_direction":3,"price":0.0005,"mark_price":0.00015507,"iv":101.07,"instrument_name":"BTC-31MAR23-30000-C","index_price":27987.82,"direction":"sell","amount":0.1},{"trade_seq":12715,"trade_id":"249054607","timestamp":1680204954023,"tick_direction":3,"price":0.0005,"mark_price":0.00015507,"iv":101.07,"instrument_name":"BTC-31MAR23-30000-C","index_price":27988.05,"direction":"sell","amount":0.1},{"trade_seq":12714,"trade_id":"249054600","timestamp":1680204952975,"tick_direction":3,"price":0.0005,"mark_price":0.00015493,"iv":101.09,"instrument_name":"BTC-31MAR23-30000-C","index_price":27987.89,"direction":"sell","amount":0.1},{"trade_seq":12713,"trade_id":"249054599","timestamp":1680204951933,"tick_direction":3,"price":0.0005,"mark_price":0.00015528,"iv":101.05,"instrument_name":"BTC-31MAR23-30000-C","index_price":27989.0,"direction":"sell","amount":0.1},{"trade_seq":12712,"trade_id":"249054598","timestamp":1680204950881,"tick_direction":3,"price":0.0005,"mark_price":0.00015521,"iv":101.07,"instrument_name":"BTC-31MAR23-30000-C","index_price":27988.83,"direction":"sell","amount":0.1},{"trade_seq":12711,"trade_id":"249054597","timestamp":1680204949834,"tick_direction":3,"price":0.0005,"mark_price":0.00015648,"iv":101.08,"instrument_name":"BTC-31MAR23-30000-C","index_price":27988.95,"direction":"sell","amount":0.1},{"trade_seq":12710,"trade_id":"249054592","timestamp":1680204948788,"tick_direction":3,"price":0.0005,"mark_price":0.00015793,"iv":100.84,"instrument_name":"BTC-31MAR23-30000-C","index_price":27991.75,"direction":"sell","amount":0.1},{"trade_seq":12709,"trade_id":"249054584","timestamp":1680204947740,"tick_direction":3,"price":0.0005,"mark_price":0.00015798,"iv":100.83,"instrument_name":"BTC-31MAR23-30000-C","index_price":27994.74,"direction":"sell","amount":0.1},{"trade_seq":12708,"trade_id":"249054581","timestamp":1680204946696,"tick_direction":3,"price":0.0005,"mark_price":0.00015871,"iv":100.81,"instrument_name":"BTC-31MAR23-30000-C","index_price":27995.11,"direction":"sell","amount":0.1},{"trade_seq":12707,"trade_id":"249054580","timestamp":1680204945657,"tick_direction":3,"price":0.0005,"mark_price":0.00015882,"iv":100.75,"instrument_name":"BTC-31MAR23-30000-C","index_price":27996.03,"direction":"sell","amount":0.1},{"trade_seq":12706,"trade_id":"249054579","timestamp":1680204944585,"tick_direction":3,"price":0.0005,"mark_price":0.0001584,"iv":100.74,"instrument_name":"BTC-31MAR23-30000-C","index_price":27996.36,"direction":"sell","amount":0.1},{"trade_seq":12705,"trade_id":"249054567","timestamp":1680204943537,"tick_direction":3,"price":0.0005,"mark_price":0.00015849,"iv":100.8,"instrument_name":"BTC-31MAR23-30000-C","index_price":27996.44,"direction":"sell","amount":0.1},{"trade_seq":12704,"trade_id":"249054566","timestamp":1680204943537,"tick_direction":3,"price":0.0005,"mark_price":0.00015849,"iv":100.8,"instrument_name":"BTC-31MAR23-30000-C","index_price":27996.44,"direction":"sell","amount":0.1},{"trade_seq":12703,"trade_id":"249054565","timestamp":1680204942493,"tick_direction":3,"price":0.0005,"mark_price":0.00015867,"iv":100.79,"instrument_name":"BTC-31MAR23-30000-C","index_price":27994.68,"direction":"sell","amount":0.1},{"trade_seq":12702,"trade_id":"249054557","timestamp":1680204941439,"tick_direction":3,"price":0.0005,"mark_price":0.00015865,"iv":100.78,"instrument_name":"BTC-31MAR23-30000-C","index_price":27994.84,"direction":"sell","amount":0.1},{"trade_seq":12701,"trade_id":"249054556","timestamp":1680204940382,"tick_direction":3,"price":0.0005,"mark_price":0.00015875,"iv":100.77,"instrument_name":"BTC-31MAR23-30000-C","index_price":27994.72,"direction":"sell","amount":0.1},{"trade_seq":12700,"trade_id":"249054555","timestamp":1680204939318,"tick_direction":3,"price":0.0005,"mark_price":0.00015887,"iv":100.77,"instrument_name":"BTC-31MAR23-30000-C","index_price":27994.58,"direction":"sell","amount":0.1},{"trade_seq":12699,"trade_id":"249054554","timestamp":1680204938273,"tick_direction":3,"price":0.0005,"mark_price":0.00015897,"iv":100.76,"instrument_name":"BTC-31MAR23-30000-C","index_price":27994.6,"direction":"sell","amount":0.1},{"trade_seq":12698,"trade_id":"249054553","timestamp":1680204937224,"tick_direction":3,"price":0.0005,"mark_price":0.00015977,"iv":100.75,"instrument_name":"BTC-31MAR23-30000-C","index_price":27994.56,"direction":"sell","amount":0.1},{"trade_seq":12697,"trade_id":"249054551","timestamp":1680204936179,"tick_direction":3,"price":0.0005,"mark_price":0.00015936,"iv":100.75,"instrument_name":"BTC-31MAR23-30000-C","index_price":27994.41,"direction":"sell","amount":0.1},{"trade_seq":12696,"trade_id":"249054550","timestamp":1680204935130,"tick_direction":3,"price":0.0005,"mark_price":0.00015783,"iv":100.71,"instrument_name":"BTC-31MAR23-30000-C","index_price":27994.73,"direction":"sell","amount":0.1},{"trade_seq":12695,"trade_id":"249054548","timestamp":1680204934086,"tick_direction":3,"price":0.0005,"mark_price":0.00015788,"iv":100.84,"instrument_name":"BTC-31MAR23-30000-C","index_price":27991.4,"direction":"sell","amount":0.1},{"trade_seq":12694,"trade_id":"249054547","timestamp":1680204933106,"tick_direction":3,"price":0.0005,"mark_price":0.00015775,"iv":100.85,"instrument_name":"BTC-31MAR23-30000-C","index_price":27991.06,"direction":"sell","amount":0.1},{"trade_seq":12693,"trade_id":"249054546","timestamp":1680204933106,"tick_direction":3,"price":0.0005,"mark_price":0.00015775,"iv":100.85,"instrument_name":"BTC-31MAR23-30000-C","index_price":27991.06,"direction":"sell","amount":0.1},{"trade_seq":12692,"trade_id":"249054543","timestamp":1680204931989,"tick_direction":3,"price":0.0005,"mark_price":0.0001578,"iv":100.85,"instrument_name":"BTC-31MAR23-30000-C","index_price":27991.09,"direction":"sell","amount":0.1},{"trade_seq":12691,"trade_id":"249054541","timestamp":1680204930943,"tick_direction":3,"price":0.0005,"mark_price":0.00015858,"iv":100.78,"instrument_name":"BTC-31MAR23-30000-C","index_price":27991.0,"direction":"sell","amount":0.1},{"trade_seq":12690,"trade_id":"249054540","timestamp":1680204929907,"tick_direction":3,"price":0.0005,"mark_price":0.00015796,"iv":100.83,"instrument_name":"BTC-31MAR23-30000-C","index_price":27989.77,"direction":"sell","amount":0.1},{"trade_seq":12689,"trade_id":"249054539","timestamp":1680204928833,"tick_direction":3,"price":0.0005,"mark_price":0.00015796,"iv":100.83,"instrument_name":"BTC-31MAR23-30000-C","index_price":27989.77,"direction":"sell","amount":0.1},{"trade_seq":12688,"trade_id":"249054538","timestamp":1680204927786,"tick_direction":3,"price":0.0005,"mark_price":0.00015804,"iv":100.83,"instrument_name":"BTC-31MAR23-30000-C","index_price":27989.65,"direction":"sell","amount":0.1},{"trade_seq":12687,"trade_id":"249054537","timestamp":1680204926739,"tick_direction":3,"price":0.0005,"mark_price":0.00015805,"iv":100.83,"instrument_name":"BTC-31MAR23-30000-C","index_price":27989.92,"direction":"sell","amount":0.1},{"trade_seq":12686,"trade_id":"249054536","timestamp":1680204925692,"tick_direction":3,"price":0.0005,"mark_price":0.00015815,"iv":100.84,"instrument_name":"BTC-31MAR23-30000-C","index_price":27990.09,"direction":"sell","amount":0.1},{"trade_seq":12685,"trade_id":"249054535","timestamp":1680204924643,"tick_direction":3,"price":0.0005,"mark_price":0.00015786,"iv":100.84,"instrument_name":"BTC-31MAR23-30000-C","index_price":27989.51,"direction":"sell","amount":0.1},{"trade_seq":12684,"trade_id":"249054534","timestamp":1680204923582,"tick_direction":3,"price":0.0005,"mark_price":0.00015459,"iv":100.97,"instrument_name":"BTC-31MAR23-30000-C","index_price":27988.14,"direction":"sell","amount":0.1},{"trade_seq":12683,"trade_id":"249054533","timestamp":1680204922535,"tick_direction":3,"price":0.0005,"mark_price":0.00015479,"iv":101.12,"instrument_name":"BTC-31MAR23-30000-C","index_price":27986.41,"direction":"sell","amount":0.1},{"trade_seq":12682,"trade_id":"249054527","timestamp":1680204921488,"tick_direction":3,"price":0.0005,"mark_price":0.00015424,"iv":101.17,"instrument_name":"BTC-31MAR23-30000-C","index_price":27982.93,"direction":"sell","amount":0.1},{"trade_seq":12681,"trade_id":"249054526","timestamp":1680204921488,"tick_direction":3,"price":0.0005,"mark_price":0.00015424,"iv":101.17,"instrument_name":"BTC-31MAR23-30000-C","index_price":27982.93,"direction":"sell","amount":0.1},{"trade_seq":12680,"trade_id":"249054522","timestamp":1680204920442,"tick_direction":3,"price":0.0005,"mark_price":0.00015306,"iv":101.15,"instrument_name":"BTC-31MAR23-30000-C","index_price":27981.34,"direction":"sell","amount":0.1},{"trade_seq":12679,"trade_id":"249054520","timestamp":1680204919395,"tick_direction":3,"price":0.0005,"mark_price":0.00015324,"iv":101.13,"instrument_name":"BTC-31MAR23-30000-C","index_price":27981.15,"direction":"sell","amount":0.1},{"trade_seq":12678,"trade_id":"249054519","timestamp":1680204918347,"tick_direction":3,"price":0.0005,"mark_price":0.00015233,"iv":101.23,"instrument_name":"BTC-31MAR23-30000-C","index_price":27978.41,"direction":"sell","amount":0.1},{"trade_seq":12677,"trade_id":"249054513","timestamp":1680204917288,"tick_direction":3,"price":0.0005,"mark_price":0.00015094,"iv":101.45,"instrument_name":"BTC-31MAR23-30000-C","index_price":27976.31,"direction":"sell","amount":0.1},{"trade_seq":12676,"trade_id":"249054510","timestamp":1680204916239,"tick_direction":3,"price":0.0005,"mark_price":0.00015088,"iv":101.45,"instrument_name":"BTC-31MAR23-30000-C","index_price":27973.08,"direction":"sell","amount":0.1},{"trade_seq":12675,"trade_id":"249054508","timestamp":1680204915187,"tick_direction":3,"price":0.0005,"mark_price":0.00015108,"iv":101.44,"instrument_name":"BTC-31MAR23-30000-C","index_price":27972.73,"direction":"sell","amount":0.1},{"trade_seq":12674,"trade_id":"249054507","timestamp":1680204914113,"tick_direction":3,"price":0.0005,"mark_price":0.00015106,"iv":101.42,"instrument_name":"BTC-31MAR23-30000-C","index_price":27972.58,"direction":"sell","amount":0.1},{"trade_seq":12673,"trade_id":"249054506","timestamp":1680204913065,"tick_direction":3,"price":0.0005,"mark_price":0.00014939,"iv":101.48,"instrument_name":"BTC-31MAR23-30000-C","index_price":27972.15,"direction":"sell","amount":0.1},{"trade_seq":12672,"trade_id":"249054495","timestamp":1680204912017,"tick_direction":3,"price":0.0005,"mark_price":0.0001494,"iv":101.5,"instrument_name":"BTC-31MAR23-30000-C","index_price":27970.75,"direction":"sell","amount":0.1},{"trade_seq":12671,"trade_id":"249054437","timestamp":1680204910956,"tick_direction":3,"price":0.0005,"mark_price":0.00014853,"iv":101.57,"instrument_name":"BTC-31MAR23-30000-C","index_price":27969.22,"direction":"sell","amount":0.1},{"trade_seq":12670,"trade_id":"249054436","timestamp":1680204910956,"tick_direction":3,"price":0.0005,"mark_price":0.00014853,"iv":101.57,"instrument_name":"BTC-31MAR23-30000-C","index_price":27969.22,"direction":"sell","amount":0.1},{"trade_seq":12669,"trade_id":"249054435","timestamp":1680204910049,"tick_direction":3,"price":0.0005,"mark_price":0.000149,"iv":101.6,"instrument_name":"BTC-31MAR23-30000-C","index_price":27968.41,"direction":"sell","amount":0.1},{"trade_seq":12668,"trade_id":"249054432","timestamp":1680204908862,"tick_direction":3,"price":0.0005,"mark_price":0.00014898,"iv":101.6,"instrument_name":"BTC-31MAR23-30000-C","index_price":27968.54,"direction":"sell","amount":0.1},{"trade_seq":12667,"trade_id":"249054431","timestamp":1680204907862,"tick_direction":3,"price":0.0005,"mark_price":0.00014901,"iv":101.61,"instrument_name":"BTC-31MAR23-30000-C","index_price":27968.47,"direction":"sell","amount":0.1},{"trade_seq":12666,"trade_id":"249054430","timestamp":1680204906769,"tick_direction":3,"price":0.0005,"mark_price":0.0001493,"iv":101.58,"instrument_name":"BTC-31MAR23-30000-C","index_price":27968.66,"direction":"sell","amount":0.1},{"trade_seq":12665,"trade_id":"249054426","timestamp":1680204905721,"tick_direction":3,"price":0.0005,"mark_price":0.0001493,"iv":101.58,"instrument_name":"BTC-31MAR23-30000-C","index_price":27969.3,"direction":"sell","amount":0.1},{"trade_seq":12664,"trade_id":"249054425","timestamp":1680204904677,"tick_direction":3,"price":0.0005,"mark_price":0.00014927,"iv":101.58,"instrument_name":"BTC-31MAR23-30000-C","index_price":27969.26,"direction":"sell","amount":0.1},{"trade_seq":12663,"trade_id":"249054424","timestamp":1680204903627,"tick_direction":3,"price":0.0005,"mark_price":0.000149,"iv":101.7,"instrument_name":"BTC-31MAR23-30000-C","index_price":27968.74,"direction":"sell","amount":0.1},{"trade_seq":12662,"trade_id":"249054423","timestamp":1680204903627,"tick_direction":3,"price":0.0005,"mark_price":0.000149,"iv":101.7,"instrument_name":"BTC-31MAR23-30000-C","index_price":27968.74,"direction":"sell","amount":0.1},{"trade_seq":12661,"trade_id":"249054421","timestamp":1680204902582,"tick_direction":3,"price":0.0005,"mark_price":0.00014769,"iv":101.72,"instrument_name":"BTC-31MAR23-30000-C","index_price":27966.36,"direction":"sell","amount":0.1},{"trade_seq":12660,"trade_id":"249054419","timestamp":1680204901534,"tick_direction":3,"price":0.0005,"mark_price":0.00014875,"iv":101.63,"instrument_name":"BTC-31MAR23-30000-C","index_price":27968.4,"direction":"sell","amount":0.1},{"trade_seq":12659,"trade_id":"249054391","timestamp":1680204900486,"tick_direction":3,"price":0.0005,"mark_price":0.00014883,"iv":101.62,"instrument_name":"BTC-31MAR23-30000-C","index_price":27968.58,"direction":"sell","amount":0.1},{"trade_seq":12658,"trade_id":"249054386","timestamp":1680204899443,"tick_direction":3,"price":0.0005,"mark_price":0.00014879,"iv":101.62,"instrument_name":"BTC-31MAR23-30000-C","index_price":27968.63,"direction":"sell","amount":0.1},{"trade_seq":12657,"trade_id":"249054385","timestamp":1680204899443,"tick_direction":3,"price":0.0005,"mark_price":0.00014879,"iv":101.62,"instrument_name":"BTC-31MAR23-30000-C","index_price":27968.63,"direction":"sell","amount":0.1},{"trade_seq":12656,"trade_id":"249054378","timestamp":1680204898401,"tick_direction":3,"price":0.0005,"mark_price":0.00014879,"iv":101.62,"instrument_name":"BTC-31MAR23-30000-C","index_price":27968.82,"direction":"sell","amount":0.1},{"trade_seq":12655,"trade_id":"249054161","timestamp":1680204859602,"tick_direction":3,"price":0.0005,"mark_price":0.00016147,"iv":100.52,"instrument_name":"BTC-31MAR23-30000-C","index_price":27992.36,"direction":"sell","amount":0.1},{"trade_seq":12654,"trade_id":"249054157","timestamp":1680204858546,"tick_direction":3,"price":0.0005,"mark_price":0.00016148,"iv":100.53,"instrument_name":"BTC-31MAR23-30000-C","index_price":27992.22,"direction":"sell","amount":0.1},{"trade_seq":12653,"trade_id":"249054156","timestamp":1680204857512,"tick_direction":3,"price":0.0005,"mark_price":0.00016147,"iv":100.54,"instrument_name":"BTC-31MAR23-30000-C","index_price":27992.07,"direction":"sell","amount":0.1},{"trade_seq":12652,"trade_id":"249054155","timestamp":1680204856454,"tick_direction":3,"price":0.0005,"mark_price":0.00016149,"iv":100.54,"instrument_name":"BTC-31MAR23-30000-C","index_price":27992.03,"direction":"sell","amount":0.1},{"trade_seq":12651,"trade_id":"249054154","timestamp":1680204856454,"tick_direction":3,"price":0.0005,"mark_price":0.00016149,"iv":100.54,"instrument_name":"BTC-31MAR23-30000-C","index_price":27992.03,"direction":"sell","amount":0.1},{"trade_seq":12650,"trade_id":"249054152","timestamp":1680204855405,"tick_direction":3,"price":0.0005,"mark_price":0.00016161,"iv":100.53,"instrument_name":"BTC-31MAR23-30000-C","index_price":27992.22,"direction":"sell","amount":0.1},{"trade_seq":12649,"trade_id":"249054150","timestamp":1680204854358,"tick_direction":3,"price":0.0005,"mark_price":0.00016178,"iv":100.53,"instrument_name":"BTC-31MAR23-30000-C","index_price":27992.13,"direction":"sell","amount":0.1},{"trade_seq":12648,"trade_id":"249054144","timestamp":1680204853311,"tick_direction":3,"price":0.0005,"mark_price":0.00016107,"iv":100.51,"instrument_name":"BTC-31MAR23-30000-C","index_price":27992.56,"direction":"sell","amount":0.1},{"trade_seq":12647,"trade_id":"249054143","timestamp":1680204852264,"tick_direction":3,"price":0.0005,"mark_price":0.00016095,"iv":100.57,"instrument_name":"BTC-31MAR23-30000-C","index_price":27992.41,"direction":"sell","amount":0.1},{"trade_seq":12646,"trade_id":"249054137","timestamp":1680204851223,"tick_direction":3,"price":0.0005,"mark_price":0.0001617,"iv":100.57,"instrument_name":"BTC-31MAR23-30000-C","index_price":27990.95,"direction":"sell","amount":0.1},{"trade_seq":12645,"trade_id":"249054130","timestamp":1680204850175,"tick_direction":3,"price":0.0005,"mark_price":0.00016173,"iv":100.52,"instrument_name":"BTC-31MAR23-30000-C","index_price":27990.74,"direction":"sell","amount":0.1},{"trade_seq":12644,"trade_id":"249054121","timestamp":1680204849112,"tick_direction":3,"price":0.0005,"mark_price":0.00016332,"iv":100.52,"instrument_name":"BTC-31MAR23-30000-C","index_price":27992.24,"direction":"sell","amount":0.1},{"trade_seq":12643,"trade_id":"249054111","timestamp":1680204848045,"tick_direction":3,"price":0.0005,"mark_price":0.00016355,"iv":100.52,"instrument_name":"BTC-31MAR23-30000-C","index_price":27992.23,"direction":"sell","amount":0.1},{"trade_seq":12642,"trade_id":"249054105","timestamp":1680204847006,"tick_direction":3,"price":0.0005,"mark_price":0.00016353,"iv":100.38,"instrument_name":"BTC-31MAR23-30000-C","index_price":27995.25,"direction":"sell","amount":0.1},{"trade_seq":12641,"trade_id":"249054101","timestamp":1680204845951,"tick_direction":3,"price":0.0005,"mark_price":0.0001636,"iv":100.37,"instrument_name":"BTC-31MAR23-30000-C","index_price":27995.41,"direction":"sell","amount":0.1},{"trade_seq":12640,"trade_id":"249054100","timestamp":1680204845951,"tick_direction":3,"price":0.0005,"mark_price":0.0001636,"iv":100.37,"instrument_name":"BTC-31MAR23-30000-C","index_price":27995.41,"direction":"sell","amount":0.1},{"trade_seq":12639,"trade_id":"249054099","timestamp":1680204844904,"tick_direction":3,"price":0.0005,"mark_price":0.0001636,"iv":100.37,"instrument_name":"BTC-31MAR23-30000-C","index_price":27995.57,"direction":"sell","amount":0.1},{"trade_seq":12638,"trade_id":"249054097","timestamp":1680204843857,"tick_direction":3,"price":0.0005,"mark_price":0.00016364,"iv":100.37,"instrument_name":"BTC-31MAR23-30000-C","index_price":27995.59,"direction":"sell","amount":0.1},{"trade_seq":12637,"trade_id":"249054095","timestamp":1680204842810,"tick_direction":3,"price":0.0005,"mark_price":0.00016364,"iv":100.36,"instrument_name":"BTC-31MAR23-30000-C","index_price":27995.69,"direction":"sell","amount":0.1},{"trade_seq":12636,"trade_id":"249054094","timestamp":1680204841763,"tick_direction":3,"price":0.0005,"mark_price":0.00016413,"iv":100.36,"instrument_name":"BTC-31MAR23-30000-C","index_price":27995.73,"direction":"sell","amount":0.1},{"trade_seq":12635,"trade_id":"249054093","timestamp":1680204840716,"tick_direction":3,"price":0.0005,"mark_price":0.00016429,"iv":100.32,"instrument_name":"BTC-31MAR23-30000-C","index_price":27995.71,"direction":"sell","amount":0.1},{"trade_seq":12634,"trade_id":"249054092","timestamp":1680204839673,"tick_direction":3,"price":0.0005,"mark_price":0.00016432,"iv":100.32,"instrument_name":"BTC-31MAR23-30000-C","index_price":27996.68,"direction":"sell","amount":0.1},{"trade_seq":12633,"trade_id":"249054091","timestamp":1680204838626,"tick_direction":3,"price":0.0005,"mark_price":0.00016488,"iv":100.31,"instrument_name":"BTC-31MAR23-30000-C","index_price":27996.93,"direction":"sell","amount":0.1},{"trade_seq":12632,"trade_id":"249054089","timestamp":1680204837574,"tick_direction":3,"price":0.0005,"mark_price":0.00016524,"iv":100.23,"instrument_name":"BTC-31MAR23-30000-C","index_price":27997.86,"direction":"sell","amount":0.1},{"trade_seq":12631,"trade_id":"249054087","timestamp":1680204836539,"tick_direction":3,"price":0.0005,"mark_price":0.00016521,"iv":100.23,"instrument_name":"BTC-31MAR23-30000-C","index_price":27998.55,"direction":"sell","amount":0.1},{"trade_seq":12630,"trade_id":"249054086","timestamp":1680204835470,"tick_direction":3,"price":0.0005,"mark_price":0.00016469,"iv":100.24,"instrument_name":"BTC-31MAR23-30000-C","index_price":27998.46,"direction":"sell","amount":0.1},{"trade_seq":12629,"trade_id":"249054085","timestamp":1680204834419,"tick_direction":3,"price":0.0005,"mark_price":0.00016466,"iv":100.28,"instrument_name":"BTC-31MAR23-30000-C","index_price":27997.54,"direction":"sell","amount":0.1},{"trade_seq":12628,"trade_id":"249054084","timestamp":1680204834419,"tick_direction":3,"price":0.0005,"mark_price":0.00016466,"iv":100.28,"instrument_name":"BTC-31MAR23-30000-C","index_price":27997.54,"direction":"sell","amount":0.1},{"trade_seq":12627,"trade_id":"249054083","timestamp":1680204833372,"tick_direction":3,"price":0.0005,"mark_price":0.00016466,"iv":100.28,"instrument_name":"BTC-31MAR23-30000-C","index_price":27997.53,"direction":"sell","amount":0.1},{"trade_seq":12626,"trade_id":"249054082","timestamp":1680204832328,"tick_direction":3,"price":0.0005,"mark_price":0.00016419,"iv":100.28,"instrument_name":"BTC-31MAR23-30000-C","index_price":27997.58,"direction":"sell","amount":0.1},{"trade_seq":12625,"trade_id":"249054077","timestamp":1680204831278,"tick_direction":3,"price":0.0005,"mark_price":0.00016298,"iv":100.39,"instrument_name":"BTC-31MAR23-30000-C","index_price":27995.05,"direction":"sell","amount":0.1},{"trade_seq":12624,"trade_id":"249054073","timestamp":1680204830245,"tick_direction":3,"price":0.0005,"mark_price":0.00016286,"iv":100.4,"instrument_name":"BTC-31MAR23-30000-C","index_price":27994.98,"direction":"sell","amount":0.1},{"trade_seq":12623,"trade_id":"249054072","timestamp":1680204829153,"tick_direction":3,"price":0.0005,"mark_price":0.00016286,"iv":100.43,"instrument_name":"BTC-31MAR23-30000-C","index_price":27994.62,"direction":"sell","amount":0.1},{"trade_seq":12622,"trade_id":"249054071","timestamp":1680204828106,"tick_direction":3,"price":0.0005,"mark_price":0.00016242,"iv":100.43,"instrument_name":"BTC-31MAR23-30000-C","index_price":27994.62,"direction":"sell","amount":0.1},{"trade_seq":12621,"trade_id":"249054069","timestamp":1680204827059,"tick_direction":3,"price":0.0005,"mark_price":0.00016238,"iv":100.44,"instrument_name":"BTC-31MAR23-30000-C","index_price":27994.37,"direction":"sell","amount":0.1},{"trade_seq":12620,"trade_id":"249054068","timestamp":1680204826012,"tick_direction":3,"price":0.0005,"mark_price":0.00016238,"iv":100.46,"instrument_name":"BTC-31MAR23-30000-C","index_price":27993.91,"direction":"sell","amount":0.1},{"trade_seq":12619,"trade_id":"249054067","timestamp":1680204824965,"tick_direction":3,"price":0.0005,"mark_price":0.00016235,"iv":100.46,"instrument_name":"BTC-31MAR23-30000-C","index_price":27993.91,"direction":"sell","amount":0.1},{"trade_seq":12618,"trade_id":"249054066","timestamp":1680204823918,"tick_direction":3,"price":0.0005,"mark_price":0.00016234,"iv":100.47,"instrument_name":"BTC-31MAR23-30000-C","index_price":27993.84,"direction":"sell","amount":0.1},{"trade_seq":12617,"trade_id":"249054065","timestamp":1680204823918,"tick_direction":3,"price":0.0005,"mark_price":0.00016234,"iv":100.47,"instrument_name":"BTC-31MAR23-30000-C","index_price":27993.84,"direction":"sell","amount":0.1},{"trade_seq":12616,"trade_id":"249054064","timestamp":1680204822871,"tick_direction":3,"price":0.0005,"mark_price":0.0001623,"iv":100.47,"instrument_name":"BTC-31MAR23-30000-C","index_price":27993.8,"direction":"sell","amount":0.1},{"trade_seq":12615,"trade_id":"249054062","timestamp":1680204821847,"tick_direction":3,"price":0.0005,"mark_price":0.0001623,"iv":100.47,"instrument_name":"BTC-31MAR23-30000-C","index_price":27993.81,"direction":"sell","amount":0.1},{"trade_seq":12614,"trade_id":"249054061","timestamp":1680204820781,"tick_direction":3,"price":0.0005,"mark_price":0.0001623,"iv":100.47,"instrument_name":"BTC-31MAR23-30000-C","index_price":27993.81,"direction":"sell","amount":0.1},{"trade_seq":12613,"trade_id":"249054060","timestamp":1680204819764,"tick_direction":3,"price":0.0005,"mark_price":0.00016235,"iv":100.47,"instrument_name":"BTC-31MAR23-30000-C","index_price":27993.81,"direction":"sell","amount":0.1},{"trade_seq":12612,"trade_id":"249054059","timestamp":1680204818683,"tick_direction":3,"price":0.0005,"mark_price":0.00016235,"iv":100.47,"instrument_name":"BTC-31MAR23-30000-C","index_price":27993.93,"direction":"sell","amount":0.1},{"trade_seq":12611,"trade_id":"249054058","timestamp":1680204817636,"tick_direction":3,"price":0.0005,"mark_price":0.00016234,"iv":100.47,"instrument_name":"BTC-31MAR23-30000-C","index_price":27993.97,"direction":"sell","amount":0.1},{"trade_seq":12610,"trade_id":"249054056","timestamp":1680204816590,"tick_direction":3,"price":0.0005,"mark_price":0.00016253,"iv":100.47,"instrument_name":"BTC-31MAR23-30000-C","index_price":27993.95,"direction":"sell","amount":0.1},{"trade_seq":12609,"trade_id":"249054055","timestamp":1680204815547,"tick_direction":3,"price":0.0005,"mark_price":0.00016261,"iv":100.45,"instrument_name":"BTC-31MAR23-30000-C","index_price":27994.32,"direction":"sell","amount":0.1},{"trade_seq":12608,"trade_id":"249054054","timestamp":1680204814480,"tick_direction":3,"price":0.0005,"mark_price":0.00016278,"iv":100.45,"instrument_name":"BTC-31MAR23-30000-C","index_price":27994.45,"direction":"sell","amount":0.1},{"trade_seq":12607,"trade_id":"249054053","timestamp":1680204813433,"tick_direction":3,"price":0.0005,"mark_price":0.00016278,"iv":100.43,"instrument_name":"BTC-31MAR23-30000-C","index_price":27994.75,"direction":"sell","amount":0.1},{"trade_seq":12606,"trade_id":"249054052","timestamp":1680204812394,"tick_direction":3,"price":0.0005,"mark_price":0.00016278,"iv":100.43,"instrument_name":"BTC-31MAR23-30000-C","index_price":27994.9,"direction":"sell","amount":0.1},{"trade_seq":12605,"trade_id":"249053745","timestamp":1680204679383,"tick_direction":3,"price":0.0005,"mark_price":0.00018057,"iv":99.04,"instrument_name":"BTC-31MAR23-30000-C","index_price":28027.32,"direction":"sell","amount":0.1},{"trade_seq":12604,"trade_id":"249053740","timestamp":1680204678373,"tick_direction":3,"price":0.0005,"mark_price":0.00018145,"iv":99.04,"instrument_name":"BTC-31MAR23-30000-C","index_price":28026.94,"direction":"sell","amount":0.1},{"trade_seq":12603,"trade_id":"249053727","timestamp":1680204675438,"tick_direction":3,"price":0.0005,"mark_price":0.00018258,"iv":98.89,"instrument_name":"BTC-31MAR23-30000-C","index_price":28028.12,"direction":"sell","amount":0.1},{"trade_seq":12602,"trade_id":"249053722","timestamp":1680204674376,"tick_direction":3,"price":0.0005,"mark_price":0.00018304,"iv":98.89,"instrument_name":"BTC-31MAR23-30000-C","index_price":28030.52,"direction":"sell","amount":0.1},{"trade_seq":12601,"trade_id":"249053719","timestamp":1680204671422,"tick_direction":3,"price":0.0005,"mark_price":0.00018301,"iv":98.86,"instrument_name":"BTC-31MAR23-30000-C","index_price":28031.11,"direction":"sell","amount":0.1},{"trade_seq":12600,"trade_id":"249053718","timestamp":1680204670376,"tick_direction":3,"price":0.0005,"mark_price":0.00018575,"iv":98.75,"instrument_name":"BTC-31MAR23-30000-C","index_price":28031.44,"direction":"sell","amount":0.1},{"trade_seq":12599,"trade_id":"249053123","timestamp":1680204543023,"tick_direction":3,"price":0.0005,"mark_price":0.00017941,"iv":99.12,"instrument_name":"BTC-31MAR23-30000-C","index_price":28027.24,"direction":"sell","amount":0.1},{"trade_seq":12598,"trade_id":"249053122","timestamp":1680204542354,"tick_direction":3,"price":0.0005,"mark_price":0.0001795,"iv":99.12,"instrument_name":"BTC-31MAR23-30000-C","index_price":28027.24,"direction":"sell","amount":0.1},{"trade_seq":12597,"trade_id":"249053118","timestamp":1680204538357,"tick_direction":3,"price":0.0005,"mark_price":0.00017962,"iv":99.1,"instrument_name":"BTC-31MAR23-30000-C","index_price":28027.3,"direction":"sell","amount":0.1},{"trade_seq":12596,"trade_id":"249053105","timestamp":1680204532490,"tick_direction":3,"price":0.0005,"mark_price":0.00017704,"iv":99.3,"instrument_name":"BTC-31MAR23-30000-C","index_price":28022.29,"direction":"sell","amount":0.1},{"trade_seq":12595,"trade_id":"249053103","timestamp":1680204531442,"tick_direction":3,"price":0.0005,"mark_price":0.00017715,"iv":99.3,"instrument_name":"BTC-31MAR23-30000-C","index_price":28021.8,"direction":"sell","amount":0.1},{"trade_seq":12594,"trade_id":"249053102","timestamp":1680204530396,"tick_direction":3,"price":0.0005,"mark_price":0.00017714,"iv":99.35,"instrument_name":"BTC-31MAR23-30000-C","index_price":28020.81,"direction":"sell","amount":0.1},{"trade_seq":12593,"trade_id":"249053101","timestamp":1680204530396,"tick_direction":3,"price":0.0005,"mark_price":0.00017714,"iv":99.35,"instrument_name":"BTC-31MAR23-30000-C","index_price":28020.81,"direction":"sell","amount":0.1},{"trade_seq":12592,"trade_id":"249053098","timestamp":1680204529355,"tick_direction":3,"price":0.0005,"mark_price":0.00017701,"iv":99.3,"instrument_name":"BTC-31MAR23-30000-C","index_price":28022.11,"direction":"sell","amount":0.1},{"trade_seq":12591,"trade_id":"249053073","timestamp":1680204514675,"tick_direction":3,"price":0.0005,"mark_price":0.00017936,"iv":99.13,"instrument_name":"BTC-31MAR23-30000-C","index_price":28025.59,"direction":"sell","amount":0.1},{"trade_seq":12590,"trade_id":"249053071","timestamp":1680204513628,"tick_direction":3,"price":0.0005,"mark_price":0.00017869,"iv":99.18,"instrument_name":"BTC-31MAR23-30000-C","index_price":28025.69,"direction":"sell","amount":0.1},{"trade_seq":12589,"trade_id":"249053069","timestamp":1680204512646,"tick_direction":3,"price":0.0005,"mark_price":0.00017869,"iv":99.2,"instrument_name":"BTC-31MAR23-30000-C","index_price":28024.43,"direction":"sell","amount":0.1},{"trade_seq":12588,"trade_id":"249053067","timestamp":1680204511534,"tick_direction":3,"price":0.0005,"mark_price":0.00017917,"iv":99.07,"instrument_name":"BTC-31MAR23-30000-C","index_price":28023.82,"direction":"sell","amount":0.1},{"trade_seq":12587,"trade_id":"249053065","timestamp":1680204510589,"tick_direction":3,"price":0.0005,"mark_price":0.00018006,"iv":99.07,"instrument_name":"BTC-31MAR23-30000-C","index_price":28025.4,"direction":"sell","amount":0.1},{"trade_seq":12586,"trade_id":"249053064","timestamp":1680204509440,"tick_direction":3,"price":0.0005,"mark_price":0.00017782,"iv":99.07,"instrument_name":"BTC-31MAR23-30000-C","index_price":28025.27,"direction":"sell","amount":0.1},{"trade_seq":12585,"trade_id":"249053062","timestamp":1680204508393,"tick_direction":3,"price":0.0005,"mark_price":0.00017675,"iv":99.08,"instrument_name":"BTC-31MAR23-30000-C","index_price":28025.02,"direction":"sell","amount":0.1},{"trade_seq":12584,"trade_id":"249053061","timestamp":1680204508393,"tick_direction":3,"price":0.0005,"mark_price":0.00017675,"iv":99.08,"instrument_name":"BTC-31MAR23-30000-C","index_price":28025.02,"direction":"sell","amount":0.1},{"trade_seq":12583,"trade_id":"249053052","timestamp":1680204507357,"tick_direction":3,"price":0.0005,"mark_price":0.00017685,"iv":99.32,"instrument_name":"BTC-31MAR23-30000-C","index_price":28021.23,"direction":"sell","amount":0.1},{"trade_seq":12582,"trade_id":"249052053","timestamp":1680204259220,"tick_direction":3,"price":0.0005,"mark_price":0.00015379,"iv":101.17,"instrument_name":"BTC-31MAR23-30000-C","index_price":27963.57,"direction":"buy","amount":0.1},{"trade_seq":12581,"trade_id":"249052001","timestamp":1680204232140,"tick_direction":3,"price":0.0005,"mark_price":0.000155,"iv":100.96,"instrument_name":"BTC-31MAR23-30000-C","index_price":27972.15,"direction":"buy","amount":0.1},{"trade_seq":12580,"trade_id":"249051965","timestamp":1680204225534,"tick_direction":3,"price":0.0005,"mark_price":0.00015199,"iv":101.31,"instrument_name":"BTC-31MAR23-30000-C","index_price":27963.52,"direction":"sell","amount":0.1},{"trade_seq":12579,"trade_id":"249051964","timestamp":1680204224684,"tick_direction":3,"price":0.0005,"mark_price":0.00015162,"iv":101.31,"instrument_name":"BTC-31MAR23-30000-C","index_price":27963.52,"direction":"sell","amount":0.1},{"trade_seq":12578,"trade_id":"249051963","timestamp":1680204223637,"tick_direction":3,"price":0.0005,"mark_price":0.00015156,"iv":101.34,"instrument_name":"BTC-31MAR23-30000-C","index_price":27962.97,"direction":"sell","amount":0.1},{"trade_seq":12577,"trade_id":"249051962","timestamp":1680204222623,"tick_direction":3,"price":0.0005,"mark_price":0.00015157,"iv":101.34,"instrument_name":"BTC-31MAR23-30000-C","index_price":27962.97,"direction":"sell","amount":0.1},{"trade_seq":12576,"trade_id":"249051961","timestamp":1680204221559,"tick_direction":3,"price":0.0005,"mark_price":0.00015141,"iv":101.34,"instrument_name":"BTC-31MAR23-30000-C","index_price":27962.99,"direction":"sell","amount":0.1},{"trade_seq":12575,"trade_id":"249051960","timestamp":1680204220496,"tick_direction":3,"price":0.0005,"mark_price":0.00015148,"iv":101.36,"instrument_name":"BTC-31MAR23-30000-C","index_price":27962.65,"direction":"sell","amount":0.1},{"trade_seq":12574,"trade_id":"249051959","timestamp":1680204219449,"tick_direction":3,"price":0.0005,"mark_price":0.00015152,"iv":101.35,"instrument_name":"BTC-31MAR23-30000-C","index_price":27962.79,"direction":"sell","amount":0.1},{"trade_seq":12573,"trade_id":"249051958","timestamp":1680204218402,"tick_direction":3,"price":0.0005,"mark_price":0.00015153,"iv":101.34,"instrument_name":"BTC-31MAR23-30000-C","index_price":27963.02,"direction":"sell","amount":0.1},{"trade_seq":12572,"trade_id":"249051957","timestamp":1680204218402,"tick_direction":3,"price":0.0005,"mark_price":0.00015153,"iv":101.34,"instrument_name":"BTC-31MAR23-30000-C","index_price":27963.02,"direction":"sell","amount":0.1},{"trade_seq":12571,"trade_id":"249051956","timestamp":1680204217355,"tick_direction":3,"price":0.0005,"mark_price":0.00015155,"iv":101.35,"instrument_name":"BTC-31MAR23-30000-C","index_price":27962.85,"direction":"sell","amount":0.1},{"trade_seq":12570,"trade_id":"249051955","timestamp":1680204216313,"tick_direction":3,"price":0.0005,"mark_price":0.00015159,"iv":101.34,"instrument_name":"BTC-31MAR23-30000-C","index_price":27962.88,"direction":"sell","amount":0.1},{"trade_seq":12569,"trade_id":"249051954","timestamp":1680204215905,"tick_direction":3,"price":0.0005,"mark_price":0.00015159,"iv":101.34,"instrument_name":"BTC-31MAR23-30000-C","index_price":27962.88,"direction":"sell","amount":0.1},{"trade_seq":12568,"trade_id":"249051953","timestamp":1680204215215,"tick_direction":3,"price":0.0005,"mark_price":0.00015157,"iv":101.34,"instrument_name":"BTC-31MAR23-30000-C","index_price":27962.95,"direction":"sell","amount":0.1},{"trade_seq":12567,"trade_id":"249051952","timestamp":1680204214168,"tick_direction":3,"price":0.0005,"mark_price":0.00015133,"iv":101.34,"instrument_name":"BTC-31MAR23-30000-C","index_price":27962.88,"direction":"sell","amount":0.1},{"trade_seq":12566,"trade_id":"249051951","timestamp":1680204213121,"tick_direction":3,"price":0.0005,"mark_price":0.00015129,"iv":101.36,"instrument_name":"BTC-31MAR23-30000-C","index_price":27962.39,"direction":"sell","amount":0.1},{"trade_seq":12565,"trade_id":"249051950","timestamp":1680204212075,"tick_direction":3,"price":0.0005,"mark_price":0.00015208,"iv":101.38,"instrument_name":"BTC-31MAR23-30000-C","index_price":27962.08,"direction":"sell","amount":0.1},{"trade_seq":12564,"trade_id":"249051949","timestamp":1680204211027,"tick_direction":3,"price":0.0005,"mark_price":0.0001521,"iv":101.3,"instrument_name":"BTC-31MAR23-30000-C","index_price":27962.34,"direction":"sell","amount":0.1},{"trade_seq":12563,"trade_id":"249051948","timestamp":1680204209979,"tick_direction":3,"price":0.0005,"mark_price":0.00015209,"iv":101.29,"instrument_name":"BTC-31MAR23-30000-C","index_price":27962.46,"direction":"sell","amount":0.1},{"trade_seq":12562,"trade_id":"249051947","timestamp":1680204208933,"tick_direction":3,"price":0.0005,"mark_price":0.00015156,"iv":101.29,"instrument_name":"BTC-31MAR23-30000-C","index_price":27962.51,"direction":"sell","amount":0.1},{"trade_seq":12561,"trade_id":"249051946","timestamp":1680204207886,"tick_direction":3,"price":0.0005,"mark_price":0.00015156,"iv":101.32,"instrument_name":"BTC-31MAR23-30000-C","index_price":27962.05,"direction":"sell","amount":0.1},{"trade_seq":12560,"trade_id":"249051945","timestamp":1680204207886,"tick_direction":3,"price":0.0005,"mark_price":0.00015156,"iv":101.32,"instrument_name":"BTC-31MAR23-30000-C","index_price":27962.05,"direction":"sell","amount":0.1},{"trade_seq":12559,"trade_id":"249051944","timestamp":1680204206839,"tick_direction":3,"price":0.0005,"mark_price":0.00015152,"iv":101.35,"instrument_name":"BTC-31MAR23-30000-C","index_price":27961.45,"direction":"sell","amount":0.1},{"trade_seq":12558,"trade_id":"249051943","timestamp":1680204206839,"tick_direction":3,"price":0.0005,"mark_price":0.00015152,"iv":101.35,"instrument_name":"BTC-31MAR23-30000-C","index_price":27961.45,"direction":"sell","amount":0.3},{"trade_seq":12557,"trade_id":"249051941","timestamp":1680204205792,"tick_direction":3,"price":0.0005,"mark_price":0.00015119,"iv":101.35,"instrument_name":"BTC-31MAR23-30000-C","index_price":27961.39,"direction":"sell","amount":0.1},{"trade_seq":12556,"trade_id":"249051940","timestamp":1680204204745,"tick_direction":3,"price":0.0005,"mark_price":0.00015113,"iv":101.38,"instrument_name":"BTC-31MAR23-30000-C","index_price":27960.86,"direction":"sell","amount":0.1},{"trade_seq":12555,"trade_id":"249051939","timestamp":1680204204745,"tick_direction":3,"price":0.0005,"mark_price":0.00015113,"iv":101.38,"instrument_name":"BTC-31MAR23-30000-C","index_price":27960.86,"direction":"sell","amount":0.1},{"trade_seq":12554,"trade_id":"249051938","timestamp":1680204203698,"tick_direction":3,"price":0.0005,"mark_price":0.00015106,"iv":101.38,"instrument_name":"BTC-31MAR23-30000-C","index_price":27960.88,"direction":"sell","amount":0.1},{"trade_seq":12553,"trade_id":"249051937","timestamp":1680204202651,"tick_direction":3,"price":0.0005,"mark_price":0.00015085,"iv":101.38,"instrument_name":"BTC-31MAR23-30000-C","index_price":27960.61,"direction":"sell","amount":0.1},{"trade_seq":12552,"trade_id":"249051936","timestamp":1680204201605,"tick_direction":3,"price":0.0005,"mark_price":0.000151,"iv":101.39,"instrument_name":"BTC-31MAR23-30000-C","index_price":27961.08,"direction":"sell","amount":0.1},{"trade_seq":12551,"trade_id":"249051932","timestamp":1680204200554,"tick_direction":3,"price":0.0005,"mark_price":0.00015195,"iv":101.32,"instrument_name":"BTC-31MAR23-30000-C","index_price":27963.07,"direction":"sell","amount":0.1},{"trade_seq":12550,"trade_id":"249051931","timestamp":1680204199490,"tick_direction":3,"price":0.0005,"mark_price":0.00015239,"iv":101.32,"instrument_name":"BTC-31MAR23-30000-C","index_price":27962.71,"direction":"sell","amount":0.1}