{"usOut":1682687396981362,"usIn":1682687396377005,"usDiff":604357,"testnet":false,"result":{"trades":[{"trade_seq":6464,"trade_id":"249138034","timestamp":1680247653026,"tick_direction":3,"price":0.0005,"mark_price":0.00007124,"iv":88.54,"instrument_name":"BTC-31MAR23-28000-C","index_price":27800.76,"direction":"buy","amount":5.0},{"trade_seq":6463,"trade_id":"249133169","timestamp":1680247303546,"tick_direction":3,"price":0.0005,"mark_price":0.00019368,"iv":72.53,"instrument_name":"BTC-31MAR23-28000-C","index_price":27834.03,"direction":"buy","amount":1.0},{"trade_seq":6462,"trade_id":"249133003","timestamp":1680247289442,"tick_direction":3,"price":0.0005,"mark_price":0.00017148,"iv":74.34,"instrument_name":"BTC-31MAR23-28000-C","index_price":27824.87,"direction":"buy","amount":1.0},{"trade_seq":6461,"trade_id":"249132789","timestamp":1680247272855,"tick_direction":3,"price":0.0005,"mark_price":0.00016563,"iv":75.21,"instrument_name":"BTC-31MAR23-28000-C","index_price":27821.41,"direction":"sell","amount":2.1},{"trade_seq":6460,"trade_id":"249132788","timestamp":1680247272855,"tick_direction":3,"price":0.0005,"mark_price":0.00016563,"iv":75.21,"instrument_name":"BTC-31MAR23-28000-C","index_price":27821.41,"direction":"sell","amount":0.2},{"trade_seq":6459,"trade_id":"249132787","timestamp":1680247272855,"tick_direction":3,"price":0.0005,"mark_price":0.00016563,"iv":75.21,"instrument_name":"BTC-31MAR23-28000-C","index_price":27821.41,"direction":"sell","amount":0.2},{"trade_seq":6458,"trade_id":"249132786","timestamp":1680247272855,"tick_direction":3,"price":0.0005,"mark_price":0.00016563,"iv":75.21,"instrument_name":"BTC-31MAR23-28000-C","index_price":27821.41,"direction":"sell","amount":5.0},{"trade_seq":6457,"trade_id":"249132785","timestamp":1680247272855,"tick_direction":3,"price":0.0005,"mark_price":0.00016563,"iv":75.21,"instrument_name":"BTC-31MAR23-28000-C","index_price":27821.41,"direction":"sell","amount":0.7},{"trade_seq":6456,"trade_id":"249132543","timestamp":1680247261921,"tick_direction":3,"price":0.0005,"mark_price":0.00029554,"iv":67.22,"instrument_name":"BTC-31MAR23-28000-C","index_price":27847.87,"direction":"sell","amount":0.1},{"trade_seq":6455,"trade_id":"249132542","timestamp":1680247261919,"tick_direction":3,"price":0.0005,"mark_price":0.00029554,"iv":67.22,"instrument_name":"BTC-31MAR23-28000-C","index_price":27847.87,"direction":"sell","amount":0.1},{"trade_seq":6454,"trade_id":"249132541","timestamp":1680247261906,"tick_direction":2,"price":0.0005,"mark_price":0.00029554,"iv":67.22,"instrument_name":"BTC-31MAR23-28000-C","index_price":27847.87,"direction":"sell","amount":0.1},{"trade_seq":6453,"trade_id":"249130249","timestamp":1680247089437,"tick_direction":3,"price":0.001,"mark_price":0.00060737,"iv":67.0,"instrument_name":"BTC-31MAR23-28000-C","index_price":27906.14,"direction":"buy","amount":0.2},{"trade_seq":6452,"trade_id":"249129394","timestamp":1680246986528,"tick_direction":3,"price":0.001,"mark_price":0.00062639,"iv":66.91,"instrument_name":"BTC-31MAR23-28000-C","index_price":27900.01,"direction":"buy","amount":1.0},{"trade_seq":6451,"trade_id":"249129198","timestamp":1680246966567,"tick_direction":3,"price":0.001,"mark_price":0.00065765,"iv":66.0,"instrument_name":"BTC-31MAR23-28000-C","index_price":27910.44,"direction":"sell","amount":0.2},{"trade_seq":6450,"trade_id":"249129189","timestamp":1680246966300,"tick_direction":3,"price":0.001,"mark_price":0.00065765,"iv":66.0,"instrument_name":"BTC-31MAR23-28000-C","index_price":27910.44,"direction":"sell","amount":0.2},{"trade_seq":6449,"trade_id":"249127782","timestamp":1680246865680,"tick_direction":3,"price":0.001,"mark_price":0.0008232,"iv":59.65,"instrument_name":"BTC-31MAR23-28000-C","index_price":27923.2,"direction":"sell","amount":1.3},{"trade_seq":6448,"trade_id":"249127504","timestamp":1680246847134,"tick_direction":3,"price":0.001,"mark_price":0.00071037,"iv":63.52,"instrument_name":"BTC-31MAR23-28000-C","index_price":27910.67,"direction":"sell","amount":0.8},{"trade_seq":6447,"trade_id":"249127039","timestamp":1680246819404,"tick_direction":3,"price":0.001,"mark_price":0.00071967,"iv":65.15,"instrument_name":"BTC-31MAR23-28000-C","index_price":27905.66,"direction":"sell","amount":1.0},{"trade_seq":6446,"trade_id":"249127038","timestamp":1680246819404,"tick_direction":3,"price":0.001,"mark_price":0.00071967,"iv":65.15,"instrument_name":"BTC-31MAR23-28000-C","index_price":27905.66,"direction":"sell","amount":0.5},{"trade_seq":6445,"trade_id":"249127037","timestamp":1680246819404,"tick_direction":3,"price":0.001,"mark_price":0.00071967,"iv":65.15,"instrument_name":"BTC-31MAR23-28000-C","index_price":27905.66,"direction":"sell","amount":0.1},{"trade_seq":6444,"trade_id":"249127036","timestamp":1680246819404,"tick_direction":3,"price":0.001,"mark_price":0.00071967,"iv":65.15,"instrument_name":"BTC-31MAR23-28000-C","index_price":27905.66,"direction":"sell","amount":1.0},{"trade_seq":6443,"trade_id":"249127035","timestamp":1680246819404,"tick_direction":3,"price":0.001,"mark_price":0.00071967,"iv":65.15,"instrument_name":"BTC-31MAR23-28000-C","index_price":27905.66,"direction":"sell","amount":2.0},{"trade_seq":6442,"trade_id":"249126810","timestamp":1680246810886,"tick_direction":2,"price":0.001,"mark_price":0.00081825,"iv":62.42,"instrument_name":"BTC-31MAR23-28000-C","index_price":27907.67,"direction":"sell","amount":2.5},{"trade_seq":6441,"trade_id":"249125443","timestamp":1680246723342,"tick_direction":3,"price":0.0015,"mark_price":0.00112822,"iv":64.57,"instrument_name":"BTC-31MAR23-28000-C","index_price":27952.4,"direction":"buy","amount":0.1},{"trade_seq":6440,"trade_id":"249125315","timestamp":1680246717834,"tick_direction":2,"price":0.0015,"mark_price":0.00136432,"iv":57.25,"instrument_name":"BTC-31MAR23-28000-C","index_price":27968.17,"direction":"sell","amount":0.3},{"trade_seq":6439,"trade_id":"249123812","timestamp":1680246560506,"tick_direction":2,"price":0.0025,"mark_price":0.00209516,"iv":66.53,"instrument_name":"BTC-31MAR23-28000-C","index_price":28010.81,"direction":"sell","amount":0.1},{"trade_seq":6438,"trade_id":"249123654","timestamp":1680246537324,"tick_direction":2,"price":0.003,"mark_price":0.00231282,"iv":71.32,"instrument_name":"BTC-31MAR23-28000-C","index_price":28029.76,"direction":"buy","amount":0.1},{"trade_seq":6437,"trade_id":"249123113","timestamp":1680246247994,"tick_direction":3,"price":0.004,"mark_price":0.00340319,"iv":70.48,"instrument_name":"BTC-31MAR23-28000-C","index_price":28081.23,"direction":"sell","amount":0.1},{"trade_seq":6436,"trade_id":"249123081","timestamp":1680246241068,"tick_direction":3,"price":0.004,"mark_price":0.00337936,"iv":69.85,"instrument_name":"BTC-31MAR23-28000-C","index_price":28082.62,"direction":"sell","amount":0.1},{"trade_seq":6435,"trade_id":"249123076","timestamp":1680246239952,"tick_direction":3,"price":0.004,"mark_price":0.00337959,"iv":69.85,"instrument_name":"BTC-31MAR23-28000-C","index_price":28082.62,"direction":"sell","amount":0.1},{"trade_seq":6434,"trade_id":"249123067","timestamp":1680246239150,"tick_direction":3,"price":0.004,"mark_price":0.00337982,"iv":69.85,"instrument_name":"BTC-31MAR23-28000-C","index_price":28082.62,"direction":"sell","amount":0.1},{"trade_seq":6433,"trade_id":"249123064","timestamp":1680246239026,"tick_direction":2,"price":0.004,"mark_price":0.00337982,"iv":69.85,"instrument_name":"BTC-31MAR23-28000-C","index_price":28082.62,"direction":"sell","amount":0.1},{"trade_seq":6432,"trade_id":"249121307","timestamp":1680245511775,"tick_direction":1,"price":0.0045,"mark_price":0.00449822,"iv":60.28,"instrument_name":"BTC-31MAR23-28000-C","index_price":28101.17,"direction":"sell","amount":0.1},{"trade_seq":6431,"trade_id":"249121304","timestamp":1680245510951,"tick_direction":1,"price":0.0045,"mark_price":0.0045088,"iv":60.28,"instrument_name":"BTC-31MAR23-28000-C","index_price":28101.17,"direction":"sell","amount":0.2},{"trade_seq":6430,"trade_id":"249121303","timestamp":1680245510903,"tick_direction":0,"price":0.0045,"mark_price":0.0045088,"iv":55.55,"instrument_name":"BTC-31MAR23-28000-C","index_price":28108.61,"direction":"sell","amount":0.1},{"trade_seq":6429,"trade_id":"249120513","timestamp":1680244770381,"tick_direction":3,"price":0.0035,"mark_price":0.00346171,"iv":55.8,"instrument_name":"BTC-31MAR23-28000-C","index_price":28059.71,"direction":"buy","amount":1.0},{"trade_seq":6428,"trade_id":"249120301","timestamp":1680244666018,"tick_direction":3,"price":0.0035,"mark_price":0.0031128,"iv":63.3,"instrument_name":"BTC-31MAR23-28000-C","index_price":28037.47,"direction":"buy","amount":0.1},{"trade_seq":6427,"trade_id":"249120300","timestamp":1680244665027,"tick_direction":2,"price":0.0035,"mark_price":0.00314097,"iv":63.3,"instrument_name":"BTC-31MAR23-28000-C","index_price":28037.47,"direction":"buy","amount":0.1},{"trade_seq":6426,"trade_id":"249118891","timestamp":1680242871309,"tick_direction":3,"price":0.004,"mark_price":0.0035358,"iv":60.5,"instrument_name":"BTC-31MAR23-28000-C","index_price":28041.09,"direction":"sell","amount":0.3},{"trade_seq":6425,"trade_id":"249118546","timestamp":1680242692447,"tick_direction":3,"price":0.004,"mark_price":0.0036179,"iv":59.68,"instrument_name":"BTC-31MAR23-28000-C","index_price":28039.43,"direction":"sell","amount":0.1},{"trade_seq":6424,"trade_id":"249118545","timestamp":1680242692445,"tick_direction":3,"price":0.004,"mark_price":0.0036179,"iv":59.68,"instrument_name":"BTC-31MAR23-28000-C","index_price":28039.43,"direction":"sell","amount":0.1},{"trade_seq":6423,"trade_id":"249117788","timestamp":1680242298126,"tick_direction":2,"price":0.004,"mark_price":0.00299267,"iv":66.64,"instrument_name":"BTC-31MAR23-28000-C","index_price":28008.99,"direction":"buy","amount":1.0},{"trade_seq":6422,"trade_id":"249117679","timestamp":1680242247494,"tick_direction":1,"price":0.0045,"mark_price":0.00332055,"iv":68.86,"instrument_name":"BTC-31MAR23-28000-C","index_price":28024.93,"direction":"buy","amount":0.2},{"trade_seq":6421,"trade_id":"249117561","timestamp":1680242206167,"tick_direction":0,"price":0.0045,"mark_price":0.00339479,"iv":68.16,"instrument_name":"BTC-31MAR23-28000-C","index_price":28024.26,"direction":"buy","amount":0.3},{"trade_seq":6420,"trade_id":"249117451","timestamp":1680242169656,"tick_direction":1,"price":0.0035,"mark_price":0.00359564,"iv":48.4,"instrument_name":"BTC-31MAR23-28000-C","index_price":28033.8,"direction":"buy","amount":0.5},{"trade_seq":6419,"trade_id":"249117112","timestamp":1680242112111,"tick_direction":0,"price":0.0035,"mark_price":0.0027539,"iv":62.24,"instrument_name":"BTC-31MAR23-28000-C","index_price":27984.97,"direction":"buy","amount":0.1},{"trade_seq":6418,"trade_id":"249117045","timestamp":1680242100131,"tick_direction":3,"price":0.003,"mark_price":0.00286263,"iv":51.46,"instrument_name":"BTC-31MAR23-28000-C","index_price":27995.51,"direction":"sell","amount":0.1},{"trade_seq":6417,"trade_id":"249117044","timestamp":1680242100131,"tick_direction":2,"price":0.003,"mark_price":0.00286263,"iv":51.46,"instrument_name":"BTC-31MAR23-28000-C","index_price":27995.51,"direction":"sell","amount":0.1},{"trade_seq":6416,"trade_id":"249116508","timestamp":1680242000684,"tick_direction":3,"price":0.0035,"mark_price":0.00293019,"iv":59.16,"instrument_name":"BTC-31MAR23-28000-C","index_price":27997.16,"direction":"buy","amount":0.1},{"trade_seq":6415,"trade_id":"249116405","timestamp":1680241999370,"tick_direction":3,"price":0.0035,"mark_price":0.00357029,"iv":48.83,"instrument_name":"BTC-31MAR23-28000-C","index_price":28017.57,"direction":"sell","amount":5.0},{"trade_seq":6414,"trade_id":"249116404","timestamp":1680241999370,"tick_direction":3,"price":0.0035,"mark_price":0.00357029,"iv":48.83,"instrument_name":"BTC-31MAR23-28000-C","index_price":28017.57,"direction":"sell","amount":0.7},{"trade_seq":6413,"trade_id":"249116340","timestamp":1680241998540,"tick_direction":2,"price":0.0035,"mark_price":0.00372255,"iv":46.33,"instrument_name":"BTC-31MAR23-28000-C","index_price":28031.9,"direction":"sell","amount":0.3},{"trade_seq":6412,"trade_id":"249115834","timestamp":1680241943082,"tick_direction":2,"price":0.0045,"mark_price":0.00504033,"iv":44.2,"instrument_name":"BTC-31MAR23-28000-C","index_price":28091.78,"direction":"sell","amount":0.1},{"trade_seq":6411,"trade_id":"249113567","timestamp":1680239400099,"tick_direction":3,"price":0.008,"mark_price":0.00773992,"iv":55.23,"instrument_name":"BTC-31MAR23-28000-C","index_price":28186.43,"direction":"sell","amount":0.2},{"trade_seq":6410,"trade_id":"249113557","timestamp":1680239399722,"tick_direction":3,"price":0.008,"mark_price":0.00773992,"iv":55.23,"instrument_name":"BTC-31MAR23-28000-C","index_price":28186.43,"direction":"sell","amount":0.2},{"trade_seq":6409,"trade_id":"249113556","timestamp":1680239399718,"tick_direction":3,"price":0.008,"mark_price":0.00773992,"iv":55.23,"instrument_name":"BTC-31MAR23-28000-C","index_price":28186.43,"direction":"sell","amount":0.1},{"trade_seq":6408,"trade_id":"249113554","timestamp":1680239399689,"tick_direction":3,"price":0.008,"mark_price":0.00773992,"iv":55.23,"instrument_name":"BTC-31MAR23-28000-C","index_price":28186.43,"direction":"sell","amount":0.2},{"trade_seq":6407,"trade_id":"249113534","timestamp":1680239398022,"tick_direction":3,"price":0.008,"mark_price":0.00777274,"iv":54.68,"instrument_name":"BTC-31MAR23-28000-C","index_price":28187.6,"direction":"sell","amount":0.3},{"trade_seq":6406,"trade_id":"249112758","timestamp":1680238816696,"tick_direction":2,"price":0.008,"mark_price":0.00805753,"iv":51.09,"instrument_name":"BTC-31MAR23-28000-C","index_price":28185.48,"direction":"sell","amount":0.1},{"trade_seq":6405,"trade_id":"249107594","timestamp":1680234029248,"tick_direction":1,"price":0.0085,"mark_price":0.00841185,"iv":52.68,"instrument_name":"BTC-31MAR23-28000-C","index_price":28188.47,"direction":"sell","amount":0.2},{"trade_seq":6404,"trade_id":"249107576","timestamp":1680234022117,"tick_direction":1,"price":0.0085,"mark_price":0.00842989,"iv":52.41,"instrument_name":"BTC-31MAR23-28000-C","index_price":28188.43,"direction":"sell","amount":0.3},{"trade_seq":6403,"trade_id":"249107554","timestamp":1680234016198,"tick_direction":1,"price":0.0085,"mark_price":0.00850664,"iv":51.49,"instrument_name":"BTC-31MAR23-28000-C","index_price":28189.49,"direction":"sell","amount":0.3},{"trade_seq":6402,"trade_id":"249107544","timestamp":1680234012254,"tick_direction":1,"price":0.0085,"mark_price":0.00861795,"iv":50.02,"instrument_name":"BTC-31MAR23-28000-C","index_price":28193.84,"direction":"sell","amount":0.2},{"trade_seq":6401,"trade_id":"249107416","timestamp":1680233836110,"tick_direction":1,"price":0.0085,"mark_price":0.00869918,"iv":48.82,"instrument_name":"BTC-31MAR23-28000-C","index_price":28195.72,"direction":"sell","amount":0.5},{"trade_seq":6400,"trade_id":"249106414","timestamp":1680233264846,"tick_direction":0,"price":0.0085,"mark_price":0.00842526,"iv":51.25,"instrument_name":"BTC-31MAR23-28000-C","index_price":28191.81,"direction":"buy","amount":1.0},{"trade_seq":6399,"trade_id":"249106192","timestamp":1680232979359,"tick_direction":0,"price":0.008,"mark_price":0.00793457,"iv":50.02,"instrument_name":"BTC-31MAR23-28000-C","index_price":28177.15,"direction":"buy","amount":1.0},{"trade_seq":6398,"trade_id":"249106109","timestamp":1680232864401,"tick_direction":2,"price":0.0075,"mark_price":0.00763009,"iv":48.95,"instrument_name":"BTC-31MAR23-28000-C","index_price":28155.76,"direction":"buy","amount":1.0},{"trade_seq":6397,"trade_id":"249103910","timestamp":1680230216340,"tick_direction":1,"price":0.0095,"mark_price":0.00942305,"iv":55.38,"instrument_name":"BTC-31MAR23-28000-C","index_price":28200.26,"direction":"buy","amount":0.1},{"trade_seq":6396,"trade_id":"249103909","timestamp":1680230216331,"tick_direction":1,"price":0.0095,"mark_price":0.00942305,"iv":55.38,"instrument_name":"BTC-31MAR23-28000-C","index_price":28200.26,"direction":"buy","amount":0.7},{"trade_seq":6395,"trade_id":"249103851","timestamp":1680230205224,"tick_direction":0,"price":0.0095,"mark_price":0.00905537,"iv":59.43,"instrument_name":"BTC-31MAR23-28000-C","index_price":28186.6,"direction":"buy","amount":0.2},{"trade_seq":6394,"trade_id":"249103049","timestamp":1680229448114,"tick_direction":1,"price":0.0085,"mark_price":0.00850258,"iv":53.27,"instrument_name":"BTC-31MAR23-28000-C","index_price":28166.13,"direction":"buy","amount":1.6},{"trade_seq":6393,"trade_id":"249103048","timestamp":1680229448114,"tick_direction":0,"price":0.0085,"mark_price":0.00850258,"iv":53.27,"instrument_name":"BTC-31MAR23-28000-C","index_price":28166.13,"direction":"buy","amount":1.0},{"trade_seq":6392,"trade_id":"249102284","timestamp":1680229153204,"tick_direction":2,"price":0.007,"mark_price":0.00760494,"iv":48.78,"instrument_name":"BTC-31MAR23-28000-C","index_price":28106.47,"direction":"buy","amount":0.5},{"trade_seq":6391,"trade_id":"249102277","timestamp":1680229100719,"tick_direction":3,"price":0.0075,"mark_price":0.00767293,"iv":53.3,"instrument_name":"BTC-31MAR23-28000-C","index_price":28111.38,"direction":"sell","amount":0.1},{"trade_seq":6390,"trade_id":"249102272","timestamp":1680229097528,"tick_direction":3,"price":0.0075,"mark_price":0.00771426,"iv":52.78,"instrument_name":"BTC-31MAR23-28000-C","index_price":28113.99,"direction":"sell","amount":0.1},{"trade_seq":6389,"trade_id":"249102259","timestamp":1680229087798,"tick_direction":3,"price":0.0075,"mark_price":0.00778793,"iv":51.97,"instrument_name":"BTC-31MAR23-28000-C","index_price":28116.89,"direction":"sell","amount":0.2},{"trade_seq":6388,"trade_id":"249102258","timestamp":1680229087789,"tick_direction":3,"price":0.0075,"mark_price":0.00778793,"iv":52.03,"instrument_name":"BTC-31MAR23-28000-C","index_price":28116.89,"direction":"sell","amount":0.2},{"trade_seq":6387,"trade_id":"249102257","timestamp":1680229087785,"tick_direction":3,"price":0.0075,"mark_price":0.00778793,"iv":52.03,"instrument_name":"BTC-31MAR23-28000-C","index_price":28116.89,"direction":"sell","amount":0.2},{"trade_seq":6386,"trade_id":"249102256","timestamp":1680229087649,"tick_direction":3,"price":0.0075,"mark_price":0.00778793,"iv":52.03,"instrument_name":"BTC-31MAR23-28000-C","index_price":28116.89,"direction":"sell","amount":0.1},{"trade_seq":6385,"trade_id":"249102255","timestamp":1680229087562,"tick_direction":3,"price":0.0075,"mark_price":0.00778793,"iv":52.03,"instrument_name":"BTC-31MAR23-28000-C","index_price":28116.89,"direction":"sell","amount":0.2},{"trade_seq":6384,"trade_id":"249102240","timestamp":1680229041118,"tick_direction":3,"price":0.0075,"mark_price":0.00760244,"iv":53.71,"instrument_name":"BTC-31MAR23-28000-C","index_price":28113.39,"direction":"sell","amount":0.1},{"trade_seq":6383,"trade_id":"249102231","timestamp":1680229038124,"tick_direction":3,"price":0.0075,"mark_price":0.00774989,"iv":52.22,"instrument_name":"BTC-31MAR23-28000-C","index_price":28118.49,"direction":"sell","amount":0.4},{"trade_seq":6382,"trade_id":"249102230","timestamp":1680229038106,"tick_direction":3,"price":0.0075,"mark_price":0.00774989,"iv":52.22,"instrument_name":"BTC-31MAR23-28000-C","index_price":28118.49,"direction":"sell","amount":0.1},{"trade_seq":6381,"trade_id":"249102229","timestamp":1680229038095,"tick_direction":3,"price":0.0075,"mark_price":0.00774989,"iv":52.22,"instrument_name":"BTC-31MAR23-28000-C","index_price":28118.49,"direction":"sell","amount":0.1},{"trade_seq":6380,"trade_id":"249102136","timestamp":1680228979002,"tick_direction":2,"price":0.0075,"mark_price":0.00763295,"iv":53.35,"instrument_name":"BTC-31MAR23-28000-C","index_price":28118.27,"direction":"sell","amount":0.1},{"trade_seq":6379,"trade_id":"249100918","timestamp":1680228383337,"tick_direction":3,"price":0.0085,"mark_price":0.00847816,"iv":54.01,"instrument_name":"BTC-31MAR23-28000-C","index_price":28154.72,"direction":"sell","amount":0.1},{"trade_seq":6378,"trade_id":"249100917","timestamp":1680228383323,"tick_direction":3,"price":0.0085,"mark_price":0.00847816,"iv":54.01,"instrument_name":"BTC-31MAR23-28000-C","index_price":28154.72,"direction":"sell","amount":0.7},{"trade_seq":6377,"trade_id":"249100896","timestamp":1680228381813,"tick_direction":3,"price":0.0085,"mark_price":0.00853248,"iv":53.74,"instrument_name":"BTC-31MAR23-28000-C","index_price":28157.06,"direction":"sell","amount":0.1},{"trade_seq":6376,"trade_id":"249100895","timestamp":1680228381786,"tick_direction":3,"price":0.0085,"mark_price":0.00853248,"iv":53.74,"instrument_name":"BTC-31MAR23-28000-C","index_price":28157.06,"direction":"sell","amount":6.3},{"trade_seq":6375,"trade_id":"249100894","timestamp":1680228381776,"tick_direction":2,"price":0.0085,"mark_price":0.00853248,"iv":53.74,"instrument_name":"BTC-31MAR23-28000-C","index_price":28157.06,"direction":"sell","amount":2.2},{"trade_seq":6374,"trade_id":"249099044","timestamp":1680227213304,"tick_direction":2,"price":0.009,"mark_price":0.00864993,"iv":59.73,"instrument_name":"BTC-31MAR23-28000-C","index_price":28143.89,"direction":"sell","amount":0.9},{"trade_seq":6373,"trade_id":"249098086","timestamp":1680226577349,"tick_direction":3,"price":0.01,"mark_price":0.01037509,"iv":53.48,"instrument_name":"BTC-31MAR23-28000-C","index_price":28206.22,"direction":"buy","amount":0.1},{"trade_seq":6372,"trade_id":"249098085","timestamp":1680226577321,"tick_direction":3,"price":0.01,"mark_price":0.01037509,"iv":53.48,"instrument_name":"BTC-31MAR23-28000-C","index_price":28206.22,"direction":"buy","amount":0.1},{"trade_seq":6371,"trade_id":"249098084","timestamp":1680226577319,"tick_direction":3,"price":0.01,"mark_price":0.01037509,"iv":53.48,"instrument_name":"BTC-31MAR23-28000-C","index_price":28206.22,"direction":"buy","amount":0.1},{"trade_seq":6370,"trade_id":"249098083","timestamp":1680226576637,"tick_direction":3,"price":0.01,"mark_price":0.01037509,"iv":53.65,"instrument_name":"BTC-31MAR23-28000-C","index_price":28205.53,"direction":"buy","amount":0.1},{"trade_seq":6369,"trade_id":"249098065","timestamp":1680226534979,"tick_direction":3,"price":0.01,"mark_price":0.0103872,"iv":53.41,"instrument_name":"BTC-31MAR23-28000-C","index_price":28205.56,"direction":"buy","amount":0.3},{"trade_seq":6368,"trade_id":"249098064","timestamp":1680226534790,"tick_direction":3,"price":0.01,"mark_price":0.0103872,"iv":53.68,"instrument_name":"BTC-31MAR23-28000-C","index_price":28205.56,"direction":"buy","amount":0.1},{"trade_seq":6367,"trade_id":"249098063","timestamp":1680226534181,"tick_direction":2,"price":0.01,"mark_price":0.01038725,"iv":53.63,"instrument_name":"BTC-31MAR23-28000-C","index_price":28204.5,"direction":"buy","amount":0.2},{"trade_seq":6366,"trade_id":"249097480","timestamp":1680226155885,"tick_direction":3,"price":0.011,"mark_price":0.01160089,"iv":50.88,"instrument_name":"BTC-31MAR23-28000-C","index_price":28252.37,"direction":"sell","amount":0.5},{"trade_seq":6365,"trade_id":"249097468","timestamp":1680226126251,"tick_direction":3,"price":0.011,"mark_price":0.01161187,"iv":50.9,"instrument_name":"BTC-31MAR23-28000-C","index_price":28252.18,"direction":"sell","amount":0.1},{"trade_seq":6364,"trade_id":"249097467","timestamp":1680226126238,"tick_direction":3,"price":0.011,"mark_price":0.01161187,"iv":50.9,"instrument_name":"BTC-31MAR23-28000-C","index_price":28252.18,"direction":"sell","amount":0.3},{"trade_seq":6363,"trade_id":"249097466","timestamp":1680226126229,"tick_direction":3,"price":0.011,"mark_price":0.01161187,"iv":50.9,"instrument_name":"BTC-31MAR23-28000-C","index_price":28252.18,"direction":"sell","amount":0.3},{"trade_seq":6362,"trade_id":"249097465","timestamp":1680226126217,"tick_direction":3,"price":0.011,"mark_price":0.01161187,"iv":50.9,"instrument_name":"BTC-31MAR23-28000-C","index_price":28252.18,"direction":"sell","amount":0.1},{"trade_seq":6361,"trade_id":"249097462","timestamp":1680226125826,"tick_direction":2,"price":0.011,"mark_price":0.01161187,"iv":50.87,"instrument_name":"BTC-31MAR23-28000-C","index_price":28254.34,"direction":"sell","amount":0.3},{"trade_seq":6360,"trade_id":"249096301","timestamp":1680225684451,"tick_direction":0,"price":0.012,"mark_price":0.01181422,"iv":56.3,"instrument_name":"BTC-31MAR23-28000-C","index_price":28269.62,"direction":"buy","amount":0.3},{"trade_seq":6359,"trade_id":"249096048","timestamp":1680225631152,"tick_direction":3,"price":0.0115,"mark_price":0.01221939,"iv":51.11,"instrument_name":"BTC-31MAR23-28000-C","index_price":28269.21,"direction":"sell","amount":0.8},{"trade_seq":6358,"trade_id":"249096045","timestamp":1680225628604,"tick_direction":2,"price":0.0115,"mark_price":0.01220584,"iv":51.4,"instrument_name":"BTC-31MAR23-28000-C","index_price":28267.6,"direction":"sell","amount":0.1},{"trade_seq":6357,"trade_id":"249094444","timestamp":1680225082085,"tick_direction":2,"price":0.014,"mark_price":0.0147805,"iv":49.61,"instrument_name":"BTC-31MAR23-28000-C","index_price":28351.01,"direction":"sell","amount":0.3},{"trade_seq":6356,"trade_id":"249094138","timestamp":1680225051032,"tick_direction":0,"price":0.0145,"mark_price":0.01482043,"iv":54.97,"instrument_name":"BTC-31MAR23-28000-C","index_price":28358.56,"direction":"buy","amount":0.3},{"trade_seq":6355,"trade_id":"249092957","timestamp":1680224773268,"tick_direction":1,"price":0.0135,"mark_price":0.01376522,"iv":56.07,"instrument_name":"BTC-31MAR23-28000-C","index_price":28312.43,"direction":"sell","amount":0.4},{"trade_seq":6354,"trade_id":"249092956","timestamp":1680224773218,"tick_direction":1,"price":0.0135,"mark_price":0.01376522,"iv":56.07,"instrument_name":"BTC-31MAR23-28000-C","index_price":28312.43,"direction":"sell","amount":0.1},{"trade_seq":6353,"trade_id":"249092955","timestamp":1680224773215,"tick_direction":1,"price":0.0135,"mark_price":0.01376522,"iv":56.07,"instrument_name":"BTC-31MAR23-28000-C","index_price":28312.43,"direction":"sell","amount":0.1},{"trade_seq":6352,"trade_id":"249092953","timestamp":1680224773209,"tick_direction":1,"price":0.0135,"mark_price":0.01376522,"iv":56.07,"instrument_name":"BTC-31MAR23-28000-C","index_price":28312.43,"direction":"sell","amount":1.0},{"trade_seq":6351,"trade_id":"249092952","timestamp":1680224773155,"tick_direction":0,"price":0.0135,"mark_price":0.01376522,"iv":56.07,"instrument_name":"BTC-31MAR23-28000-C","index_price":28312.43,"direction":"sell","amount":1.5},{"trade_seq":6350,"trade_id":"249092588","timestamp":1680224696693,"tick_direction":0,"price":0.0125,"mark_price":0.01245072,"iv":58.35,"instrument_name":"BTC-31MAR23-28000-C","index_price":28278.25,"direction":"sell","amount":0.3},{"trade_seq":6349,"trade_id":"249091888","timestamp":1680224506795,"tick_direction":3,"price":0.011,"mark_price":0.01169688,"iv":51.0,"instrument_name":"BTC-31MAR23-28000-C","index_price":28245.55,"direction":"sell","amount":0.5},{"trade_seq":6348,"trade_id":"249091837","timestamp":1680224492163,"tick_direction":3,"price":0.011,"mark_price":0.01143746,"iv":52.59,"instrument_name":"BTC-31MAR23-28000-C","index_price":28239.19,"direction":"sell","amount":0.1},{"trade_seq":6347,"trade_id":"249091836","timestamp":1680224491511,"tick_direction":2,"price":0.011,"mark_price":0.01151186,"iv":52.61,"instrument_name":"BTC-31MAR23-28000-C","index_price":28239.19,"direction":"sell","amount":0.7},{"trade_seq":6346,"trade_id":"249091719","timestamp":1680224406920,"tick_direction":1,"price":0.012,"mark_price":0.01246925,"iv":52.48,"instrument_name":"BTC-31MAR23-28000-C","index_price":28276.26,"direction":"sell","amount":0.1},{"trade_seq":6345,"trade_id":"249091718","timestamp":1680224406913,"tick_direction":0,"price":0.012,"mark_price":0.01246925,"iv":52.48,"instrument_name":"BTC-31MAR23-28000-C","index_price":28276.26,"direction":"sell","amount":0.1},{"trade_seq":6344,"trade_id":"249090030","timestamp":1680224017678,"tick_direction":1,"price":0.0115,"mark_price":0.01210562,"iv":55.94,"instrument_name":"BTC-31MAR23-28000-C","index_price":28260.13,"direction":"buy","amount":0.3},{"trade_seq":6343,"trade_id":"249090029","timestamp":1680224017450,"tick_direction":1,"price":0.0115,"mark_price":0.01146427,"iv":55.94,"instrument_name":"BTC-31MAR23-28000-C","index_price":28260.13,"direction":"buy","amount":0.4},{"trade_seq":6342,"trade_id":"249090025","timestamp":1680224017203,"tick_direction":1,"price":0.0115,"mark_price":0.01146427,"iv":55.94,"instrument_name":"BTC-31MAR23-28000-C","index_price":28260.13,"direction":"buy","amount":1.0},{"trade_seq":6341,"trade_id":"249090019","timestamp":1680224016569,"tick_direction":1,"price":0.0115,"mark_price":0.01143196,"iv":56.21,"instrument_name":"BTC-31MAR23-28000-C","index_price":28237.59,"direction":"buy","amount":0.3},{"trade_seq":6340,"trade_id":"249090018","timestamp":1680224016564,"tick_direction":1,"price":0.0115,"mark_price":0.01143196,"iv":56.21,"instrument_name":"BTC-31MAR23-28000-C","index_price":28237.59,"direction":"buy","amount":0.9},{"trade_seq":6339,"trade_id":"249090014","timestamp":1680224016502,"tick_direction":1,"price":0.0115,"mark_price":0.01143196,"iv":56.21,"instrument_name":"BTC-31MAR23-28000-C","index_price":28237.59,"direction":"buy","amount":1.2},{"trade_seq":6338,"trade_id":"249089962","timestamp":1680224015775,"tick_direction":1,"price":0.0115,"mark_price":0.01143196,"iv":57.03,"instrument_name":"BTC-31MAR23-28000-C","index_price":28235.61,"direction":"buy","amount":1.5},{"trade_seq":6337,"trade_id":"249089960","timestamp":1680224015701,"tick_direction":1,"price":0.0115,"mark_price":0.01143196,"iv":57.03,"instrument_name":"BTC-31MAR23-28000-C","index_price":28235.61,"direction":"buy","amount":0.8},{"trade_seq":6336,"trade_id":"249089959","timestamp":1680224015577,"tick_direction":1,"price":0.0115,"mark_price":0.01073311,"iv":57.03,"instrument_name":"BTC-31MAR23-28000-C","index_price":28235.61,"direction":"buy","amount":0.7},{"trade_seq":6335,"trade_id":"249089947","timestamp":1680224015512,"tick_direction":1,"price":0.0115,"mark_price":0.01073311,"iv":57.03,"instrument_name":"BTC-31MAR23-28000-C","index_price":28235.61,"direction":"buy","amount":0.1},{"trade_seq":6334,"trade_id":"249089946","timestamp":1680224015505,"tick_direction":1,"price":0.0115,"mark_price":0.01073311,"iv":57.03,"instrument_name":"BTC-31MAR23-28000-C","index_price":28235.61,"direction":"buy","amount":0.1},{"trade_seq":6333,"trade_id":"249089945","timestamp":1680224015499,"tick_direction":1,"price":0.0115,"mark_price":0.01073311,"iv":57.03,"instrument_name":"BTC-31MAR23-28000-C","index_price":28235.61,"direction":"buy","amount":0.8},{"trade_seq":6332,"trade_id":"249089944","timestamp":1680224015497,"tick_direction":1,"price":0.0115,"mark_price":0.01073311,"iv":57.03,"instrument_name":"BTC-31MAR23-28000-C","index_price":28235.61,"direction":"buy","amount":0.7},{"trade_seq":6331,"trade_id":"249089943","timestamp":1680224015495,"tick_direction":1,"price":0.0115,"mark_price":0.01073311,"iv":57.03,"instrument_name":"BTC-31MAR23-28000-C","index_price":28235.61,"direction":"buy","amount":0.1},{"trade_seq":6330,"trade_id":"249089942","timestamp":1680224015491,"tick_direction":1,"price":0.0115,"mark_price":0.01073311,"iv":57.03,"instrument_name":"BTC-31MAR23-28000-C","index_price":28235.61,"direction":"buy","amount":0.3},{"trade_seq":6329,"trade_id":"249089940","timestamp":1680224015462,"tick_direction":0,"price":0.0115,"mark_price":0.01073311,"iv":57.03,"instrument_name":"BTC-31MAR23-28000-C","index_price":28235.61,"direction":"buy","amount":4.2},{"trade_seq":6328,"trade_id":"249089646","timestamp":1680223949563,"tick_direction":1,"price":0.01,"mark_price":0.0104261,"iv":51.68,"instrument_name":"BTC-31MAR23-28000-C","index_price":28195.66,"direction":"buy","amount":0.2},{"trade_seq":6327,"trade_id":"249089645","timestamp":1680223949560,"tick_direction":1,"price":0.01,"mark_price":0.0104261,"iv":51.68,"instrument_name":"BTC-31MAR23-28000-C","index_price":28195.66,"direction":"sell","amount":0.1},{"trade_seq":6326,"trade_id":"249089566","timestamp":1680223910344,"tick_direction":1,"price":0.01,"mark_price":0.01049722,"iv":51.46,"instrument_name":"BTC-31MAR23-28000-C","index_price":28195.81,"direction":"sell","amount":0.3},{"trade_seq":6325,"trade_id":"249089539","timestamp":1680223901328,"tick_direction":1,"price":0.01,"mark_price":0.01038612,"iv":52.74,"instrument_name":"BTC-31MAR23-28000-C","index_price":28190.06,"direction":"buy","amount":0.3},{"trade_seq":6324,"trade_id":"249089287","timestamp":1680223854966,"tick_direction":0,"price":0.01,"mark_price":0.01037088,"iv":52.94,"instrument_name":"BTC-31MAR23-28000-C","index_price":28185.99,"direction":"buy","amount":0.4},{"trade_seq":6323,"trade_id":"249089184","timestamp":1680223846711,"tick_direction":0,"price":0.0095,"mark_price":0.01031942,"iv":48.37,"instrument_name":"BTC-31MAR23-28000-C","index_price":28186.23,"direction":"sell","amount":0.3},{"trade_seq":6322,"trade_id":"249089016","timestamp":1680223803800,"tick_direction":1,"price":0.009,"mark_price":0.00960563,"iv":50.98,"instrument_name":"BTC-31MAR23-28000-C","index_price":28157.2,"direction":"sell","amount":0.3},{"trade_seq":6321,"trade_id":"249088959","timestamp":1680223664042,"tick_direction":1,"price":0.009,"mark_price":0.00924701,"iv":55.17,"instrument_name":"BTC-31MAR23-28000-C","index_price":28133.28,"direction":"sell","amount":0.1},{"trade_seq":6320,"trade_id":"249088955","timestamp":1680223663936,"tick_direction":1,"price":0.009,"mark_price":0.00924701,"iv":54.37,"instrument_name":"BTC-31MAR23-28000-C","index_price":28137.23,"direction":"sell","amount":0.2},{"trade_seq":6319,"trade_id":"249088184","timestamp":1680222976106,"tick_direction":1,"price":0.009,"mark_price":0.00954792,"iv":51.45,"instrument_name":"BTC-31MAR23-28000-C","index_price":28154.48,"direction":"sell","amount":0.3},{"trade_seq":6318,"trade_id":"249088177","timestamp":1680222971545,"tick_direction":1,"price":0.009,"mark_price":0.00962215,"iv":50.89,"instrument_name":"BTC-31MAR23-28000-C","index_price":28154.74,"direction":"sell","amount":0.2},{"trade_seq":6317,"trade_id":"249088147","timestamp":1680222961888,"tick_direction":1,"price":0.009,"mark_price":0.00952497,"iv":52.35,"instrument_name":"BTC-31MAR23-28000-C","index_price":28147.92,"direction":"sell","amount":0.3},{"trade_seq":6316,"trade_id":"249088090","timestamp":1680222945361,"tick_direction":0,"price":0.009,"mark_price":0.00940982,"iv":52.74,"instrument_name":"BTC-31MAR23-28000-C","index_price":28144.89,"direction":"sell","amount":0.3},{"trade_seq":6315,"trade_id":"249087650","timestamp":1680222776832,"tick_direction":3,"price":0.008,"mark_price":0.0080961,"iv":55.15,"instrument_name":"BTC-31MAR23-28000-C","index_price":28082.9,"direction":"sell","amount":0.6},{"trade_seq":6314,"trade_id":"249087649","timestamp":1680222776756,"tick_direction":2,"price":0.008,"mark_price":0.0080961,"iv":55.15,"instrument_name":"BTC-31MAR23-28000-C","index_price":28082.9,"direction":"sell","amount":0.4},{"trade_seq":6313,"trade_id":"249087240","timestamp":1680222621850,"tick_direction":0,"price":0.009,"mark_price":0.00908838,"iv":53.75,"instrument_name":"BTC-31MAR23-28000-C","index_price":28134.42,"direction":"buy","amount":0.3},{"trade_seq":6312,"trade_id":"249086992","timestamp":1680222582032,"tick_direction":1,"price":0.0085,"mark_price":0.00878845,"iv":52.54,"instrument_name":"BTC-31MAR23-28000-C","index_price":28116.18,"direction":"buy","amount":0.6},{"trade_seq":6311,"trade_id":"249086574","timestamp":1680222550347,"tick_direction":1,"price":0.0085,"mark_price":0.00821366,"iv":54.08,"instrument_name":"BTC-31MAR23-28000-C","index_price":28111.4,"direction":"buy","amount":1.9},{"trade_seq":6310,"trade_id":"249086539","timestamp":1680222550064,"tick_direction":0,"price":0.0085,"mark_price":0.00821366,"iv":54.08,"instrument_name":"BTC-31MAR23-28000-C","index_price":28111.4,"direction":"buy","amount":1.1},{"trade_seq":6309,"trade_id":"249085892","timestamp":1680222428511,"tick_direction":3,"price":0.006,"mark_price":0.00661582,"iv":50.21,"instrument_name":"BTC-31MAR23-28000-C","index_price":28007.52,"direction":"buy","amount":0.1},{"trade_seq":6308,"trade_id":"249085888","timestamp":1680222427536,"tick_direction":3,"price":0.006,"mark_price":0.00659645,"iv":50.39,"instrument_name":"BTC-31MAR23-28000-C","index_price":28006.53,"direction":"buy","amount":0.1},{"trade_seq":6307,"trade_id":"249085883","timestamp":1680222426258,"tick_direction":3,"price":0.006,"mark_price":0.00656961,"iv":50.63,"instrument_name":"BTC-31MAR23-28000-C","index_price":28005.22,"direction":"buy","amount":0.3},{"trade_seq":6306,"trade_id":"249085882","timestamp":1680222426044,"tick_direction":3,"price":0.006,"mark_price":0.00646369,"iv":50.63,"instrument_name":"BTC-31MAR23-28000-C","index_price":28005.22,"direction":"buy","amount":0.1},{"trade_seq":6305,"trade_id":"249085158","timestamp":1680221945879,"tick_direction":3,"price":0.006,"mark_price":0.00605303,"iv":55.27,"instrument_name":"BTC-31MAR23-28000-C","index_price":27970.16,"direction":"sell","amount":3.6},{"trade_seq":6304,"trade_id":"249085156","timestamp":1680221945768,"tick_direction":3,"price":0.006,"mark_price":0.00605303,"iv":55.27,"instrument_name":"BTC-31MAR23-28000-C","index_price":27970.16,"direction":"sell","amount":0.3},{"trade_seq":6303,"trade_id":"249085155","timestamp":1680221945738,"tick_direction":3,"price":0.006,"mark_price":0.00605303,"iv":55.27,"instrument_name":"BTC-31MAR23-28000-C","index_price":27970.16,"direction":"sell","amount":0.1},{"trade_seq":6302,"trade_id":"249085154","timestamp":1680221945707,"tick_direction":3,"price":0.006,"mark_price":0.00605303,"iv":55.27,"instrument_name":"BTC-31MAR23-28000-C","index_price":27970.16,"direction":"sell","amount":0.1},{"trade_seq":6301,"trade_id":"249085152","timestamp":1680221945636,"tick_direction":3,"price":0.006,"mark_price":0.00605303,"iv":55.27,"instrument_name":"BTC-31MAR23-28000-C","index_price":27970.16,"direction":"sell","amount":0.1},{"trade_seq":6300,"trade_id":"249085138","timestamp":1680221944177,"tick_direction":3,"price":0.006,"mark_price":0.00607846,"iv":54.93,"instrument_name":"BTC-31MAR23-28000-C","index_price":27972.08,"direction":"sell","amount":0.1},{"trade_seq":6299,"trade_id":"249085136","timestamp":1680221943908,"tick_direction":3,"price":0.006,"mark_price":0.00607846,"iv":54.93,"instrument_name":"BTC-31MAR23-28000-C","index_price":27972.08,"direction":"sell","amount":0.1},{"trade_seq":6298,"trade_id":"249085128","timestamp":1680221942368,"tick_direction":3,"price":0.006,"mark_price":0.00607778,"iv":54.74,"instrument_name":"BTC-31MAR23-28000-C","index_price":27973.23,"direction":"sell","amount":0.1},{"trade_seq":6297,"trade_id":"249085126","timestamp":1680221942338,"tick_direction":3,"price":0.006,"mark_price":0.00607778,"iv":54.74,"instrument_name":"BTC-31MAR23-28000-C","index_price":27973.23,"direction":"sell","amount":0.4},{"trade_seq":6296,"trade_id":"249085056","timestamp":1680221907805,"tick_direction":2,"price":0.006,"mark_price":0.0060588,"iv":55.14,"instrument_name":"BTC-31MAR23-28000-C","index_price":27973.9,"direction":"sell","amount":1.1},{"trade_seq":6295,"trade_id":"249083834","timestamp":1680220974115,"tick_direction":3,"price":0.007,"mark_price":0.00745348,"iv":51.95,"instrument_name":"BTC-31MAR23-28000-C","index_price":28046.78,"direction":"buy","amount":0.2},{"trade_seq":6294,"trade_id":"249083393","timestamp":1680220458596,"tick_direction":2,"price":0.007,"mark_price":0.00726068,"iv":53.36,"instrument_name":"BTC-31MAR23-28000-C","index_price":28034.15,"direction":"buy","amount":0.1},{"trade_seq":6293,"trade_id":"249082986","timestamp":1680219770307,"tick_direction":0,"price":0.0075,"mark_price":0.00767727,"iv":54.68,"instrument_name":"BTC-31MAR23-28000-C","index_price":28049.56,"direction":"buy","amount":0.1},{"trade_seq":6292,"trade_id":"249082418","timestamp":1680219123161,"tick_direction":1,"price":0.007,"mark_price":0.00720458,"iv":55.13,"instrument_name":"BTC-31MAR23-28000-C","index_price":28014.96,"direction":"buy","amount":0.2},{"trade_seq":6291,"trade_id":"249082404","timestamp":1680219123037,"tick_direction":0,"price":0.007,"mark_price":0.00720057,"iv":55.13,"instrument_name":"BTC-31MAR23-28000-C","index_price":28014.96,"direction":"buy","amount":0.8},{"trade_seq":6290,"trade_id":"249081633","timestamp":1680218341926,"tick_direction":1,"price":0.0065,"mark_price":0.00687808,"iv":52.88,"instrument_name":"BTC-31MAR23-28000-C","index_price":27992.63,"direction":"buy","amount":0.1},{"trade_seq":6289,"trade_id":"249081510","timestamp":1680218290304,"tick_direction":1,"price":0.0065,"mark_price":0.00678803,"iv":53.98,"instrument_name":"BTC-31MAR23-28000-C","index_price":27992.49,"direction":"buy","amount":0.1},{"trade_seq":6288,"trade_id":"249081509","timestamp":1680218290298,"tick_direction":1,"price":0.0065,"mark_price":0.00678803,"iv":53.98,"instrument_name":"BTC-31MAR23-28000-C","index_price":27992.49,"direction":"buy","amount":0.1},{"trade_seq":6287,"trade_id":"249081508","timestamp":1680218290291,"tick_direction":1,"price":0.0065,"mark_price":0.00678803,"iv":53.98,"instrument_name":"BTC-31MAR23-28000-C","index_price":27992.49,"direction":"buy","amount":0.1},{"trade_seq":6286,"trade_id":"249081507","timestamp":1680218290232,"tick_direction":1,"price":0.0065,"mark_price":0.00678803,"iv":53.98,"instrument_name":"BTC-31MAR23-28000-C","index_price":27992.49,"direction":"buy","amount":0.2},{"trade_seq":6285,"trade_id":"249081505","timestamp":1680218290138,"tick_direction":1,"price":0.0065,"mark_price":0.00678803,"iv":54.46,"instrument_name":"BTC-31MAR23-28000-C","index_price":27988.95,"direction":"buy","amount":0.2},{"trade_seq":6284,"trade_id":"249081504","timestamp":1680218290128,"tick_direction":1,"price":0.0065,"mark_price":0.00678803,"iv":54.46,"instrument_name":"BTC-31MAR23-28000-C","index_price":27988.95,"direction":"buy","amount":0.2},{"trade_seq":6283,"trade_id":"249081491","timestamp":1680218290074,"tick_direction":1,"price":0.0065,"mark_price":0.00678803,"iv":54.46,"instrument_name":"BTC-31MAR23-28000-C","index_price":27988.95,"direction":"buy","amount":0.4},{"trade_seq":6282,"trade_id":"249081484","timestamp":1680218284681,"tick_direction":1,"price":0.0065,"mark_price":0.00675985,"iv":54.71,"instrument_name":"BTC-31MAR23-28000-C","index_price":27987.42,"direction":"buy","amount":0.2},{"trade_seq":6281,"trade_id":"249081479","timestamp":1680218284646,"tick_direction":1,"price":0.0065,"mark_price":0.00675985,"iv":54.71,"instrument_name":"BTC-31MAR23-28000-C","index_price":27987.42,"direction":"buy","amount":0.1},{"trade_seq":6280,"trade_id":"249081446","timestamp":1680218272823,"tick_direction":1,"price":0.0065,"mark_price":0.00671384,"iv":55.15,"instrument_name":"BTC-31MAR23-28000-C","index_price":27982.66,"direction":"buy","amount":0.3},{"trade_seq":6279,"trade_id":"249081445","timestamp":1680218268749,"tick_direction":1,"price":0.0065,"mark_price":0.00675597,"iv":54.84,"instrument_name":"BTC-31MAR23-28000-C","index_price":27984.89,"direction":"buy","amount":0.1},{"trade_seq":6278,"trade_id":"249081434","timestamp":1680218266065,"tick_direction":1,"price":0.0065,"mark_price":0.00675788,"iv":54.83,"instrument_name":"BTC-31MAR23-28000-C","index_price":27984.95,"direction":"buy","amount":0.2},{"trade_seq":6277,"trade_id":"249081415","timestamp":1680218261102,"tick_direction":1,"price":0.0065,"mark_price":0.00673396,"iv":55.03,"instrument_name":"BTC-31MAR23-28000-C","index_price":27983.59,"direction":"buy","amount":0.1},{"trade_seq":6276,"trade_id":"249081116","timestamp":1680218121636,"tick_direction":1,"price":0.0065,"mark_price":0.00638013,"iv":58.51,"instrument_name":"BTC-31MAR23-28000-C","index_price":27952.14,"direction":"buy","amount":0.9},{"trade_seq":6275,"trade_id":"249078315","timestamp":1680216950315,"tick_direction":1,"price":0.0065,"mark_price":0.00626271,"iv":59.69,"instrument_name":"BTC-31MAR23-28000-C","index_price":27950.29,"direction":"buy","amount":0.6},{"trade_seq":6274,"trade_id":"249078275","timestamp":1680216920246,"tick_direction":1,"price":0.0065,"mark_price":0.00618344,"iv":60.61,"instrument_name":"BTC-31MAR23-28000-C","index_price":27947.04,"direction":"buy","amount":0.6},{"trade_seq":6273,"trade_id":"249078274","timestamp":1680216920246,"tick_direction":0,"price":0.0065,"mark_price":0.00618344,"iv":60.61,"instrument_name":"BTC-31MAR23-28000-C","index_price":27947.04,"direction":"buy","amount":0.1},{"trade_seq":6272,"trade_id":"249077666","timestamp":1680216700963,"tick_direction":1,"price":0.006,"mark_price":0.00602398,"iv":57.43,"instrument_name":"BTC-31MAR23-28000-C","index_price":27930.1,"direction":"buy","amount":0.2},{"trade_seq":6271,"trade_id":"249077649","timestamp":1680216698206,"tick_direction":0,"price":0.006,"mark_price":0.0059517,"iv":57.99,"instrument_name":"BTC-31MAR23-28000-C","index_price":27925.84,"direction":"buy","amount":1.0},{"trade_seq":6270,"trade_id":"249077346","timestamp":1680216639419,"tick_direction":0,"price":0.0055,"mark_price":0.00537154,"iv":58.38,"instrument_name":"BTC-31MAR23-28000-C","index_price":27890.5,"direction":"buy","amount":1.2},{"trade_seq":6269,"trade_id":"249077327","timestamp":1680216633612,"tick_direction":3,"price":0.005,"mark_price":0.00528915,"iv":55.03,"instrument_name":"BTC-31MAR23-28000-C","index_price":27882.63,"direction":"buy","amount":1.2},{"trade_seq":6268,"trade_id":"249076923","timestamp":1680216588664,"tick_direction":3,"price":0.005,"mark_price":0.00505048,"iv":59.17,"instrument_name":"BTC-31MAR23-28000-C","index_price":27844.5,"direction":"sell","amount":0.3},{"trade_seq":6267,"trade_id":"249076899","timestamp":1680216587382,"tick_direction":3,"price":0.005,"mark_price":0.00504351,"iv":56.6,"instrument_name":"BTC-31MAR23-28000-C","index_price":27843.7,"direction":"sell","amount":0.1},{"trade_seq":6266,"trade_id":"249076897","timestamp":1680216587376,"tick_direction":3,"price":0.005,"mark_price":0.00504351,"iv":56.6,"instrument_name":"BTC-31MAR23-28000-C","index_price":27843.7,"direction":"sell","amount":0.1},{"trade_seq":6265,"trade_id":"249076896","timestamp":1680216587367,"tick_direction":2,"price":0.005,"mark_price":0.00504351,"iv":56.6,"instrument_name":"BTC-31MAR23-28000-C","index_price":27843.7,"direction":"sell","amount":0.5},{"trade_seq":6264,"trade_id":"249076796","timestamp":1680216582348,"tick_direction":2,"price":0.0055,"mark_price":0.00548761,"iv":58.72,"instrument_name":"BTC-31MAR23-28000-C","index_price":27880.37,"direction":"sell","amount":0.1},{"trade_seq":6263,"trade_id":"249076144","timestamp":1680216526029,"tick_direction":3,"price":0.0065,"mark_price":0.00696315,"iv":53.51,"instrument_name":"BTC-31MAR23-28000-C","index_price":27978.66,"direction":"sell","amount":0.1},{"trade_seq":6262,"trade_id":"249076143","timestamp":1680216526014,"tick_direction":3,"price":0.0065,"mark_price":0.00696315,"iv":53.51,"instrument_name":"BTC-31MAR23-28000-C","index_price":27978.66,"direction":"sell","amount":0.1},{"trade_seq":6261,"trade_id":"249076138","timestamp":1680216525992,"tick_direction":2,"price":0.0065,"mark_price":0.00696315,"iv":53.51,"instrument_name":"BTC-31MAR23-28000-C","index_price":27978.66,"direction":"sell","amount":0.4},{"trade_seq":6260,"trade_id":"249075232","timestamp":1680216381044,"tick_direction":3,"price":0.008,"mark_price":0.00815088,"iv":55.53,"instrument_name":"BTC-31MAR23-28000-C","index_price":28052.85,"direction":"buy","amount":0.1},{"trade_seq":6259,"trade_id":"249075216","timestamp":1680216365492,"tick_direction":2,"price":0.008,"mark_price":0.00807854,"iv":56.02,"instrument_name":"BTC-31MAR23-28000-C","index_price":28047.99,"direction":"buy","amount":0.2},{"trade_seq":6258,"trade_id":"249074457","timestamp":1680216034890,"tick_direction":3,"price":0.009,"mark_price":0.00857465,"iv":59.98,"instrument_name":"BTC-31MAR23-28000-C","index_price":28073.22,"direction":"buy","amount":8.7},{"trade_seq":6257,"trade_id":"249074456","timestamp":1680216034890,"tick_direction":3,"price":0.009,"mark_price":0.00857465,"iv":59.98,"instrument_name":"BTC-31MAR23-28000-C","index_price":28073.22,"direction":"buy","amount":0.1},{"trade_seq":6256,"trade_id":"249074455","timestamp":1680216034890,"tick_direction":2,"price":0.009,"mark_price":0.00857465,"iv":59.98,"instrument_name":"BTC-31MAR23-28000-C","index_price":28073.22,"direction":"buy","amount":1.2},{"trade_seq":6255,"trade_id":"249073132","timestamp":1680215606723,"tick_direction":0,"price":0.01,"mark_price":0.01005171,"iv":56.59,"instrument_name":"BTC-31MAR23-28000-C","index_price":28142.23,"direction":"buy","amount":1.1},{"trade_seq":6254,"trade_id":"249072346","timestamp":1680214835481,"tick_direction":1,"price":0.009,"mark_price":0.00969336,"iv":52.4,"instrument_name":"BTC-31MAR23-28000-C","index_price":28110.62,"direction":"buy","amount":3.5},{"trade_seq":6253,"trade_id":"249072345","timestamp":1680214835473,"tick_direction":0,"price":0.009,"mark_price":0.00969336,"iv":52.4,"instrument_name":"BTC-31MAR23-28000-C","index_price":28110.62,"direction":"sell","amount":0.5},{"trade_seq":6252,"trade_id":"249070801","timestamp":1680213597837,"tick_direction":2,"price":0.0085,"mark_price":0.00915415,"iv":52.69,"instrument_name":"BTC-31MAR23-28000-C","index_price":28075.12,"direction":"sell","amount":0.8},{"trade_seq":6251,"trade_id":"249070713","timestamp":1680213526845,"tick_direction":1,"price":0.0095,"mark_price":0.00977346,"iv":55.57,"instrument_name":"BTC-31MAR23-28000-C","index_price":28104.33,"direction":"buy","amount":0.1},{"trade_seq":6250,"trade_id":"249070710","timestamp":1680213507200,"tick_direction":0,"price":0.0095,"mark_price":0.00971566,"iv":55.99,"instrument_name":"BTC-31MAR23-28000-C","index_price":28102.48,"direction":"buy","amount":1.1},{"trade_seq":6249,"trade_id":"249070638","timestamp":1680213462430,"tick_direction":0,"price":0.009,"mark_price":0.00950081,"iv":53.78,"instrument_name":"BTC-31MAR23-28000-C","index_price":28094.47,"direction":"buy","amount":0.5},{"trade_seq":6248,"trade_id":"249069993","timestamp":1680212838084,"tick_direction":2,"price":0.0085,"mark_price":0.00957677,"iv":50.54,"instrument_name":"BTC-31MAR23-28000-C","index_price":28091.5,"direction":"sell","amount":7.5},{"trade_seq":6247,"trade_id":"249069742","timestamp":1680212760767,"tick_direction":3,"price":0.009,"mark_price":0.00927096,"iv":57.12,"instrument_name":"BTC-31MAR23-28000-C","index_price":28071.74,"direction":"buy","amount":0.2},{"trade_seq":6246,"trade_id":"249069682","timestamp":1680212737871,"tick_direction":2,"price":0.009,"mark_price":0.00890179,"iv":59.8,"instrument_name":"BTC-31MAR23-28000-C","index_price":28053.97,"direction":"buy","amount":1.0},{"trade_seq":6245,"trade_id":"249065808","timestamp":1680210046233,"tick_direction":0,"price":0.0125,"mark_price":0.01259562,"iv":62.67,"instrument_name":"BTC-31MAR23-28000-C","index_price":28179.76,"direction":"buy","amount":0.3},{"trade_seq":6244,"trade_id":"249065531","timestamp":1680209960975,"tick_direction":0,"price":0.012,"mark_price":0.01196774,"iv":63.32,"instrument_name":"BTC-31MAR23-28000-C","index_price":28159.23,"direction":"buy","amount":0.3},{"trade_seq":6243,"trade_id":"249065028","timestamp":1680209479651,"tick_direction":3,"price":0.011,"mark_price":0.01125792,"iv":61.36,"instrument_name":"BTC-31MAR23-28000-C","index_price":28133.54,"direction":"buy","amount":2.6},{"trade_seq":6242,"trade_id":"249065027","timestamp":1680209479650,"tick_direction":3,"price":0.011,"mark_price":0.01125792,"iv":61.36,"instrument_name":"BTC-31MAR23-28000-C","index_price":28133.54,"direction":"buy","amount":1.2},{"trade_seq":6241,"trade_id":"249065026","timestamp":1680209479647,"tick_direction":2,"price":0.011,"mark_price":0.01125792,"iv":61.36,"instrument_name":"BTC-31MAR23-28000-C","index_price":28133.54,"direction":"sell","amount":1.2},{"trade_seq":6240,"trade_id":"249064714","timestamp":1680209378807,"tick_direction":1,"price":0.0115,"mark_price":0.01118784,"iv":65.63,"instrument_name":"BTC-31MAR23-28000-C","index_price":28133.66,"direction":"sell","amount":0.1},{"trade_seq":6239,"trade_id":"249064688","timestamp":1680209378710,"tick_direction":1,"price":0.0115,"mark_price":0.01118784,"iv":65.63,"instrument_name":"BTC-31MAR23-28000-C","index_price":28133.66,"direction":"sell","amount":0.1},{"trade_seq":6238,"trade_id":"249064140","timestamp":1680209160042,"tick_direction":0,"price":0.0115,"mark_price":0.0109642,"iv":64.36,"instrument_name":"BTC-31MAR23-28000-C","index_price":28137.88,"direction":"buy","amount":0.3},{"trade_seq":6237,"trade_id":"249064083","timestamp":1680209151471,"tick_direction":2,"price":0.011,"mark_price":0.01066666,"iv":62.66,"instrument_name":"BTC-31MAR23-28000-C","index_price":28122.89,"direction":"buy","amount":0.3},{"trade_seq":6236,"trade_id":"249063271","timestamp":1680208787519,"tick_direction":1,"price":0.0115,"mark_price":0.01162164,"iv":59.3,"instrument_name":"BTC-31MAR23-28000-C","index_price":28159.2,"direction":"buy","amount":0.3},{"trade_seq":6235,"trade_id":"249063269","timestamp":1680208787065,"tick_direction":0,"price":0.0115,"mark_price":0.01162164,"iv":59.3,"instrument_name":"BTC-31MAR23-28000-C","index_price":28159.2,"direction":"buy","amount":0.3},{"trade_seq":6234,"trade_id":"249062306","timestamp":1680208685717,"tick_direction":1,"price":0.0105,"mark_price":0.01000545,"iv":63.53,"instrument_name":"BTC-31MAR23-28000-C","index_price":28081.47,"direction":"buy","amount":0.1},{"trade_seq":6233,"trade_id":"249062305","timestamp":1680208685699,"tick_direction":0,"price":0.0105,"mark_price":0.01000545,"iv":63.53,"instrument_name":"BTC-31MAR23-28000-C","index_price":28081.47,"direction":"buy","amount":0.6},{"trade_seq":6232,"trade_id":"249062079","timestamp":1680208623724,"tick_direction":0,"price":0.01,"mark_price":0.00970111,"iv":61.53,"instrument_name":"BTC-31MAR23-28000-C","index_price":28067.29,"direction":"buy","amount":0.4},{"trade_seq":6231,"trade_id":"249061874","timestamp":1680208589651,"tick_direction":0,"price":0.0095,"mark_price":0.00917884,"iv":60.61,"instrument_name":"BTC-31MAR23-28000-C","index_price":28045.91,"direction":"buy","amount":0.3},{"trade_seq":6230,"trade_id":"249061784","timestamp":1680208568733,"tick_direction":1,"price":0.009,"mark_price":0.00879601,"iv":60.44,"instrument_name":"BTC-31MAR23-28000-C","index_price":28023.35,"direction":"buy","amount":0.3},{"trade_seq":6229,"trade_id":"249061753","timestamp":1680208568546,"tick_direction":1,"price":0.009,"mark_price":0.00879601,"iv":60.44,"instrument_name":"BTC-31MAR23-28000-C","index_price":28023.35,"direction":"buy","amount":0.1},{"trade_seq":6228,"trade_id":"249061703","timestamp":1680208563394,"tick_direction":0,"price":0.009,"mark_price":0.00877869,"iv":60.48,"instrument_name":"BTC-31MAR23-28000-C","index_price":28023.27,"direction":"buy","amount":0.1},{"trade_seq":6227,"trade_id":"249061220","timestamp":1680208257232,"tick_direction":1,"price":0.0085,"mark_price":0.00834863,"iv":59.96,"instrument_name":"BTC-31MAR23-28000-C","index_price":27997.86,"direction":"buy","amount":0.1},{"trade_seq":6226,"trade_id":"249061219","timestamp":1680208257227,"tick_direction":1,"price":0.0085,"mark_price":0.00834863,"iv":59.96,"instrument_name":"BTC-31MAR23-28000-C","index_price":27997.86,"direction":"buy","amount":0.1},{"trade_seq":6225,"trade_id":"249061218","timestamp":1680208257223,"tick_direction":1,"price":0.0085,"mark_price":0.00834863,"iv":59.96,"instrument_name":"BTC-31MAR23-28000-C","index_price":27997.86,"direction":"buy","amount":0.1},{"trade_seq":6224,"trade_id":"249061217","timestamp":1680208257223,"tick_direction":0,"price":0.0085,"mark_price":0.00834863,"iv":59.96,"instrument_name":"BTC-31MAR23-28000-C","index_price":27997.86,"direction":"buy","amount":0.3},{"trade_seq":6223,"trade_id":"249058774","timestamp":1680207019258,"tick_direction":2,"price":0.007,"mark_price":0.00776366,"iv":54.59,"instrument_name":"BTC-31MAR23-28000-C","index_price":27936.29,"direction":"sell","amount":7.5},{"trade_seq":6222,"trade_id":"249058020","timestamp":1680206850681,"tick_direction":0,"price":0.0085,"mark_price":0.00854873,"iv":57.08,"instrument_name":"BTC-31MAR23-28000-C","index_price":28000.21,"direction":"buy","amount":0.3},{"trade_seq":6221,"trade_id":"249057732","timestamp":1680206608802,"tick_direction":3,"price":0.008,"mark_price":0.00798835,"iv":57.38,"instrument_name":"BTC-31MAR23-28000-C","index_price":27971.41,"direction":"sell","amount":0.6},{"trade_seq":6220,"trade_id":"249057196","timestamp":1680206472717,"tick_direction":2,"price":0.008,"mark_price":0.00806592,"iv":56.69,"instrument_name":"BTC-31MAR23-28000-C","index_price":27975.5,"direction":"buy","amount":4.0},{"trade_seq":6219,"trade_id":"249056084","timestamp":1680205867969,"tick_direction":1,"price":0.0085,"mark_price":0.00872529,"iv":55.18,"instrument_name":"BTC-31MAR23-28000-C","index_price":28022.72,"direction":"buy","amount":4.9},{"trade_seq":6218,"trade_id":"249056083","timestamp":1680205867931,"tick_direction":1,"price":0.0085,"mark_price":0.00872529,"iv":55.18,"instrument_name":"BTC-31MAR23-28000-C","index_price":28022.72,"direction":"buy","amount":0.2},{"trade_seq":6217,"trade_id":"249056081","timestamp":1680205865747,"tick_direction":1,"price":0.0085,"mark_price":0.00868347,"iv":55.41,"instrument_name":"BTC-31MAR23-28000-C","index_price":28020.08,"direction":"buy","amount":1.0},{"trade_seq":6216,"trade_id":"249056075","timestamp":1680205863177,"tick_direction":1,"price":0.0085,"mark_price":0.00862671,"iv":55.33,"instrument_name":"BTC-31MAR23-28000-C","index_price":28020.18,"direction":"buy","amount":0.4},{"trade_seq":6215,"trade_id":"249056074","timestamp":1680205863087,"tick_direction":1,"price":0.0085,"mark_price":0.00862671,"iv":55.33,"instrument_name":"BTC-31MAR23-28000-C","index_price":28020.18,"direction":"buy","amount":0.1},{"trade_seq":6214,"trade_id":"249056060","timestamp":1680205854305,"tick_direction":1,"price":0.0085,"mark_price":0.00865593,"iv":55.67,"instrument_name":"BTC-31MAR23-28000-C","index_price":28016.22,"direction":"buy","amount":0.3},{"trade_seq":6213,"trade_id":"249056055","timestamp":1680205852499,"tick_direction":1,"price":0.0085,"mark_price":0.00869456,"iv":55.65,"instrument_name":"BTC-31MAR23-28000-C","index_price":28016.31,"direction":"buy","amount":0.2},{"trade_seq":6212,"trade_id":"249056054","timestamp":1680205852493,"tick_direction":1,"price":0.0085,"mark_price":0.00869456,"iv":55.65,"instrument_name":"BTC-31MAR23-28000-C","index_price":28016.31,"direction":"buy","amount":0.2},{"trade_seq":6211,"trade_id":"249056041","timestamp":1680205848543,"tick_direction":1,"price":0.0085,"mark_price":0.00855341,"iv":55.79,"instrument_name":"BTC-31MAR23-28000-C","index_price":28014.11,"direction":"buy","amount":0.1},{"trade_seq":6210,"trade_id":"249055681","timestamp":1680205643024,"tick_direction":1,"price":0.0085,"mark_price":0.0084402,"iv":57.67,"instrument_name":"BTC-31MAR23-28000-C","index_price":28015.5,"direction":"buy","amount":4.2},{"trade_seq":6209,"trade_id":"249055610","timestamp":1680205618549,"tick_direction":0,"price":0.0085,"mark_price":0.00836484,"iv":58.25,"instrument_name":"BTC-31MAR23-28000-C","index_price":28011.2,"direction":"buy","amount":0.9},{"trade_seq":6208,"trade_id":"249054755","timestamp":1680204980416,"tick_direction":3,"price":0.0075,"mark_price":0.00765533,"iv":56.2,"instrument_name":"BTC-31MAR23-28000-C","index_price":27965.1,"direction":"buy","amount":1.0},{"trade_seq":6207,"trade_id":"249054700","timestamp":1680204965370,"tick_direction":2,"price":0.0075,"mark_price":0.00769703,"iv":55.96,"instrument_name":"BTC-31MAR23-28000-C","index_price":27968.94,"direction":"sell","amount":1.0},{"trade_seq":6206,"trade_id":"249053545","timestamp":1680204639569,"tick_direction":1,"price":0.0095,"mark_price":0.00924958,"iv":59.02,"instrument_name":"BTC-31MAR23-28000-C","index_price":28065.02,"direction":"buy","amount":1.0},{"trade_seq":6205,"trade_id":"249053541","timestamp":1680204639287,"tick_direction":1,"price":0.0095,"mark_price":0.00924958,"iv":59.02,"instrument_name":"BTC-31MAR23-28000-C","index_price":28065.02,"direction":"buy","amount":0.2},{"trade_seq":6204,"trade_id":"249053540","timestamp":1680204639287,"tick_direction":0,"price":0.0095,"mark_price":0.00924958,"iv":59.02,"instrument_name":"BTC-31MAR23-28000-C","index_price":28065.02,"direction":"buy","amount":0.5},{"trade_seq":6203,"trade_id":"249053326","timestamp":1680204591575,"tick_direction":1,"price":0.009,"mark_price":0.00904135,"iv":56.92,"instrument_name":"BTC-31MAR23-28000-C","index_price":28049.73,"direction":"buy","amount":0.2},{"trade_seq":6202,"trade_id":"249053309","timestamp":1680204584123,"tick_direction":1,"price":0.009,"mark_price":0.0089657,"iv":57.58,"instrument_name":"BTC-31MAR23-28000-C","index_price":28043.26,"direction":"buy","amount":1.0},{"trade_seq":6201,"trade_id":"249052723","timestamp":1680204447152,"tick_direction":1,"price":0.009,"mark_price":0.00913271,"iv":55.78,"instrument_name":"BTC-31MAR23-28000-C","index_price":28049.03,"direction":"buy","amount":0.3},{"trade_seq":6200,"trade_id":"249052596","timestamp":1680204432230,"tick_direction":0,"price":0.009,"mark_price":0.00896375,"iv":56.51,"instrument_name":"BTC-31MAR23-28000-C","index_price":28044.95,"direction":"buy","amount":0.9},{"trade_seq":6199,"trade_id":"249052499","timestamp":1680204422698,"tick_direction":1,"price":0.0085,"mark_price":0.00877903,"iv":55.33,"instrument_name":"BTC-31MAR23-28000-C","index_price":28027.55,"direction":"buy","amount":1.2},{"trade_seq":6198,"trade_id":"249052498","timestamp":1680204422698,"tick_direction":1,"price":0.0085,"mark_price":0.00877903,"iv":55.33,"instrument_name":"BTC-31MAR23-28000-C","index_price":28027.55,"direction":"buy","amount":0.7},{"trade_seq":6197,"trade_id":"249052469","timestamp":1680204416429,"tick_direction":1,"price":0.0085,"mark_price":0.00857473,"iv":55.77,"instrument_name":"BTC-31MAR23-28000-C","index_price":28024.13,"direction":"buy","amount":2.5},{"trade_seq":6196,"trade_id":"249052468","timestamp":1680204416213,"tick_direction":1,"price":0.0085,"mark_price":0.00857473,"iv":55.77,"instrument_name":"BTC-31MAR23-28000-C","index_price":28024.13,"direction":"buy","amount":2.5},{"trade_seq":6195,"trade_id":"249052467","timestamp":1680204415974,"tick_direction":1,"price":0.0085,"mark_price":0.00857045,"iv":55.95,"instrument_name":"BTC-31MAR23-28000-C","index_price":28022.59,"direction":"buy","amount":2.5},{"trade_seq":6194,"trade_id":"249052466","timestamp":1680204415755,"tick_direction":1,"price":0.0085,"mark_price":0.00857045,"iv":56.77,"instrument_name":"BTC-31MAR23-28000-C","index_price":28022.59,"direction":"buy","amount":2.5},{"trade_seq":6193,"trade_id":"249052465","timestamp":1680204415535,"tick_direction":1,"price":0.0085,"mark_price":0.00857045,"iv":56.77,"instrument_name":"BTC-31MAR23-28000-C","index_price":28022.59,"direction":"buy","amount":2.5},{"trade_seq":6192,"trade_id":"249052464","timestamp":1680204415310,"tick_direction":1,"price":0.0085,"mark_price":0.00857045,"iv":56.77,"instrument_name":"BTC-31MAR23-28000-C","index_price":28022.59,"direction":"buy","amount":2.5},{"trade_seq":6191,"trade_id":"249052463","timestamp":1680204415255,"tick_direction":1,"price":0.0085,"mark_price":0.00857045,"iv":56.77,"instrument_name":"BTC-31MAR23-28000-C","index_price":28022.59,"direction":"buy","amount":2.5},{"trade_seq":6190,"trade_id":"249052460","timestamp":1680204415240,"tick_direction":0,"price":0.0085,"mark_price":0.00857045,"iv":56.77,"instrument_name":"BTC-31MAR23-28000-C","index_price":28022.59,"direction":"buy","amount":0.8},{"trade_seq":6189,"trade_id":"249052266","timestamp":1680204379713,"tick_direction":1,"price":0.008,"mark_price":0.00825138,"iv":55.97,"instrument_name":"BTC-31MAR23-28000-C","index_price":27994.65,"direction":"buy","amount":1.2},{"trade_seq":6188,"trade_id":"249052254","timestamp":1680204376184,"tick_direction":1,"price":0.008,"mark_price":0.0081042,"iv":56.51,"instrument_name":"BTC-31MAR23-28000-C","index_price":27989.47,"direction":"buy","amount":7.5},{"trade_seq":6187,"trade_id":"249052240","timestamp":1680204374262,"tick_direction":0,"price":0.008,"mark_price":0.00810798,"iv":57.01,"instrument_name":"BTC-31MAR23-28000-C","index_price":27985.13,"direction":"buy","amount":1.1},{"trade_seq":6186,"trade_id":"249051844","timestamp":1680204140351,"tick_direction":0,"price":0.0075,"mark_price":0.00769491,"iv":56.63,"instrument_name":"BTC-31MAR23-28000-C","index_price":27958.5,"direction":"buy","amount":0.5},{"trade_seq":6185,"trade_id":"249049828","timestamp":1680203484322,"tick_direction":2,"price":0.007,"mark_price":0.00721883,"iv":56.5,"instrument_name":"BTC-31MAR23-28000-C","index_price":27915.94,"direction":"sell","amount":3.0},{"trade_seq":6184,"trade_id":"249048613","timestamp":1680203349752,"tick_direction":0,"price":0.008,"mark_price":0.00806048,"iv":57.8,"instrument_name":"BTC-31MAR23-28000-C","index_price":27960.77,"direction":"buy","amount":0.9},{"trade_seq":6183,"trade_id":"249048253","timestamp":1680203247335,"tick_direction":1,"price":0.0075,"mark_price":0.00744564,"iv":58.51,"instrument_name":"BTC-31MAR23-28000-C","index_price":27931.9,"direction":"buy","amount":4.5},{"trade_seq":6182,"trade_id":"249047961","timestamp":1680203092610,"tick_direction":1,"price":0.0075,"mark_price":0.0073807,"iv":59.13,"instrument_name":"BTC-31MAR23-28000-C","index_price":27925.29,"direction":"buy","amount":1.2},{"trade_seq":6181,"trade_id":"249047554","timestamp":1680202967695,"tick_direction":1,"price":0.0075,"mark_price":0.00755374,"iv":58.63,"instrument_name":"BTC-31MAR23-28000-C","index_price":27928.72,"direction":"buy","amount":1.1},{"trade_seq":6180,"trade_id":"249046724","timestamp":1680202675395,"tick_direction":1,"price":0.0075,"mark_price":0.0074932,"iv":59.94,"instrument_name":"BTC-31MAR23-28000-C","index_price":27914.27,"direction":"buy","amount":0.1},{"trade_seq":6179,"trade_id":"249046698","timestamp":1680202646937,"tick_direction":1,"price":0.0075,"mark_price":0.00747716,"iv":60.22,"instrument_name":"BTC-31MAR23-28000-C","index_price":27911.65,"direction":"buy","amount":0.3},{"trade_seq":6178,"trade_id":"249046664","timestamp":1680202638979,"tick_direction":1,"price":0.0075,"mark_price":0.00745231,"iv":60.4,"instrument_name":"BTC-31MAR23-28000-C","index_price":27909.89,"direction":"buy","amount":0.4},{"trade_seq":6177,"trade_id":"249046613","timestamp":1680202630867,"tick_direction":1,"price":0.0075,"mark_price":0.00743101,"iv":60.56,"instrument_name":"BTC-31MAR23-28000-C","index_price":27908.78,"direction":"buy","amount":0.3},{"trade_seq":6176,"trade_id":"249046565","timestamp":1680202622895,"tick_direction":0,"price":0.0075,"mark_price":0.00739244,"iv":60.83,"instrument_name":"BTC-31MAR23-28000-C","index_price":27906.37,"direction":"buy","amount":0.1},{"trade_seq":6175,"trade_id":"249045843","timestamp":1680202286394,"tick_direction":2,"price":0.007,"mark_price":0.00668223,"iv":61.74,"instrument_name":"BTC-31MAR23-28000-C","index_price":27863.64,"direction":"sell","amount":1.4},{"trade_seq":6174,"trade_id":"249044935","timestamp":1680201968841,"tick_direction":1,"price":0.0075,"mark_price":0.00687922,"iv":63.13,"instrument_name":"BTC-31MAR23-28000-C","index_price":27877.58,"direction":"buy","amount":7.9},{"trade_seq":6173,"trade_id":"249044934","timestamp":1680201968841,"tick_direction":0,"price":0.0075,"mark_price":0.00687922,"iv":63.13,"instrument_name":"BTC-31MAR23-28000-C","index_price":27877.58,"direction":"buy","amount":0.1},{"trade_seq":6172,"trade_id":"249044454","timestamp":1680201724680,"tick_direction":3,"price":0.007,"mark_price":0.00666001,"iv":60.67,"instrument_name":"BTC-31MAR23-28000-C","index_price":27872.79,"direction":"sell","amount":0.6},{"trade_seq":6171,"trade_id":"249044453","timestamp":1680201724678,"tick_direction":3,"price":0.007,"mark_price":0.00666001,"iv":60.67,"instrument_name":"BTC-31MAR23-28000-C","index_price":27872.79,"direction":"buy","amount":0.1},{"trade_seq":6170,"trade_id":"249044107","timestamp":1680201662500,"tick_direction":3,"price":0.007,"mark_price":0.00688027,"iv":59.56,"instrument_name":"BTC-31MAR23-28000-C","index_price":27880.47,"direction":"sell","amount":0.4},{"trade_seq":6169,"trade_id":"249044106","timestamp":1680201662499,"tick_direction":3,"price":0.007,"mark_price":0.00688027,"iv":59.56,"instrument_name":"BTC-31MAR23-28000-C","index_price":27880.47,"direction":"sell","amount":0.1},{"trade_seq":6168,"trade_id":"249044006","timestamp":1680201643768,"tick_direction":2,"price":0.007,"mark_price":0.00689587,"iv":59.0,"instrument_name":"BTC-31MAR23-28000-C","index_price":27883.04,"direction":"sell","amount":0.5},{"trade_seq":6167,"trade_id":"249043113","timestamp":1680201496333,"tick_direction":1,"price":0.0075,"mark_price":0.00772204,"iv":56.73,"instrument_name":"BTC-31MAR23-28000-C","index_price":27943.39,"direction":"buy","amount":0.6},{"trade_seq":6166,"trade_id":"249043112","timestamp":1680201496333,"tick_direction":1,"price":0.0075,"mark_price":0.00772204,"iv":56.73,"instrument_name":"BTC-31MAR23-28000-C","index_price":27943.39,"direction":"buy","amount":5.5},{"trade_seq":6165,"trade_id":"249043111","timestamp":1680201495376,"tick_direction":1,"price":0.0075,"mark_price":0.00754629,"iv":57.87,"instrument_name":"BTC-31MAR23-28000-C","index_price":27940.3,"direction":"buy","amount":13.0},{"trade_seq":6164,"trade_id":"249043087","timestamp":1680201494288,"tick_direction":1,"price":0.0075,"mark_price":0.00750376,"iv":57.97,"instrument_name":"BTC-31MAR23-28000-C","index_price":27929.5,"direction":"buy","amount":6.5},{"trade_seq":6163,"trade_id":"249043086","timestamp":1680201494288,"tick_direction":1,"price":0.0075,"mark_price":0.00750376,"iv":57.97,"instrument_name":"BTC-31MAR23-28000-C","index_price":27929.5,"direction":"buy","amount":6.5},{"trade_seq":6162,"trade_id":"249043085","timestamp":1680201494253,"tick_direction":1,"price":0.0075,"mark_price":0.00750376,"iv":57.97,"instrument_name":"BTC-31MAR23-28000-C","index_price":27929.5,"direction":"buy","amount":9.0},{"trade_seq":6161,"trade_id":"249042891","timestamp":1680201421807,"tick_direction":0,"price":0.0075,"mark_price":0.00742458,"iv":58.83,"instrument_name":"BTC-31MAR23-28000-C","index_price":27921.13,"direction":"buy","amount":1.0},{"trade_seq":6160,"trade_id":"249041457","timestamp":1680200672814,"tick_direction":1,"price":0.0065,"mark_price":0.00666618,"iv":58.09,"instrument_name":"BTC-31MAR23-28000-C","index_price":27859.09,"direction":"buy","amount":4.6},{"trade_seq":6159,"trade_id":"249041435","timestamp":1680200669046,"tick_direction":1,"price":0.0065,"mark_price":0.0066518,"iv":58.31,"instrument_name":"BTC-31MAR23-28000-C","index_price":27856.58,"direction":"buy","amount":14.0},{"trade_seq":6158,"trade_id":"249041343","timestamp":1680200576022,"tick_direction":1,"price":0.0065,"mark_price":0.0066709,"iv":59.4,"instrument_name":"BTC-31MAR23-28000-C","index_price":27841.48,"direction":"sell","amount":1.4},{"trade_seq":6157,"trade_id":"249040622","timestamp":1680200235173,"tick_direction":0,"price":0.0065,"mark_price":0.00676844,"iv":59.74,"instrument_name":"BTC-31MAR23-28000-C","index_price":27832.21,"direction":"buy","amount":0.6},{"trade_seq":6156,"trade_id":"249040046","timestamp":1680199983206,"tick_direction":1,"price":0.006,"mark_price":0.00608253,"iv":61.31,"instrument_name":"BTC-31MAR23-28000-C","index_price":27776.86,"direction":"buy","amount":0.2},{"trade_seq":6155,"trade_id":"249039966","timestamp":1680199960636,"tick_direction":1,"price":0.006,"mark_price":0.00612644,"iv":60.92,"instrument_name":"BTC-31MAR23-28000-C","index_price":27783.79,"direction":"buy","amount":0.1},{"trade_seq":6154,"trade_id":"249039965","timestamp":1680199960633,"tick_direction":1,"price":0.006,"mark_price":0.00612644,"iv":60.92,"instrument_name":"BTC-31MAR23-28000-C","index_price":27783.79,"direction":"buy","amount":0.1},{"trade_seq":6153,"trade_id":"249039964","timestamp":1680199960630,"tick_direction":1,"price":0.006,"mark_price":0.00612644,"iv":60.92,"instrument_name":"BTC-31MAR23-28000-C","index_price":27783.79,"direction":"buy","amount":0.6},{"trade_seq":6152,"trade_id":"249039961","timestamp":1680199960458,"tick_direction":0,"price":0.006,"mark_price":0.00612644,"iv":60.92,"instrument_name":"BTC-31MAR23-28000-C","index_price":27783.79,"direction":"buy","amount":1.3},{"trade_seq":6151,"trade_id":"249039345","timestamp":1680199848511,"tick_direction":3,"price":0.0055,"mark_price":0.00528306,"iv":63.44,"instrument_name":"BTC-31MAR23-28000-C","index_price":27714.46,"direction":"buy","amount":0.5},{"trade_seq":6150,"trade_id":"249039315","timestamp":1680199845537,"tick_direction":3,"price":0.0055,"mark_price":0.00520644,"iv":63.47,"instrument_name":"BTC-31MAR23-28000-C","index_price":27713.85,"direction":"buy","amount":0.7},{"trade_seq":6149,"trade_id":"249039314","timestamp":1680199845529,"tick_direction":2,"price":0.0055,"mark_price":0.00520644,"iv":63.47,"instrument_name":"BTC-31MAR23-28000-C","index_price":27713.85,"direction":"buy","amount":1.5},{"trade_seq":6148,"trade_id":"249039143","timestamp":1680199841944,"tick_direction":3,"price":0.006,"mark_price":0.00568041,"iv":65.0,"instrument_name":"BTC-31MAR23-28000-C","index_price":27733.68,"direction":"sell","amount":5.5},{"trade_seq":6147,"trade_id":"249039141","timestamp":1680199841907,"tick_direction":3,"price":0.006,"mark_price":0.00568041,"iv":65.0,"instrument_name":"BTC-31MAR23-28000-C","index_price":27733.68,"direction":"sell","amount":0.5},{"trade_seq":6146,"trade_id":"249039140","timestamp":1680199841893,"tick_direction":3,"price":0.006,"mark_price":0.00568041,"iv":65.0,"instrument_name":"BTC-31MAR23-28000-C","index_price":27733.68,"direction":"sell","amount":5.1},{"trade_seq":6145,"trade_id":"249039097","timestamp":1680199841692,"tick_direction":3,"price":0.006,"mark_price":0.00568041,"iv":64.11,"instrument_name":"BTC-31MAR23-28000-C","index_price":27744.25,"direction":"sell","amount":0.1},{"trade_seq":6144,"trade_id":"249039090","timestamp":1680199841662,"tick_direction":3,"price":0.006,"mark_price":0.00568041,"iv":64.11,"instrument_name":"BTC-31MAR23-28000-C","index_price":27744.25,"direction":"sell","amount":0.1},{"trade_seq":6143,"trade_id":"249039077","timestamp":1680199841630,"tick_direction":3,"price":0.006,"mark_price":0.00568041,"iv":64.11,"instrument_name":"BTC-31MAR23-28000-C","index_price":27744.25,"direction":"sell","amount":0.2},{"trade_seq":6142,"trade_id":"249039074","timestamp":1680199841619,"tick_direction":3,"price":0.006,"mark_price":0.00568041,"iv":64.11,"instrument_name":"BTC-31MAR23-28000-C","index_price":27744.25,"direction":"sell","amount":0.2},{"trade_seq":6141,"trade_id":"249039073","timestamp":1680199841611,"tick_direction":3,"price":0.006,"mark_price":0.00568041,"iv":64.11,"instrument_name":"BTC-31MAR23-28000-C","index_price":27744.25,"direction":"sell","amount":0.2},{"trade_seq":6140,"trade_id":"249039069","timestamp":1680199841591,"tick_direction":3,"price":0.006,"mark_price":0.00568041,"iv":64.11,"instrument_name":"BTC-31MAR23-28000-C","index_price":27744.25,"direction":"sell","amount":0.4},{"trade_seq":6139,"trade_id":"249039065","timestamp":1680199841552,"tick_direction":3,"price":0.006,"mark_price":0.00568041,"iv":64.11,"instrument_name":"BTC-31MAR23-28000-C","index_price":27744.25,"direction":"sell","amount":1.9},{"trade_seq":6138,"trade_id":"249039044","timestamp":1680199841284,"tick_direction":3,"price":0.006,"mark_price":0.00568041,"iv":64.11,"instrument_name":"BTC-31MAR23-28000-C","index_price":27744.25,"direction":"sell","amount":0.2},{"trade_seq":6137,"trade_id":"249039043","timestamp":1680199841279,"tick_direction":3,"price":0.006,"mark_price":0.00568041,"iv":64.11,"instrument_name":"BTC-31MAR23-28000-C","index_price":27744.25,"direction":"sell","amount":0.2},{"trade_seq":6136,"trade_id":"249039042","timestamp":1680199841265,"tick_direction":3,"price":0.006,"mark_price":0.00568041,"iv":64.11,"instrument_name":"BTC-31MAR23-28000-C","index_price":27744.25,"direction":"sell","amount":0.3},{"trade_seq":6135,"trade_id":"249039033","timestamp":1680199840801,"tick_direction":3,"price":0.006,"mark_price":0.00577696,"iv":64.11,"instrument_name":"BTC-31MAR23-28000-C","index_price":27744.25,"direction":"sell","amount":4.2},{"trade_seq":6134,"trade_id":"249039032","timestamp":1680199840791,"tick_direction":3,"price":0.006,"mark_price":0.00577696,"iv":64.05,"instrument_name":"BTC-31MAR23-28000-C","index_price":27744.25,"direction":"sell","amount":2.3},{"trade_seq":6133,"trade_id":"249039023","timestamp":1680199840603,"tick_direction":3,"price":0.006,"mark_price":0.00577696,"iv":63.39,"instrument_name":"BTC-31MAR23-28000-C","index_price":27751.72,"direction":"sell","amount":0.6},{"trade_seq":6132,"trade_id":"249039022","timestamp":1680199840598,"tick_direction":3,"price":0.006,"mark_price":0.00577696,"iv":63.39,"instrument_name":"BTC-31MAR23-28000-C","index_price":27751.72,"direction":"sell","amount":0.2},{"trade_seq":6131,"trade_id":"249039020","timestamp":1680199840579,"tick_direction":3,"price":0.006,"mark_price":0.00577696,"iv":63.39,"instrument_name":"BTC-31MAR23-28000-C","index_price":27751.72,"direction":"sell","amount":0.6},{"trade_seq":6130,"trade_id":"249039007","timestamp":1680199840414,"tick_direction":3,"price":0.006,"mark_price":0.00577696,"iv":63.39,"instrument_name":"BTC-31MAR23-28000-C","index_price":27751.72,"direction":"sell","amount":0.2},{"trade_seq":6129,"trade_id":"249038987","timestamp":1680199840213,"tick_direction":3,"price":0.006,"mark_price":0.00577696,"iv":63.39,"instrument_name":"BTC-31MAR23-28000-C","index_price":27751.72,"direction":"sell","amount":0.2},{"trade_seq":6128,"trade_id":"249038986","timestamp":1680199840038,"tick_direction":3,"price":0.006,"mark_price":0.00577696,"iv":63.39,"instrument_name":"BTC-31MAR23-28000-C","index_price":27751.72,"direction":"sell","amount":0.2},{"trade_seq":6127,"trade_id":"249038985","timestamp":1680199839811,"tick_direction":3,"price":0.006,"mark_price":0.00583939,"iv":63.39,"instrument_name":"BTC-31MAR23-28000-C","index_price":27751.72,"direction":"sell","amount":0.3},{"trade_seq":6126,"trade_id":"249038984","timestamp":1680199839791,"tick_direction":3,"price":0.006,"mark_price":0.00583939,"iv":63.39,"instrument_name":"BTC-31MAR23-28000-C","index_price":27751.72,"direction":"sell","amount":0.2},{"trade_seq":6125,"trade_id":"249038980","timestamp":1680199839642,"tick_direction":3,"price":0.006,"mark_price":0.00583939,"iv":63.17,"instrument_name":"BTC-31MAR23-28000-C","index_price":27754.21,"direction":"sell","amount":0.2},{"trade_seq":6124,"trade_id":"249038832","timestamp":1680199762129,"tick_direction":3,"price":0.006,"mark_price":0.00586346,"iv":62.24,"instrument_name":"BTC-31MAR23-28000-C","index_price":27764.25,"direction":"sell","amount":0.1},{"trade_seq":6123,"trade_id":"249038830","timestamp":1680199762100,"tick_direction":2,"price":0.006,"mark_price":0.00586346,"iv":62.24,"instrument_name":"BTC-31MAR23-28000-C","index_price":27764.25,"direction":"sell","amount":0.8},{"trade_seq":6122,"trade_id":"249038162","timestamp":1680199468693,"tick_direction":3,"price":0.0065,"mark_price":0.00682101,"iv":60.15,"instrument_name":"BTC-31MAR23-28000-C","index_price":27825.64,"direction":"sell","amount":1.6},{"trade_seq":6121,"trade_id":"249037701","timestamp":1680199396611,"tick_direction":3,"price":0.0065,"mark_price":0.00725316,"iv":57.53,"instrument_name":"BTC-31MAR23-28000-C","index_price":27821.99,"direction":"sell","amount":1.0},{"trade_seq":6120,"trade_id":"249037700","timestamp":1680199396611,"tick_direction":3,"price":0.0065,"mark_price":0.00725316,"iv":57.53,"instrument_name":"BTC-31MAR23-28000-C","index_price":27821.99,"direction":"sell","amount":0.4},{"trade_seq":6119,"trade_id":"249037699","timestamp":1680199396537,"tick_direction":3,"price":0.0065,"mark_price":0.00725316,"iv":57.53,"instrument_name":"BTC-31MAR23-28000-C","index_price":27821.99,"direction":"sell","amount":0.1},{"trade_seq":6118,"trade_id":"249037697","timestamp":1680199396508,"tick_direction":3,"price":0.0065,"mark_price":0.00725316,"iv":57.53,"instrument_name":"BTC-31MAR23-28000-C","index_price":27821.99,"direction":"sell","amount":0.6},{"trade_seq":6117,"trade_id":"249037660","timestamp":1680199396057,"tick_direction":2,"price":0.0065,"mark_price":0.00725316,"iv":57.39,"instrument_name":"BTC-31MAR23-28000-C","index_price":27857.17,"direction":"sell","amount":0.6},{"trade_seq":6116,"trade_id":"249037367","timestamp":1680199371331,"tick_direction":1,"price":0.007,"mark_price":0.00715089,"iv":61.43,"instrument_name":"BTC-31MAR23-28000-C","index_price":27852.17,"direction":"buy","amount":1.1},{"trade_seq":6115,"trade_id":"249036584","timestamp":1680199120072,"tick_direction":1,"price":0.007,"mark_price":0.00690478,"iv":63.14,"instrument_name":"BTC-31MAR23-28000-C","index_price":27827.82,"direction":"sell","amount":0.3},{"trade_seq":6114,"trade_id":"249036372","timestamp":1680199083752,"tick_direction":0,"price":0.007,"mark_price":0.00677705,"iv":63.8,"instrument_name":"BTC-31MAR23-28000-C","index_price":27824.15,"direction":"buy","amount":0.6},{"trade_seq":6113,"trade_id":"249035386","timestamp":1680198918921,"tick_direction":3,"price":0.0065,"mark_price":0.00644442,"iv":62.61,"instrument_name":"BTC-31MAR23-28000-C","index_price":27798.12,"direction":"sell","amount":0.5},{"trade_seq":6112,"trade_id":"249035385","timestamp":1680198918876,"tick_direction":2,"price":0.0065,"mark_price":0.00644442,"iv":62.61,"instrument_name":"BTC-31MAR23-28000-C","index_price":27798.12,"direction":"sell","amount":0.5},{"trade_seq":6111,"trade_id":"249034879","timestamp":1680198765868,"tick_direction":2,"price":0.007,"mark_price":0.00698069,"iv":62.33,"instrument_name":"BTC-31MAR23-28000-C","index_price":27837.48,"direction":"sell","amount":2.0},{"trade_seq":6110,"trade_id":"249033315","timestamp":1680198284721,"tick_direction":1,"price":0.0075,"mark_price":0.00758808,"iv":61.54,"instrument_name":"BTC-31MAR23-28000-C","index_price":27887.59,"direction":"buy","amount":1.3},{"trade_seq":6109,"trade_id":"249033300","timestamp":1680198280619,"tick_direction":1,"price":0.0075,"mark_price":0.0075716,"iv":61.15,"instrument_name":"BTC-31MAR23-28000-C","index_price":27891.45,"direction":"buy","amount":1.0},{"trade_seq":6108,"trade_id":"249033227","timestamp":1680198271983,"tick_direction":0,"price":0.0075,"mark_price":0.00751771,"iv":62.04,"instrument_name":"BTC-31MAR23-28000-C","index_price":27879.61,"direction":"buy","amount":0.2},{"trade_seq":6107,"trade_id":"249033077","timestamp":1680198249721,"tick_direction":1,"price":0.007,"mark_price":0.00700695,"iv":61.16,"instrument_name":"BTC-31MAR23-28000-C","index_price":27843.41,"direction":"sell","amount":0.2},{"trade_seq":6106,"trade_id":"249033076","timestamp":1680198249290,"tick_direction":0,"price":0.007,"mark_price":0.00715192,"iv":61.16,"instrument_name":"BTC-31MAR23-28000-C","index_price":27843.41,"direction":"sell","amount":0.3},{"trade_seq":6105,"trade_id":"249032468","timestamp":1680198149819,"tick_direction":3,"price":0.0065,"mark_price":0.006645,"iv":61.01,"instrument_name":"BTC-31MAR23-28000-C","index_price":27818.82,"direction":"sell","amount":1.0},{"trade_seq":6104,"trade_id":"249032065","timestamp":1680198064856,"tick_direction":3,"price":0.0065,"mark_price":0.00665873,"iv":60.68,"instrument_name":"BTC-31MAR23-28000-C","index_price":27826.48,"direction":"sell","amount":1.0},{"trade_seq":6103,"trade_id":"249031802","timestamp":1680198025843,"tick_direction":3,"price":0.0065,"mark_price":0.0065514,"iv":59.82,"instrument_name":"BTC-31MAR23-28000-C","index_price":27843.5,"direction":"sell","amount":1.0},{"trade_seq":6102,"trade_id":"249031748","timestamp":1680198022103,"tick_direction":2,"price":0.0065,"mark_price":0.00651854,"iv":61.35,"instrument_name":"BTC-31MAR23-28000-C","index_price":27828.65,"direction":"sell","amount":1.0},{"trade_seq":6101,"trade_id":"249031102","timestamp":1680197984044,"tick_direction":1,"price":0.008,"mark_price":0.00784423,"iv":62.41,"instrument_name":"BTC-31MAR23-28000-C","index_price":27920.35,"direction":"buy","amount":6.5},{"trade_seq":6100,"trade_id":"249031101","timestamp":1680197984041,"tick_direction":0,"price":0.008,"mark_price":0.00784423,"iv":62.41,"instrument_name":"BTC-31MAR23-28000-C","index_price":27920.35,"direction":"sell","amount":1.8},{"trade_seq":6099,"trade_id":"249030050","timestamp":1680197891639,"tick_direction":1,"price":0.0075,"mark_price":0.00664295,"iv":66.25,"instrument_name":"BTC-31MAR23-28000-C","index_price":27846.27,"direction":"sell","amount":0.9},{"trade_seq":6098,"trade_id":"249030049","timestamp":1680197891613,"tick_direction":1,"price":0.0075,"mark_price":0.00664295,"iv":66.25,"instrument_name":"BTC-31MAR23-28000-C","index_price":27846.27,"direction":"sell","amount":9.6},{"trade_seq":6097,"trade_id":"249030048","timestamp":1680197891611,"tick_direction":1,"price":0.0075,"mark_price":0.00664295,"iv":66.25,"instrument_name":"BTC-31MAR23-28000-C","index_price":27846.27,"direction":"sell","amount":9.6},{"trade_seq":6096,"trade_id":"249030047","timestamp":1680197891607,"tick_direction":1,"price":0.0075,"mark_price":0.00664295,"iv":66.25,"instrument_name":"BTC-31MAR23-28000-C","index_price":27846.27,"direction":"buy","amount":10.3},{"trade_seq":6095,"trade_id":"249030046","timestamp":1680197891607,"tick_direction":1,"price":0.0075,"mark_price":0.00664295,"iv":66.25,"instrument_name":"BTC-31MAR23-28000-C","index_price":27846.27,"direction":"buy","amount":0.6},{"trade_seq":6094,"trade_id":"249030045","timestamp":1680197891607,"tick_direction":0,"price":0.0075,"mark_price":0.00664295,"iv":66.25,"instrument_name":"BTC-31MAR23-28000-C","index_price":27846.27,"direction":"buy","amount":19.0},{"trade_seq":6093,"trade_id":"249029908","timestamp":1680197877631,"tick_direction":1,"price":0.0065,"mark_price":0.00637519,"iv":62.11,"instrument_name":"BTC-31MAR23-28000-C","index_price":27820.0,"direction":"buy","amount":0.7},{"trade_seq":6092,"trade_id":"249029907","timestamp":1680197877631,"tick_direction":1,"price":0.0065,"mark_price":0.00637519,"iv":62.11,"instrument_name":"BTC-31MAR23-28000-C","index_price":27820.0,"direction":"buy","amount":0.3},{"trade_seq":6091,"trade_id":"249029897","timestamp":1680197875434,"tick_direction":1,"price":0.0065,"mark_price":0.00621727,"iv":62.39,"instrument_name":"BTC-31MAR23-28000-C","index_price":27815.13,"direction":"buy","amount":0.5},{"trade_seq":6090,"trade_id":"249029886","timestamp":1680197874548,"tick_direction":0,"price":0.0065,"mark_price":0.00621433,"iv":63.26,"instrument_name":"BTC-31MAR23-28000-C","index_price":27807.99,"direction":"buy","amount":1.2},{"trade_seq":6089,"trade_id":"249029751","timestamp":1680197850767,"tick_direction":3,"price":0.006,"mark_price":0.00596663,"iv":61.37,"instrument_name":"BTC-31MAR23-28000-C","index_price":27771.87,"direction":"sell","amount":0.1},{"trade_seq":6088,"trade_id":"249029750","timestamp":1680197850753,"tick_direction":3,"price":0.006,"mark_price":0.00596663,"iv":61.37,"instrument_name":"BTC-31MAR23-28000-C","index_price":27771.87,"direction":"sell","amount":0.1},{"trade_seq":6087,"trade_id":"249029749","timestamp":1680197850733,"tick_direction":2,"price":0.006,"mark_price":0.00596663,"iv":61.37,"instrument_name":"BTC-31MAR23-28000-C","index_price":27771.87,"direction":"sell","amount":0.9},{"trade_seq":6086,"trade_id":"249028941","timestamp":1680197772599,"tick_direction":3,"price":0.0065,"mark_price":0.0064951,"iv":60.72,"instrument_name":"BTC-31MAR23-28000-C","index_price":27810.81,"direction":"buy","amount":1.4},{"trade_seq":6085,"trade_id":"249028933","timestamp":1680197772367,"tick_direction":2,"price":0.0065,"mark_price":0.0064951,"iv":60.72,"instrument_name":"BTC-31MAR23-28000-C","index_price":27810.81,"direction":"sell","amount":1.6},{"trade_seq":6084,"trade_id":"249028454","timestamp":1680197689536,"tick_direction":3,"price":0.007,"mark_price":0.00701366,"iv":60.51,"instrument_name":"BTC-31MAR23-28000-C","index_price":27855.21,"direction":"buy","amount":0.6},{"trade_seq":6083,"trade_id":"249028453","timestamp":1680197689536,"tick_direction":3,"price":0.007,"mark_price":0.00701366,"iv":60.51,"instrument_name":"BTC-31MAR23-28000-C","index_price":27855.21,"direction":"buy","amount":0.4},{"trade_seq":6082,"trade_id":"249028427","timestamp":1680197684765,"tick_direction":3,"price":0.007,"mark_price":0.00706569,"iv":60.35,"instrument_name":"BTC-31MAR23-28000-C","index_price":27857.15,"direction":"buy","amount":4.2},{"trade_seq":6081,"trade_id":"249028419","timestamp":1680197683462,"tick_direction":3,"price":0.007,"mark_price":0.00704454,"iv":60.24,"instrument_name":"BTC-31MAR23-28000-C","index_price":27855.16,"direction":"buy","amount":1.0},{"trade_seq":6080,"trade_id":"249028405","timestamp":1680197682717,"tick_direction":3,"price":0.007,"mark_price":0.00706218,"iv":60.2,"instrument_name":"BTC-31MAR23-28000-C","index_price":27855.96,"direction":"buy","amount":4.2},{"trade_seq":6079,"trade_id":"249028395","timestamp":1680197681547,"tick_direction":3,"price":0.007,"mark_price":0.00704118,"iv":60.42,"instrument_name":"BTC-31MAR23-28000-C","index_price":27853.99,"direction":"buy","amount":4.2},{"trade_seq":6078,"trade_id":"249028391","timestamp":1680197678468,"tick_direction":3,"price":0.007,"mark_price":0.00712242,"iv":60.2,"instrument_name":"BTC-31MAR23-28000-C","index_price":27854.28,"direction":"buy","amount":1.2},{"trade_seq":6077,"trade_id":"249028359","timestamp":1680197671463,"tick_direction":3,"price":0.007,"mark_price":0.00707972,"iv":60.14,"instrument_name":"BTC-31MAR23-28000-C","index_price":27854.14,"direction":"buy","amount":1.0},{"trade_seq":6076,"trade_id":"249028340","timestamp":1680197666395,"tick_direction":3,"price":0.007,"mark_price":0.00706818,"iv":59.79,"instrument_name":"BTC-31MAR23-28000-C","index_price":27856.47,"direction":"buy","amount":1.0},{"trade_seq":6075,"trade_id":"249028337","timestamp":1680197665786,"tick_direction":3,"price":0.007,"mark_price":0.00705129,"iv":60.26,"instrument_name":"BTC-31MAR23-28000-C","index_price":27851.14,"direction":"sell","amount":1.8},{"trade_seq":6074,"trade_id":"249027283","timestamp":1680197567909,"tick_direction":3,"price":0.007,"mark_price":0.00650207,"iv":63.46,"instrument_name":"BTC-31MAR23-28000-C","index_price":27818.89,"direction":"buy","amount":0.1},{"trade_seq":6073,"trade_id":"249027215","timestamp":1680197561764,"tick_direction":3,"price":0.007,"mark_price":0.00679293,"iv":61.57,"instrument_name":"BTC-31MAR23-28000-C","index_price":27835.34,"direction":"sell","amount":0.1},{"trade_seq":6072,"trade_id":"249027214","timestamp":1680197561763,"tick_direction":3,"price":0.007,"mark_price":0.00679293,"iv":61.57,"instrument_name":"BTC-31MAR23-28000-C","index_price":27835.34,"direction":"sell","amount":0.1},{"trade_seq":6071,"trade_id":"249027213","timestamp":1680197561758,"tick_direction":3,"price":0.007,"mark_price":0.00679293,"iv":61.57,"instrument_name":"BTC-31MAR23-28000-C","index_price":27835.34,"direction":"sell","amount":0.1},{"trade_seq":6070,"trade_id":"249027212","timestamp":1680197561750,"tick_direction":3,"price":0.007,"mark_price":0.00679293,"iv":61.57,"instrument_name":"BTC-31MAR23-28000-C","index_price":27835.34,"direction":"sell","amount":0.1},{"trade_seq":6069,"trade_id":"249027210","timestamp":1680197561739,"tick_direction":3,"price":0.007,"mark_price":0.00679293,"iv":61.57,"instrument_name":"BTC-31MAR23-28000-C","index_price":27835.34,"direction":"sell","amount":0.6},{"trade_seq":6068,"trade_id":"249027209","timestamp":1680197561728,"tick_direction":3,"price":0.007,"mark_price":0.00679293,"iv":61.57,"instrument_name":"BTC-31MAR23-28000-C","index_price":27835.34,"direction":"sell","amount":0.1},{"trade_seq":6067,"trade_id":"249027208","timestamp":1680197561722,"tick_direction":3,"price":0.007,"mark_price":0.00679293,"iv":61.57,"instrument_name":"BTC-31MAR23-28000-C","index_price":27835.34,"direction":"sell","amount":0.5},{"trade_seq":6066,"trade_id":"249027207","timestamp":1680197561708,"tick_direction":3,"price":0.007,"mark_price":0.00700391,"iv":61.57,"instrument_name":"BTC-31MAR23-28000-C","index_price":27835.34,"direction":"sell","amount":0.3},{"trade_seq":6065,"trade_id":"249027192","timestamp":1680197561668,"tick_direction":3,"price":0.007,"mark_price":0.00700391,"iv":61.57,"instrument_name":"BTC-31MAR23-28000-C","index_price":27835.34,"direction":"sell","amount":0.1},{"trade_seq":6064,"trade_id":"249027191","timestamp":1680197561437,"tick_direction":3,"price":0.007,"mark_price":0.00700391,"iv":61.57,"instrument_name":"BTC-31MAR23-28000-C","index_price":27835.34,"direction":"sell","amount":0.3},{"trade_seq":6063,"trade_id":"249027189","timestamp":1680197561421,"tick_direction":3,"price":0.007,"mark_price":0.00700391,"iv":61.57,"instrument_name":"BTC-31MAR23-28000-C","index_price":27835.34,"direction":"sell","amount":1.3},{"trade_seq":6062,"trade_id":"249027188","timestamp":1680197561420,"tick_direction":3,"price":0.007,"mark_price":0.00700391,"iv":61.57,"instrument_name":"BTC-31MAR23-28000-C","index_price":27835.34,"direction":"sell","amount":0.3},{"trade_seq":6061,"trade_id":"249027187","timestamp":1680197561384,"tick_direction":3,"price":0.007,"mark_price":0.00700391,"iv":61.57,"instrument_name":"BTC-31MAR23-28000-C","index_price":27835.34,"direction":"sell","amount":0.4},{"trade_seq":6060,"trade_id":"249027181","timestamp":1680197560846,"tick_direction":3,"price":0.007,"mark_price":0.00700391,"iv":61.57,"instrument_name":"BTC-31MAR23-28000-C","index_price":27839.69,"direction":"sell","amount":0.4},{"trade_seq":6059,"trade_id":"249027180","timestamp":1680197560792,"tick_direction":2,"price":0.007,"mark_price":0.00700391,"iv":60.22,"instrument_name":"BTC-31MAR23-28000-C","index_price":27839.69,"direction":"sell","amount":0.4},{"trade_seq":6058,"trade_id":"249026921","timestamp":1680197533294,"tick_direction":3,"price":0.0075,"mark_price":0.00753124,"iv":59.42,"instrument_name":"BTC-31MAR23-28000-C","index_price":27897.31,"direction":"buy","amount":3.1},{"trade_seq":6057,"trade_id":"249026920","timestamp":1680197533294,"tick_direction":3,"price":0.0075,"mark_price":0.00753124,"iv":59.42,"instrument_name":"BTC-31MAR23-28000-C","index_price":27897.31,"direction":"buy","amount":11.6},{"trade_seq":6056,"trade_id":"249026893","timestamp":1680197530281,"tick_direction":3,"price":0.0075,"mark_price":0.00745245,"iv":59.39,"instrument_name":"BTC-31MAR23-28000-C","index_price":27894.1,"direction":"buy","amount":1.3},{"trade_seq":6055,"trade_id":"249026860","timestamp":1680197527422,"tick_direction":3,"price":0.0075,"mark_price":0.00721645,"iv":60.38,"instrument_name":"BTC-31MAR23-28000-C","index_price":27883.66,"direction":"buy","amount":5.1},{"trade_seq":6054,"trade_id":"249026849","timestamp":1680197526530,"tick_direction":2,"price":0.0075,"mark_price":0.00731958,"iv":62.01,"instrument_name":"BTC-31MAR23-28000-C","index_price":27873.2,"direction":"buy","amount":1.0},{"trade_seq":6053,"trade_id":"249023893","timestamp":1680197454989,"tick_direction":3,"price":0.009,"mark_price":0.00952451,"iv":56.9,"instrument_name":"BTC-31MAR23-28000-C","index_price":27992.51,"direction":"sell","amount":0.1},{"trade_seq":6052,"trade_id":"249023892","timestamp":1680197454973,"tick_direction":3,"price":0.009,"mark_price":0.00952451,"iv":56.9,"instrument_name":"BTC-31MAR23-28000-C","index_price":27992.51,"direction":"sell","amount":0.1},{"trade_seq":6051,"trade_id":"249023888","timestamp":1680197454945,"tick_direction":3,"price":0.009,"mark_price":0.00952451,"iv":56.9,"instrument_name":"BTC-31MAR23-28000-C","index_price":27992.51,"direction":"sell","amount":0.7},{"trade_seq":6050,"trade_id":"249023762","timestamp":1680197454395,"tick_direction":2,"price":0.009,"mark_price":0.00954837,"iv":56.9,"instrument_name":"BTC-31MAR23-28000-C","index_price":27992.51,"direction":"sell","amount":0.1},{"trade_seq":6049,"trade_id":"249023460","timestamp":1680197453059,"tick_direction":0,"price":0.01,"mark_price":0.01003299,"iv":60.12,"instrument_name":"BTC-31MAR23-28000-C","index_price":28054.05,"direction":"sell","amount":1.8},{"trade_seq":6048,"trade_id":"249023398","timestamp":1680197452956,"tick_direction":3,"price":0.0095,"mark_price":0.01003299,"iv":57.04,"instrument_name":"BTC-31MAR23-28000-C","index_price":28054.05,"direction":"sell","amount":0.2},{"trade_seq":6047,"trade_id":"249023397","timestamp":1680197452956,"tick_direction":2,"price":0.0095,"mark_price":0.01003299,"iv":57.04,"instrument_name":"BTC-31MAR23-28000-C","index_price":28054.05,"direction":"sell","amount":0.7},{"trade_seq":6046,"trade_id":"249023346","timestamp":1680197452835,"tick_direction":3,"price":0.01,"mark_price":0.01003299,"iv":60.12,"instrument_name":"BTC-31MAR23-28000-C","index_price":28054.05,"direction":"sell","amount":1.9},{"trade_seq":6045,"trade_id":"249023345","timestamp":1680197452835,"tick_direction":3,"price":0.01,"mark_price":0.01003299,"iv":60.12,"instrument_name":"BTC-31MAR23-28000-C","index_price":28054.05,"direction":"sell","amount":12.5},{"trade_seq":6044,"trade_id":"249023337","timestamp":1680197452827,"tick_direction":2,"price":0.01,"mark_price":0.01003299,"iv":60.12,"instrument_name":"BTC-31MAR23-28000-C","index_price":28054.05,"direction":"sell","amount":7.5},{"trade_seq":6043,"trade_id":"249022533","timestamp":1680197310363,"tick_direction":2,"price":0.011,"mark_price":0.01106081,"iv":59.35,"instrument_name":"BTC-31MAR23-28000-C","index_price":28116.29,"direction":"buy","amount":0.1},{"trade_seq":6042,"trade_id":"249021225","timestamp":1680196867293,"tick_direction":3,"price":0.013,"mark_price":0.01292096,"iv":60.7,"instrument_name":"BTC-31MAR23-28000-C","index_price":28208.11,"direction":"buy","amount":0.6},{"trade_seq":6041,"trade_id":"249020614","timestamp":1680196702425,"tick_direction":2,"price":0.013,"mark_price":0.01315681,"iv":59.6,"instrument_name":"BTC-31MAR23-28000-C","index_price":28206.56,"direction":"sell","amount":1.0},{"trade_seq":6040,"trade_id":"249016963","timestamp":1680194804290,"tick_direction":3,"price":0.014,"mark_price":0.01450897,"iv":59.35,"instrument_name":"BTC-31MAR23-28000-C","index_price":28247.42,"direction":"sell","amount":0.4},{"trade_seq":6039,"trade_id":"249016962","timestamp":1680194804290,"tick_direction":3,"price":0.014,"mark_price":0.01450897,"iv":59.35,"instrument_name":"BTC-31MAR23-28000-C","index_price":28247.42,"direction":"sell","amount":9.5},{"trade_seq":6038,"trade_id":"249016961","timestamp":1680194804290,"tick_direction":2,"price":0.014,"mark_price":0.01450897,"iv":59.35,"instrument_name":"BTC-31MAR23-28000-C","index_price":28247.42,"direction":"sell","amount":0.1},{"trade_seq":6037,"trade_id":"249016195","timestamp":1680194366964,"tick_direction":1,"price":0.0155,"mark_price":0.01527205,"iv":63.82,"instrument_name":"BTC-31MAR23-28000-C","index_price":28288.71,"direction":"buy","amount":0.1},{"trade_seq":6036,"trade_id":"249016188","timestamp":1680194363977,"tick_direction":0,"price":0.0155,"mark_price":0.01517593,"iv":64.64,"instrument_name":"BTC-31MAR23-28000-C","index_price":28283.35,"direction":"buy","amount":0.1},{"trade_seq":6035,"trade_id":"249015711","timestamp":1680194191259,"tick_direction":3,"price":0.0145,"mark_price":0.01445497,"iv":62.08,"instrument_name":"BTC-31MAR23-28000-C","index_price":28259.59,"direction":"buy","amount":6.2},{"trade_seq":6034,"trade_id":"249015683","timestamp":1680194182210,"tick_direction":3,"price":0.0145,"mark_price":0.01449252,"iv":62.12,"instrument_name":"BTC-31MAR23-28000-C","index_price":28259.47,"direction":"buy","amount":0.1},{"trade_seq":6033,"trade_id":"249015682","timestamp":1680194182204,"tick_direction":3,"price":0.0145,"mark_price":0.01449252,"iv":62.12,"instrument_name":"BTC-31MAR23-28000-C","index_price":28259.47,"direction":"buy","amount":0.7},{"trade_seq":6032,"trade_id":"249015679","timestamp":1680194182087,"tick_direction":3,"price":0.0145,"mark_price":0.01449252,"iv":62.25,"instrument_name":"BTC-31MAR23-28000-C","index_price":28259.92,"direction":"buy","amount":2.3}