{"trades": [{"trade_seq": 3249, "trade_id": "238262791", "timestamp": 1671979313245, "tick_direction": 1, "price": 0.0005, "mark_price": 0.0, "iv": 282.56, "instrument_name": "BTC-30DEC22-40000-C", "index_price": 16747.6, "direction": "buy", "amount": 0.1}, {"trade_seq": 3248, "trade_id": "237665251", "timestamp": 1670949284430, "tick_direction": 1, "price": 0.0005, "mark_price": 1.371e-05, "iv": 141.19, "instrument_name": "BTC-30DEC22-40000-C", "index_price": 17818.1, "direction": "buy", "amount": 1.5}, {"trade_seq": 3247, "trade_id": "237549639", "timestamp": 1670773451142, "tick_direction": 1, "price": 0.0005, "mark_price": 1.705e-05, "iv": 138.85, "instrument_name": "BTC-30DEC22-40000-C", "index_price": 17147.6, "direction": "buy", "amount": 0.1}, {"trade_seq": 3246, "trade_id": "237548916", "timestamp": 1670767807320, "tick_direction": 1, "price": 0.0005, "mark_price": 1.749e-05, "iv": 138.61, "instrument_name": "BTC-30DEC22-40000-C", "index_price": 17149.36, "direction": "buy", "amount": 1.1}, {"trade_seq": 3245, "trade_id": "237548915", "timestamp": 1670767807320, "tick_direction": 0, "price": 0.0005, "mark_price": 1.749e-05, "iv": 138.61, "instrument_name": "BTC-30DEC22-40000-C", "index_price": 17149.36, "direction": "buy", "amount": 0.4}, {"trade_seq": 3244, "trade_id": "237034864", "timestamp": 1669851012725, "tick_direction": 3, "price": 0.0002, "mark_price": 0.0002467, "iv": 101.22, "instrument_name": "BTC-30DEC22-40000-C", "index_price": 17182.79, "direction": "buy", "combo_id": "BTC-CS-30DEC22-38000_40000", "block_trade_id": "57859", "amount": 32.5}, {"trade_seq": 3243, "trade_id": "237034437", "timestamp": 1669850719533, "tick_direction": 2, "price": 0.0002, "mark_price": 0.00024318, "iv": 101.36, "instrument_name": "BTC-30DEC22-40000-C", "index_price": 17163.36, "direction": "sell", "combo_id": "BTC-CS-30DEC22-40000_55000", "block_trade_id": "57858", "amount": 12.5}, {"trade_seq": 3242, "trade_id": "236721987", "timestamp": 1669363830086, "tick_direction": 0, "price": 0.001, "mark_price": 0.00037974, "iv": 114.11, "instrument_name": "BTC-30DEC22-40000-C", "index_price": 16450.59, "direction": "buy", "amount": 2.1}, {"trade_seq": 3241, "trade_id": "236721885", "timestamp": 1669363758372, "tick_direction": 3, "price": 0.0005, "mark_price": 0.00037936, "iv": 106.01, "instrument_name": "BTC-30DEC22-40000-C", "index_price": 16451.62, "direction": "buy", "amount": 0.1}, {"trade_seq": 3240, "trade_id": "236614930", "timestamp": 1669195018027, "tick_direction": 3, "price": 0.0005, "mark_price": 0.00060931, "iv": 102.82, "instrument_name": "BTC-30DEC22-40000-C", "index_price": 16547.32, "direction": "buy", "amount": 0.1}, {"trade_seq": 3239, "trade_id": "236444423", "timestamp": 1669021728705, "tick_direction": 3, "price": 0.0005, "mark_price": 0.00034655, "iv": 103.99, "instrument_name": "BTC-30DEC22-40000-C", "index_price": 15955.35, "direction": "buy", "amount": 5.0}, {"trade_seq": 3238, "trade_id": "236444209", "timestamp": 1669021649753, "tick_direction": 2, "price": 0.0005, "mark_price": 0.00034305, "iv": 103.84, "instrument_name": "BTC-30DEC22-40000-C", "index_price": 15978.68, "direction": "buy", "amount": 5.0}, {"trade_seq": 3237, "trade_id": "236322134", "timestamp": 1668786405772, "tick_direction": 2, "price": 0.0007, "mark_price": 0.0007231, "iv": 99.74, "instrument_name": "BTC-30DEC22-40000-C", "index_price": 16679.39, "direction": "buy", "block_trade_id": "56763", "amount": 47.0}, {"trade_seq": 3236, "trade_id": "236175033", "timestamp": 1668617307002, "tick_direction": 2, "price": 0.001, "mark_price": 0.00146393, "iv": 102.39, "instrument_name": "BTC-30DEC22-40000-C", "index_price": 16507.8, "direction": "sell", "amount": 7.6}, {"trade_seq": 3235, "trade_id": "236138001", "timestamp": 1668604442566, "tick_direction": 1, "price": 0.0015, "mark_price": 0.00090289, "iv": 106.75, "instrument_name": "BTC-30DEC22-40000-C", "index_price": 16568.06, "direction": "sell", "amount": 7.4}, {"trade_seq": 3234, "trade_id": "236137993", "timestamp": 1668604436835, "tick_direction": 1, "price": 0.0015, "mark_price": 0.00090474, "iv": 106.73, "instrument_name": "BTC-30DEC22-40000-C", "index_price": 16571.09, "direction": "sell", "amount": 10.0}, {"trade_seq": 3233, "trade_id": "236137991", "timestamp": 1668604432217, "tick_direction": 1, "price": 0.0015, "mark_price": 0.00090506, "iv": 106.73, "instrument_name": "BTC-30DEC22-40000-C", "index_price": 16570.98, "direction": "sell", "amount": 8.2}, {"trade_seq": 3232, "trade_id": "236137990", "timestamp": 1668604432213, "tick_direction": 1, "price": 0.0015, "mark_price": 0.00090506, "iv": 106.73, "instrument_name": "BTC-30DEC22-40000-C", "index_price": 16570.98, "direction": "buy", "amount": 1.8}, {"trade_seq": 3231, "trade_id": "236137959", "timestamp": 1668604428404, "tick_direction": 1, "price": 0.0015, "mark_price": 0.00090422, "iv": 106.74, "instrument_name": "BTC-30DEC22-40000-C", "index_price": 16570.23, "direction": "sell", "amount": 8.2}, {"trade_seq": 3230, "trade_id": "236137958", "timestamp": 1668604428402, "tick_direction": 0, "price": 0.0015, "mark_price": 0.00090422, "iv": 106.74, "instrument_name": "BTC-30DEC22-40000-C", "index_price": 16570.23, "direction": "buy", "amount": 1.8}, {"trade_seq": 3229, "trade_id": "236125199", "timestamp": 1668597717738, "tick_direction": 3, "price": 0.0005, "mark_price": 0.00092378, "iv": 93.53, "instrument_name": "BTC-30DEC22-40000-C", "index_price": 16743.54, "direction": "sell", "amount": 9.0}, {"trade_seq": 3228, "trade_id": "236125198", "timestamp": 1668597717738, "tick_direction": 3, "price": 0.0005, "mark_price": 0.00092378, "iv": 93.53, "instrument_name": "BTC-30DEC22-40000-C", "index_price": 16743.54, "direction": "sell", "amount": 0.1}, {"trade_seq": 3227, "trade_id": "236125197", "timestamp": 1668597717738, "tick_direction": 3, "price": 0.0005, "mark_price": 0.00092378, "iv": 93.53, "instrument_name": "BTC-30DEC22-40000-C", "index_price": 16743.54, "direction": "sell", "amount": 4.0}, {"trade_seq": 3226, "trade_id": "236125196", "timestamp": 1668597717738, "tick_direction": 2, "price": 0.0005, "mark_price": 0.00092378, "iv": 93.53, "instrument_name": "BTC-30DEC22-40000-C", "index_price": 16743.54, "direction": "sell", "amount": 12.9}, {"trade_seq": 3225, "trade_id": "236112274", "timestamp": 1668587174580, "tick_direction": 3, "price": 0.001, "mark_price": 0.00084156, "iv": 100.41, "instrument_name": "BTC-30DEC22-40000-C", "index_price": 16778.56, "direction": "buy", "amount": 9.0}, {"trade_seq": 3224, "trade_id": "236098198", "timestamp": 1668573502831, "tick_direction": 3, "price": 0.001, "mark_price": 0.00086685, "iv": 99.63, "instrument_name": "BTC-30DEC22-40000-C", "index_price": 16899.55, "direction": "buy", "amount": 10.0}, {"trade_seq": 3223, "trade_id": "236054638", "timestamp": 1668529327861, "tick_direction": 3, "price": 0.001, "mark_price": 0.00094101, "iv": 98.32, "instrument_name": "BTC-30DEC22-40000-C", "index_price": 17022.89, "direction": "sell", "amount": 7.4}, {"trade_seq": 3222, "trade_id": "236024163", "timestamp": 1668511876974, "tick_direction": 3, "price": 0.001, "mark_price": 0.00090377, "iv": 99.63, "instrument_name": "BTC-30DEC22-40000-C", "index_price": 16766.42, "direction": "sell", "amount": 7.1}, {"trade_seq": 3221, "trade_id": "235907109", "timestamp": 1668442578754, "tick_direction": 1, "price": 0.0015, "mark_price": 0.00113538, "iv": 105.49, "instrument_name": "BTC-30DEC22-40000-C", "index_price": 16441.96, "direction": "buy", "amount": 17.8}, {"trade_seq": 3220, "trade_id": "235907108", "timestamp": 1668442578754, "tick_direction": 0, "price": 0.0015, "mark_price": 0.00113538, "iv": 105.49, "instrument_name": "BTC-30DEC22-40000-C", "index_price": 16441.96, "direction": "buy", "amount": 2.0}, {"trade_seq": 3219, "trade_id": "235815565", "timestamp": 1668413271276, "tick_direction": 3, "price": 0.001, "mark_price": 0.00099956, "iv": 98.17, "instrument_name": "BTC-30DEC22-40000-C", "index_price": 16798.14, "direction": "sell", "amount": 4.7}, {"trade_seq": 3218, "trade_id": "235808946", "timestamp": 1668412012310, "tick_direction": 2, "price": 0.001, "mark_price": 0.00089057, "iv": 98.27, "instrument_name": "BTC-30DEC22-40000-C", "index_price": 16780.19, "direction": "buy", "amount": 0.1}, {"trade_seq": 3217, "trade_id": "235655104", "timestamp": 1668273351369, "tick_direction": 0, "price": 0.0015, "mark_price": 0.00143292, "iv": 100.61, "instrument_name": "BTC-30DEC22-40000-C", "index_price": 16857.17, "direction": "sell", "amount": 1.0}, {"trade_seq": 3216, "trade_id": "235646674", "timestamp": 1668263442724, "tick_direction": 3, "price": 0.001, "mark_price": 0.00144543, "iv": 95.96, "instrument_name": "BTC-30DEC22-40000-C", "index_price": 16841.11, "direction": "sell", "amount": 7.0}, {"trade_seq": 3215, "trade_id": "235646673", "timestamp": 1668263442724, "tick_direction": 2, "price": 0.001, "mark_price": 0.00144543, "iv": 95.96, "instrument_name": "BTC-30DEC22-40000-C", "index_price": 16841.11, "direction": "sell", "amount": 6.4}, {"trade_seq": 3214, "trade_id": "235635348", "timestamp": 1668256577680, "tick_direction": 1, "price": 0.002, "mark_price": 0.00189137, "iv": 104.65, "instrument_name": "BTC-30DEC22-40000-C", "index_price": 16822.31, "direction": "sell", "amount": 45.8}, {"trade_seq": 3213, "trade_id": "235635006", "timestamp": 1668256447454, "tick_direction": 1, "price": 0.002, "mark_price": 0.00172257, "iv": 104.93, "instrument_name": "BTC-30DEC22-40000-C", "index_price": 16788.73, "direction": "sell", "amount": 3.8}, {"trade_seq": 3212, "trade_id": "235635002", "timestamp": 1668256447170, "tick_direction": 1, "price": 0.002, "mark_price": 0.00172177, "iv": 104.93, "instrument_name": "BTC-30DEC22-40000-C", "index_price": 16788.68, "direction": "sell", "amount": 5.6}, {"trade_seq": 3211, "trade_id": "235635001", "timestamp": 1668256447168, "tick_direction": 1, "price": 0.002, "mark_price": 0.00172177, "iv": 104.93, "instrument_name": "BTC-30DEC22-40000-C", "index_price": 16788.68, "direction": "sell", "amount": 8.5}, {"trade_seq": 3210, "trade_id": "235635000", "timestamp": 1668256447167, "tick_direction": 1, "price": 0.002, "mark_price": 0.00172177, "iv": 104.93, "instrument_name": "BTC-30DEC22-40000-C", "index_price": 16788.68, "direction": "sell", "amount": 12.9}, {"trade_seq": 3209, "trade_id": "235634987", "timestamp": 1668256437858, "tick_direction": 1, "price": 0.002, "mark_price": 0.00172047, "iv": 104.89, "instrument_name": "BTC-30DEC22-40000-C", "index_price": 16793.68, "direction": "sell", "amount": 4.7}, {"trade_seq": 3208, "trade_id": "235634984", "timestamp": 1668256435122, "tick_direction": 1, "price": 0.002, "mark_price": 0.00171882, "iv": 104.89, "instrument_name": "BTC-30DEC22-40000-C", "index_price": 16793.97, "direction": "sell", "amount": 25.0}, {"trade_seq": 3207, "trade_id": "235634983", "timestamp": 1668256435102, "tick_direction": 1, "price": 0.002, "mark_price": 0.00171882, "iv": 104.89, "instrument_name": "BTC-30DEC22-40000-C", "index_price": 16793.97, "direction": "sell", "amount": 25.0}, {"trade_seq": 3206, "trade_id": "235634982", "timestamp": 1668256435094, "tick_direction": 1, "price": 0.002, "mark_price": 0.00171882, "iv": 104.89, "instrument_name": "BTC-30DEC22-40000-C", "index_price": 16793.97, "direction": "sell", "amount": 24.2}, {"trade_seq": 3205, "trade_id": "235634981", "timestamp": 1668256435091, "tick_direction": 1, "price": 0.002, "mark_price": 0.00171882, "iv": 104.89, "instrument_name": "BTC-30DEC22-40000-C", "index_price": 16793.97, "direction": "buy", "amount": 4.3}, {"trade_seq": 3204, "trade_id": "235634980", "timestamp": 1668256435091, "tick_direction": 0, "price": 0.002, "mark_price": 0.00171882, "iv": 104.89, "instrument_name": "BTC-30DEC22-40000-C", "index_price": 16793.97, "direction": "buy", "amount": 170.0}, {"trade_seq": 3203, "trade_id": "235632262", "timestamp": 1668252973321, "tick_direction": 3, "price": 0.0015, "mark_price": 0.00175079, "iv": 101.22, "instrument_name": "BTC-30DEC22-40000-C", "index_price": 16812.15, "direction": "sell", "amount": 4.5}, {"trade_seq": 3202, "trade_id": "235632220", "timestamp": 1668252934476, "tick_direction": 3, "price": 0.0015, "mark_price": 0.00175335, "iv": 101.2, "instrument_name": "BTC-30DEC22-40000-C", "index_price": 16813.26, "direction": "sell", "amount": 4.7}, {"trade_seq": 3201, "trade_id": "235632202", "timestamp": 1668252911579, "tick_direction": 3, "price": 0.0015, "mark_price": 0.00174512, "iv": 101.26, "instrument_name": "BTC-30DEC22-40000-C", "index_price": 16805.02, "direction": "sell", "amount": 6.6}, {"trade_seq": 3200, "trade_id": "235621378", "timestamp": 1668241177107, "tick_direction": 3, "price": 0.0015, "mark_price": 0.00173412, "iv": 101.65, "instrument_name": "BTC-30DEC22-40000-C", "index_price": 16754.51, "direction": "sell", "amount": 1.7}, {"trade_seq": 3199, "trade_id": "235599568", "timestamp": 1668228296217, "tick_direction": 2, "price": 0.0015, "mark_price": 0.00173149, "iv": 101.3, "instrument_name": "BTC-30DEC22-40000-C", "index_price": 16763.34, "direction": "sell", "amount": 20.0}, {"trade_seq": 3198, "trade_id": "235555766", "timestamp": 1668199147199, "tick_direction": 1, "price": 0.002, "mark_price": 0.00171186, "iv": 105.33, "instrument_name": "BTC-30DEC22-40000-C", "index_price": 16599.61, "direction": "sell", "amount": 27.9}, {"trade_seq": 3197, "trade_id": "235555765", "timestamp": 1668199147199, "tick_direction": 1, "price": 0.002, "mark_price": 0.00171186, "iv": 105.33, "instrument_name": "BTC-30DEC22-40000-C", "index_price": 16599.61, "direction": "sell", "amount": 0.1}, {"trade_seq": 3196, "trade_id": "235555764", "timestamp": 1668199147197, "tick_direction": 0, "price": 0.002, "mark_price": 0.00171186, "iv": 105.33, "instrument_name": "BTC-30DEC22-40000-C", "index_price": 16599.61, "direction": "buy", "amount": 21.0}, {"trade_seq": 3195, "trade_id": "235552118", "timestamp": 1668197632875, "tick_direction": 1, "price": 0.0015, "mark_price": 0.00119787, "iv": 101.03, "instrument_name": "BTC-30DEC22-40000-C", "index_price": 16693.21, "direction": "buy", "amount": 25.2}, {"trade_seq": 3194, "trade_id": "235552117", "timestamp": 1668197632875, "tick_direction": 0, "price": 0.0015, "mark_price": 0.00119787, "iv": 101.03, "instrument_name": "BTC-30DEC22-40000-C", "index_price": 16693.21, "direction": "buy", "amount": 9.0}, {"trade_seq": 3193, "trade_id": "235524451", "timestamp": 1668187922174, "tick_direction": 2, "price": 0.001, "mark_price": 0.0009059, "iv": 95.53, "instrument_name": "BTC-30DEC22-40000-C", "index_price": 16801.05, "direction": "sell", "amount": 15.2}, {"trade_seq": 3192, "trade_id": "235352088", "timestamp": 1668150266119, "tick_direction": 0, "price": 0.0015, "mark_price": 0.00088235, "iv": 97.44, "instrument_name": "BTC-30DEC22-40000-C", "index_price": 17150.78, "direction": "buy", "amount": 1.0}, {"trade_seq": 3191, "trade_id": "235252505", "timestamp": 1668114410521, "tick_direction": 0, "price": 0.001, "mark_price": 0.0007408, "iv": 87.99, "instrument_name": "BTC-30DEC22-40000-C", "index_price": 18011.82, "direction": "buy", "amount": 2.5}, {"trade_seq": 3190, "trade_id": "234993105", "timestamp": 1668075429626, "tick_direction": 3, "price": 0.0005, "mark_price": 0.00084048, "iv": 88.87, "instrument_name": "BTC-30DEC22-40000-C", "index_price": 16479.66, "direction": "sell", "amount": 25.9}, {"trade_seq": 3189, "trade_id": "234934997", "timestamp": 1668062178002, "tick_direction": 2, "price": 0.0005, "mark_price": 0.00105593, "iv": 87.76, "instrument_name": "BTC-30DEC22-40000-C", "index_price": 16684.46, "direction": "sell", "amount": 0.2}, {"trade_seq": 3188, "trade_id": "234724948", "timestamp": 1668029460157, "tick_direction": 0, "price": 0.002, "mark_price": 0.00065202, "iv": 106.45, "instrument_name": "BTC-30DEC22-40000-C", "index_price": 15948.57, "direction": "buy", "amount": 0.2}, {"trade_seq": 3187, "trade_id": "234433231", "timestamp": 1667993367934, "tick_direction": 1, "price": 0.0015, "mark_price": 0.00089174, "iv": 91.92, "instrument_name": "BTC-30DEC22-40000-C", "index_price": 17721.1, "direction": "buy", "amount": 3.0}, {"trade_seq": 3186, "trade_id": "234433225", "timestamp": 1667993358709, "tick_direction": 0, "price": 0.0015, "mark_price": 0.00089158, "iv": 91.92, "instrument_name": "BTC-30DEC22-40000-C", "index_price": 17721.73, "direction": "buy", "amount": 1.0}, {"trade_seq": 3185, "trade_id": "234258363", "timestamp": 1667940562619, "tick_direction": 3, "price": 0.001, "mark_price": 0.00118889, "iv": 83.71, "instrument_name": "BTC-30DEC22-40000-C", "index_price": 18381.22, "direction": "sell", "amount": 5.3}, {"trade_seq": 3184, "trade_id": "234258326", "timestamp": 1667940552966, "tick_direction": 3, "price": 0.001, "mark_price": 0.00130016, "iv": 83.58, "instrument_name": "BTC-30DEC22-40000-C", "index_price": 18402.1, "direction": "buy", "amount": 6.7}, {"trade_seq": 3183, "trade_id": "234258321", "timestamp": 1667940552448, "tick_direction": 3, "price": 0.001, "mark_price": 0.00132049, "iv": 83.58, "instrument_name": "BTC-30DEC22-40000-C", "index_price": 18402.1, "direction": "sell", "amount": 3.9}, {"trade_seq": 3182, "trade_id": "234258069", "timestamp": 1667940506538, "tick_direction": 3, "price": 0.001, "mark_price": 0.00129811, "iv": 83.44, "instrument_name": "BTC-30DEC22-40000-C", "index_price": 18422.73, "direction": "sell", "amount": 3.7}, {"trade_seq": 3181, "trade_id": "234243262", "timestamp": 1667938529017, "tick_direction": 2, "price": 0.001, "mark_price": 0.00153828, "iv": 84.68, "instrument_name": "BTC-30DEC22-40000-C", "index_price": 18195.45, "direction": "sell", "amount": 1.6}, {"trade_seq": 3180, "trade_id": "234146558", "timestamp": 1667932423934, "tick_direction": 1, "price": 0.0015, "mark_price": 0.00126074, "iv": 84.83, "instrument_name": "BTC-30DEC22-40000-C", "index_price": 18960.68, "direction": "sell", "amount": 3.3}, {"trade_seq": 3179, "trade_id": "234146557", "timestamp": 1667932423922, "tick_direction": 1, "price": 0.0015, "mark_price": 0.00126074, "iv": 84.83, "instrument_name": "BTC-30DEC22-40000-C", "index_price": 18960.68, "direction": "buy", "amount": 1.6}, {"trade_seq": 3178, "trade_id": "234146556", "timestamp": 1667932423922, "tick_direction": 1, "price": 0.0015, "mark_price": 0.00126074, "iv": 84.83, "instrument_name": "BTC-30DEC22-40000-C", "index_price": 18960.68, "direction": "buy", "amount": 6.0}, {"trade_seq": 3177, "trade_id": "234146555", "timestamp": 1667932423922, "tick_direction": 0, "price": 0.0015, "mark_price": 0.00126074, "iv": 84.83, "instrument_name": "BTC-30DEC22-40000-C", "index_price": 18960.68, "direction": "buy", "amount": 8.0}, {"trade_seq": 3176, "trade_id": "234126471", "timestamp": 1667931321096, "tick_direction": 1, "price": 0.001, "mark_price": 0.00089922, "iv": 80.35, "instrument_name": "BTC-30DEC22-40000-C", "index_price": 19032.18, "direction": "sell", "amount": 5.9}, {"trade_seq": 3175, "trade_id": "234126458", "timestamp": 1667931318062, "tick_direction": 1, "price": 0.001, "mark_price": 0.00089313, "iv": 80.4, "instrument_name": "BTC-30DEC22-40000-C", "index_price": 19026.1, "direction": "sell", "amount": 4.9}, {"trade_seq": 3174, "trade_id": "234126441", "timestamp": 1667931314719, "tick_direction": 1, "price": 0.001, "mark_price": 0.00088744, "iv": 80.44, "instrument_name": "BTC-30DEC22-40000-C", "index_price": 19013.38, "direction": "sell", "amount": 7.6}, {"trade_seq": 3173, "trade_id": "234086852", "timestamp": 1667928001911, "tick_direction": 1, "price": 0.001, "mark_price": 0.0008676, "iv": 75.54, "instrument_name": "BTC-30DEC22-40000-C", "index_price": 20030.0, "direction": "sell", "amount": 0.1}, {"trade_seq": 3172, "trade_id": "234023537", "timestamp": 1667919796168, "tick_direction": 1, "price": 0.001, "mark_price": 0.00089772, "iv": 78.3, "instrument_name": "BTC-30DEC22-40000-C", "index_price": 19428.45, "direction": "sell", "amount": 0.1}, {"trade_seq": 3171, "trade_id": "233992926", "timestamp": 1667905300079, "tick_direction": 0, "price": 0.001, "mark_price": 0.00121801, "iv": 76.91, "instrument_name": "BTC-30DEC22-40000-C", "index_price": 19698.18, "direction": "sell", "amount": 2.0}, {"trade_seq": 3170, "trade_id": "233914811", "timestamp": 1667878059412, "tick_direction": 3, "price": 0.0005, "mark_price": 0.00088832, "iv": 67.96, "instrument_name": "BTC-30DEC22-40000-C", "index_price": 20384.27, "direction": "sell", "block_trade_id": "55096", "amount": 1.3}, {"trade_seq": 3169, "trade_id": "233910522", "timestamp": 1667876469479, "tick_direction": 2, "price": 0.0005, "mark_price": 0.0008546, "iv": 67.72, "instrument_name": "BTC-30DEC22-40000-C", "index_price": 20434.03, "direction": "sell", "amount": 1.0}, {"trade_seq": 3168, "trade_id": "233794536", "timestamp": 1667747619225, "tick_direction": 0, "price": 0.0015, "mark_price": 0.0012559, "iv": 72.15, "instrument_name": "BTC-30DEC22-40000-C", "index_price": 21276.72, "direction": "buy", "amount": 1.0}, {"trade_seq": 3167, "trade_id": "233779728", "timestamp": 1667721611316, "tick_direction": 3, "price": 0.001, "mark_price": 0.00090557, "iv": 68.69, "instrument_name": "BTC-30DEC22-40000-C", "index_price": 21195.49, "direction": "buy", "amount": 0.1}, {"trade_seq": 3166, "trade_id": "233775437", "timestamp": 1667714777063, "tick_direction": 3, "price": 0.001, "mark_price": 0.00099947, "iv": 68.71, "instrument_name": "BTC-30DEC22-40000-C", "index_price": 21177.66, "direction": "buy", "amount": 0.5}, {"trade_seq": 3165, "trade_id": "233775436", "timestamp": 1667714777061, "tick_direction": 3, "price": 0.001, "mark_price": 0.00099947, "iv": 68.71, "instrument_name": "BTC-30DEC22-40000-C", "index_price": 21177.66, "direction": "sell", "amount": 0.5}, {"trade_seq": 3164, "trade_id": "233737887", "timestamp": 1667656962728, "tick_direction": 2, "price": 0.001, "mark_price": 0.00090751, "iv": 67.8, "instrument_name": "BTC-30DEC22-40000-C", "index_price": 21302.53, "direction": "buy", "amount": 0.1}, {"trade_seq": 3163, "trade_id": "233692302", "timestamp": 1667610250366, "tick_direction": 1, "price": 0.0015, "mark_price": 0.00124357, "iv": 70.57, "instrument_name": "BTC-30DEC22-40000-C", "index_price": 21405.32, "direction": "buy", "amount": 24.9}, {"trade_seq": 3162, "trade_id": "233692301", "timestamp": 1667610250366, "tick_direction": 0, "price": 0.0015, "mark_price": 0.00124357, "iv": 70.57, "instrument_name": "BTC-30DEC22-40000-C", "index_price": 21405.32, "direction": "buy", "amount": 0.1}, {"trade_seq": 3161, "trade_id": "233601343", "timestamp": 1667572106643, "tick_direction": 3, "price": 0.001, "mark_price": 0.00090161, "iv": 67.93, "instrument_name": "BTC-30DEC22-40000-C", "index_price": 21126.98, "direction": "buy", "amount": 0.2}, {"trade_seq": 3160, "trade_id": "233550384", "timestamp": 1667558261492, "tick_direction": 3, "price": 0.001, "mark_price": 0.00072672, "iv": 70.07, "instrument_name": "BTC-30DEC22-40000-C", "index_price": 20605.1, "direction": "buy", "amount": 0.2}, {"trade_seq": 3159, "trade_id": "233550383", "timestamp": 1667558261492, "tick_direction": 3, "price": 0.001, "mark_price": 0.00072672, "iv": 70.07, "instrument_name": "BTC-30DEC22-40000-C", "index_price": 20605.1, "direction": "buy", "amount": 0.2}, {"trade_seq": 3158, "trade_id": "233550382", "timestamp": 1667558261492, "tick_direction": 3, "price": 0.001, "mark_price": 0.00072672, "iv": 70.07, "instrument_name": "BTC-30DEC22-40000-C", "index_price": 20605.1, "direction": "buy", "amount": 20.1}, {"trade_seq": 3157, "trade_id": "233550381", "timestamp": 1667558261464, "tick_direction": 3, "price": 0.001, "mark_price": 0.00072672, "iv": 70.07, "instrument_name": "BTC-30DEC22-40000-C", "index_price": 20605.1, "direction": "buy", "amount": 19.9}, {"trade_seq": 3156, "trade_id": "233550380", "timestamp": 1667558261464, "tick_direction": 3, "price": 0.001, "mark_price": 0.00072672, "iv": 70.07, "instrument_name": "BTC-30DEC22-40000-C", "index_price": 20605.1, "direction": "buy", "amount": 0.1}, {"trade_seq": 3155, "trade_id": "233509227", "timestamp": 1667500073349, "tick_direction": 3, "price": 0.001, "mark_price": 0.00072647, "iv": 71.28, "instrument_name": "BTC-30DEC22-40000-C", "index_price": 20242.24, "direction": "buy", "amount": 1.0}, {"trade_seq": 3154, "trade_id": "233474136", "timestamp": 1667473838449, "tick_direction": 3, "price": 0.001, "mark_price": 0.00122845, "iv": 71.0, "instrument_name": "BTC-30DEC22-40000-C", "index_price": 20256.36, "direction": "sell", "amount": 1.0}, {"trade_seq": 3153, "trade_id": "233474135", "timestamp": 1667473838449, "tick_direction": 3, "price": 0.001, "mark_price": 0.00122845, "iv": 71.0, "instrument_name": "BTC-30DEC22-40000-C", "index_price": 20256.36, "direction": "sell", "amount": 2.6}, {"trade_seq": 3152, "trade_id": "233446524", "timestamp": 1667428907536, "tick_direction": 3, "price": 0.001, "mark_price": 0.00123243, "iv": 71.33, "instrument_name": "BTC-30DEC22-40000-C", "index_price": 20122.57, "direction": "sell", "amount": 0.4}, {"trade_seq": 3151, "trade_id": "233446522", "timestamp": 1667428903169, "tick_direction": 3, "price": 0.001, "mark_price": 0.00123212, "iv": 71.33, "instrument_name": "BTC-30DEC22-40000-C", "index_price": 20122.34, "direction": "sell", "amount": 1.0}, {"trade_seq": 3150, "trade_id": "233446520", "timestamp": 1667428895290, "tick_direction": 2, "price": 0.001, "mark_price": 0.0012315, "iv": 71.33, "instrument_name": "BTC-30DEC22-40000-C", "index_price": 20120.85, "direction": "sell", "amount": 1.0}, {"trade_seq": 3149, "trade_id": "233280984", "timestamp": 1667225422307, "tick_direction": 2, "price": 0.0015, "mark_price": 0.00153948, "iv": 72.72, "instrument_name": "BTC-30DEC22-40000-C", "index_price": 20299.91, "direction": "sell", "amount": 1.0}, {"trade_seq": 3148, "trade_id": "233259719", "timestamp": 1667210706016, "tick_direction": 1, "price": 0.002, "mark_price": 0.00178965, "iv": 73.08, "instrument_name": "BTC-30DEC22-40000-C", "index_price": 20814.4, "direction": "buy", "amount": 0.8}, {"trade_seq": 3147, "trade_id": "233259718", "timestamp": 1667210706016, "tick_direction": 1, "price": 0.002, "mark_price": 0.00178965, "iv": 73.08, "instrument_name": "BTC-30DEC22-40000-C", "index_price": 20814.4, "direction": "buy", "amount": 0.2}, {"trade_seq": 3146, "trade_id": "233233701", "timestamp": 1667175009959, "tick_direction": 1, "price": 0.0015, "mark_price": 0.0014272, "iv": 70.72, "instrument_name": "BTC-30DEC22-40000-C", "index_price": 20664.14, "direction": "buy", "amount": 0.1}, {"trade_seq": 3145, "trade_id": "233210347", "timestamp": 1667131422958, "tick_direction": 0, "price": 0.0015, "mark_price": 0.00142642, "iv": 69.98, "instrument_name": "BTC-30DEC22-40000-C", "index_price": 20769.33, "direction": "buy", "amount": 0.1}, {"trade_seq": 3144, "trade_id": "233131094", "timestamp": 1667006576379, "tick_direction": 3, "price": 0.001, "mark_price": 0.00140121, "iv": 66.29, "instrument_name": "BTC-30DEC22-40000-C", "index_price": 20635.76, "direction": "sell", "amount": 3.6}, {"trade_seq": 3143, "trade_id": "233131093", "timestamp": 1667006576379, "tick_direction": 3, "price": 0.001, "mark_price": 0.00140121, "iv": 66.29, "instrument_name": "BTC-30DEC22-40000-C", "index_price": 20635.76, "direction": "sell", "amount": 6.3}, {"trade_seq": 3142, "trade_id": "233131092", "timestamp": 1667006576379, "tick_direction": 2, "price": 0.001, "mark_price": 0.00140121, "iv": 66.29, "instrument_name": "BTC-30DEC22-40000-C", "index_price": 20635.76, "direction": "sell", "amount": 0.1}, {"trade_seq": 3141, "trade_id": "233080672", "timestamp": 1666962684546, "tick_direction": 1, "price": 0.0016, "mark_price": 0.00142751, "iv": 71.62, "instrument_name": "BTC-30DEC22-40000-C", "index_price": 20279.3, "direction": "buy", "combo_id": "BTC-CS-30DEC22-35000_40000", "block_trade_id": "54117", "amount": 50.0}, {"trade_seq": 3140, "trade_id": "233080543", "timestamp": 1666962522500, "tick_direction": 0, "price": 0.0016, "mark_price": 0.00141279, "iv": 71.68, "instrument_name": "BTC-30DEC22-40000-C", "index_price": 20267.09, "direction": "buy", "combo_id": "BTC-CS-30DEC22-35000_40000", "block_trade_id": "54116", "amount": 100.0}, {"trade_seq": 3139, "trade_id": "233047013", "timestamp": 1666943255327, "tick_direction": 3, "price": 0.0015, "mark_price": 0.00177823, "iv": 71.53, "instrument_name": "BTC-30DEC22-40000-C", "index_price": 20127.49, "direction": "buy", "amount": 17.9}, {"trade_seq": 3138, "trade_id": "233047012", "timestamp": 1666943255321, "tick_direction": 2, "price": 0.0015, "mark_price": 0.00177823, "iv": 71.53, "instrument_name": "BTC-30DEC22-40000-C", "index_price": 20127.49, "direction": "sell", "amount": 7.1}, {"trade_seq": 3137, "trade_id": "233023291", "timestamp": 1666915429326, "tick_direction": 2, "price": 0.0021, "mark_price": 0.00196374, "iv": 73.91, "instrument_name": "BTC-30DEC22-40000-C", "index_price": 20291.37, "direction": "sell", "combo_id": "BTC-CBUT-30DEC22-30000_35000_40000", "block_trade_id": "54038", "amount": 50.0}, {"trade_seq": 3136, "trade_id": "232900868", "timestamp": 1666808532710, "tick_direction": 1, "price": 0.0025, "mark_price": 0.00285548, "iv": 72.86, "instrument_name": "BTC-30DEC22-40000-C", "index_price": 20786.04, "direction": "sell", "amount": 0.2}, {"trade_seq": 3135, "trade_id": "232900867", "timestamp": 1666808532710, "tick_direction": 1, "price": 0.0025, "mark_price": 0.00285548, "iv": 72.86, "instrument_name": "BTC-30DEC22-40000-C", "index_price": 20786.04, "direction": "sell", "amount": 0.3}, {"trade_seq": 3134, "trade_id": "232900382", "timestamp": 1666808044413, "tick_direction": 1, "price": 0.0025, "mark_price": 0.00293226, "iv": 72.59, "instrument_name": "BTC-30DEC22-40000-C", "index_price": 20840.72, "direction": "sell", "amount": 0.2}, {"trade_seq": 3133, "trade_id": "232887613", "timestamp": 1666801445149, "tick_direction": 0, "price": 0.0025, "mark_price": 0.00286466, "iv": 72.53, "instrument_name": "BTC-30DEC22-40000-C", "index_price": 20851.36, "direction": "sell", "amount": 0.5}, {"trade_seq": 3132, "trade_id": "232695768", "timestamp": 1666717328108, "tick_direction": 1, "price": 0.002, "mark_price": 0.00186745, "iv": 73.53, "instrument_name": "BTC-30DEC22-40000-C", "index_price": 19983.4, "direction": "buy", "amount": 1.0}, {"trade_seq": 3131, "trade_id": "232695767", "timestamp": 1666717328108, "tick_direction": 0, "price": 0.002, "mark_price": 0.00186745, "iv": 73.53, "instrument_name": "BTC-30DEC22-40000-C", "index_price": 19983.4, "direction": "buy", "amount": 0.1}, {"trade_seq": 3130, "trade_id": "232619893", "timestamp": 1666642630047, "tick_direction": 1, "price": 0.0015, "mark_price": 0.00174217, "iv": 73.11, "instrument_name": "BTC-30DEC22-40000-C", "index_price": 19346.23, "direction": "sell", "amount": 0.8}, {"trade_seq": 3129, "trade_id": "232619892", "timestamp": 1666642630047, "tick_direction": 1, "price": 0.0015, "mark_price": 0.00174217, "iv": 73.11, "instrument_name": "BTC-30DEC22-40000-C", "index_price": 19346.23, "direction": "sell", "amount": 10.0}, {"trade_seq": 3128, "trade_id": "232591384", "timestamp": 1666604237069, "tick_direction": 0, "price": 0.0015, "mark_price": 0.00143206, "iv": 72.79, "instrument_name": "BTC-30DEC22-40000-C", "index_price": 19357.05, "direction": "buy", "amount": 0.2}, {"trade_seq": 3127, "trade_id": "232513372", "timestamp": 1666409713047, "tick_direction": 2, "price": 0.001, "mark_price": 0.00107694, "iv": 69.08, "instrument_name": "BTC-30DEC22-40000-C", "index_price": 19134.16, "direction": "sell", "amount": 0.6}, {"trade_seq": 3126, "trade_id": "232500502", "timestamp": 1666376428031, "tick_direction": 3, "price": 0.0015, "mark_price": 0.0011571, "iv": 72.27, "instrument_name": "BTC-30DEC22-40000-C", "index_price": 19154.55, "direction": "buy", "amount": 0.5}, {"trade_seq": 3125, "trade_id": "232500228", "timestamp": 1666376116356, "tick_direction": 3, "price": 0.0015, "mark_price": 0.00110426, "iv": 72.2, "instrument_name": "BTC-30DEC22-40000-C", "index_price": 19167.82, "direction": "buy", "amount": 1.0}, {"trade_seq": 3124, "trade_id": "232498219", "timestamp": 1666374412577, "tick_direction": 3, "price": 0.0015, "mark_price": 0.00100988, "iv": 72.36, "instrument_name": "BTC-30DEC22-40000-C", "index_price": 19127.98, "direction": "buy", "amount": 14.0}, {"trade_seq": 3123, "trade_id": "232496266", "timestamp": 1666372115364, "tick_direction": 3, "price": 0.0015, "mark_price": 0.00100875, "iv": 72.36, "instrument_name": "BTC-30DEC22-40000-C", "index_price": 19133.06, "direction": "buy", "amount": 8.7}, {"trade_seq": 3122, "trade_id": "232496265", "timestamp": 1666372115364, "tick_direction": 3, "price": 0.0015, "mark_price": 0.00100875, "iv": 72.36, "instrument_name": "BTC-30DEC22-40000-C", "index_price": 19133.06, "direction": "buy", "amount": 0.8}, {"trade_seq": 3121, "trade_id": "232496264", "timestamp": 1666372115364, "tick_direction": 3, "price": 0.0015, "mark_price": 0.00100875, "iv": 72.36, "instrument_name": "BTC-30DEC22-40000-C", "index_price": 19133.06, "direction": "buy", "amount": 0.5}, {"trade_seq": 3120, "trade_id": "232447686", "timestamp": 1666341477850, "tick_direction": 3, "price": 0.0015, "mark_price": 0.00105769, "iv": 72.85, "instrument_name": "BTC-30DEC22-40000-C", "index_price": 18981.37, "direction": "sell", "amount": 3.1}, {"trade_seq": 3119, "trade_id": "232447685", "timestamp": 1666341477849, "tick_direction": 3, "price": 0.0015, "mark_price": 0.00105769, "iv": 72.85, "instrument_name": "BTC-30DEC22-40000-C", "index_price": 18981.37, "direction": "buy", "amount": 0.9}, {"trade_seq": 3118, "trade_id": "232447684", "timestamp": 1666341475262, "tick_direction": 3, "price": 0.0015, "mark_price": 0.00105728, "iv": 72.85, "instrument_name": "BTC-30DEC22-40000-C", "index_price": 18981.26, "direction": "buy", "amount": 1.0}, {"trade_seq": 3117, "trade_id": "232447678", "timestamp": 1666341465875, "tick_direction": 3, "price": 0.0015, "mark_price": 0.00105652, "iv": 72.85, "instrument_name": "BTC-30DEC22-40000-C", "index_price": 18981.45, "direction": "buy", "amount": 0.9}, {"trade_seq": 3116, "trade_id": "232447677", "timestamp": 1666341457506, "tick_direction": 3, "price": 0.0015, "mark_price": 0.00105463, "iv": 72.85, "instrument_name": "BTC-30DEC22-40000-C", "index_price": 18980.74, "direction": "buy", "amount": 1.0}, {"trade_seq": 3115, "trade_id": "232447659", "timestamp": 1666341454868, "tick_direction": 3, "price": 0.0015, "mark_price": 0.00105581, "iv": 72.85, "instrument_name": "BTC-30DEC22-40000-C", "index_price": 18982.88, "direction": "buy", "amount": 0.9}, {"trade_seq": 3114, "trade_id": "232447658", "timestamp": 1666341454868, "tick_direction": 3, "price": 0.0015, "mark_price": 0.00105581, "iv": 72.85, "instrument_name": "BTC-30DEC22-40000-C", "index_price": 18982.88, "direction": "buy", "amount": 0.5}, {"trade_seq": 3113, "trade_id": "232321738", "timestamp": 1666189071600, "tick_direction": 2, "price": 0.0015, "mark_price": 0.0017489, "iv": 71.07, "instrument_name": "BTC-30DEC22-40000-C", "index_price": 19183.45, "direction": "sell", "amount": 0.3}, {"trade_seq": 3112, "trade_id": "232320250", "timestamp": 1666188002561, "tick_direction": 0, "price": 0.0018, "mark_price": 0.00171942, "iv": 73.05, "instrument_name": "BTC-30DEC22-40000-C", "index_price": 19119.99, "direction": "sell", "combo_id": "BTC-CBUT-30DEC22-30000_35000_40000", "block_trade_id": "52985", "amount": 50.0}, {"trade_seq": 3111, "trade_id": "232288665", "timestamp": 1666143768200, "tick_direction": 3, "price": 0.0015, "mark_price": 0.00174742, "iv": 70.27, "instrument_name": "BTC-30DEC22-40000-C", "index_price": 19311.66, "direction": "sell", "amount": 0.7}, {"trade_seq": 3110, "trade_id": "232288664", "timestamp": 1666143768200, "tick_direction": 3, "price": 0.0015, "mark_price": 0.00174742, "iv": 70.27, "instrument_name": "BTC-30DEC22-40000-C", "index_price": 19311.66, "direction": "sell", "amount": 9.3}, {"trade_seq": 3109, "trade_id": "232243700", "timestamp": 1666102512909, "tick_direction": 3, "price": 0.0015, "mark_price": 0.00173576, "iv": 69.01, "instrument_name": "BTC-30DEC22-40000-C", "index_price": 19559.24, "direction": "sell", "amount": 0.1}, {"trade_seq": 3108, "trade_id": "232235068", "timestamp": 1666093390049, "tick_direction": 2, "price": 0.0015, "mark_price": 0.00175644, "iv": 68.79, "instrument_name": "BTC-30DEC22-40000-C", "index_price": 19592.27, "direction": "sell", "amount": 0.1}, {"trade_seq": 3107, "trade_id": "232203664", "timestamp": 1666051343037, "tick_direction": 0, "price": 0.002, "mark_price": 0.00174443, "iv": 71.33, "instrument_name": "BTC-30DEC22-40000-C", "index_price": 19565.57, "direction": "buy", "amount": 1.1}, {"trade_seq": 3106, "trade_id": "232196256", "timestamp": 1666040578997, "tick_direction": 2, "price": 0.0015, "mark_price": 0.00137942, "iv": 68.84, "instrument_name": "BTC-30DEC22-40000-C", "index_price": 19520.65, "direction": "buy", "amount": 0.5}, {"trade_seq": 3105, "trade_id": "232168927", "timestamp": 1666010371790, "tick_direction": 0, "price": 0.002, "mark_price": 0.0017419, "iv": 71.42, "instrument_name": "BTC-30DEC22-40000-C", "index_price": 19503.26, "direction": "buy", "amount": 0.1}, {"trade_seq": 3104, "trade_id": "232148382", "timestamp": 1665978690121, "tick_direction": 3, "price": 0.0015, "mark_price": 0.00160213, "iv": 69.82, "instrument_name": "BTC-30DEC22-40000-C", "index_price": 19202.22, "direction": "buy", "amount": 1.0}, {"trade_seq": 3103, "trade_id": "232147447", "timestamp": 1665976062615, "tick_direction": 3, "price": 0.0015, "mark_price": 0.00142874, "iv": 69.93, "instrument_name": "BTC-30DEC22-40000-C", "index_price": 19176.97, "direction": "buy", "amount": 6.0}, {"trade_seq": 3102, "trade_id": "232147446", "timestamp": 1665976062600, "tick_direction": 3, "price": 0.0015, "mark_price": 0.00142874, "iv": 69.93, "instrument_name": "BTC-30DEC22-40000-C", "index_price": 19176.97, "direction": "buy", "amount": 33.0}, {"trade_seq": 3101, "trade_id": "232142768", "timestamp": 1665964972741, "tick_direction": 2, "price": 0.0015, "mark_price": 0.00129316, "iv": 69.52, "instrument_name": "BTC-30DEC22-40000-C", "index_price": 19261.79, "direction": "buy", "amount": 2.5}, {"trade_seq": 3100, "trade_id": "232091638", "timestamp": 1665828594898, "tick_direction": 3, "price": 0.002, "mark_price": 0.00164746, "iv": 72.06, "instrument_name": "BTC-30DEC22-40000-C", "index_price": 19107.8, "direction": "buy", "amount": 0.1}, {"trade_seq": 3099, "trade_id": "232091601", "timestamp": 1665828413686, "tick_direction": 3, "price": 0.002, "mark_price": 0.00174276, "iv": 72.06, "instrument_name": "BTC-30DEC22-40000-C", "index_price": 19104.42, "direction": "sell", "amount": 0.3}, {"trade_seq": 3098, "trade_id": "232025630", "timestamp": 1665750705996, "tick_direction": 3, "price": 0.002, "mark_price": 0.00225317, "iv": 69.39, "instrument_name": "BTC-30DEC22-40000-C", "index_price": 19648.6, "direction": "sell", "amount": 10.0}, {"trade_seq": 3097, "trade_id": "232017247", "timestamp": 1665743438483, "tick_direction": 2, "price": 0.002, "mark_price": 0.00196348, "iv": 69.03, "instrument_name": "BTC-30DEC22-40000-C", "index_price": 19731.24, "direction": "sell", "amount": 0.1}, {"trade_seq": 3096, "trade_id": "231812957", "timestamp": 1665646405278, "tick_direction": 0, "price": 0.0025, "mark_price": 0.00258906, "iv": 73.76, "instrument_name": "BTC-30DEC22-40000-C", "index_price": 19010.71, "direction": "sell", "amount": 1.0}, {"trade_seq": 3095, "trade_id": "231759103", "timestamp": 1665562429846, "tick_direction": 3, "price": 0.002, "mark_price": 0.00222156, "iv": 70.65, "instrument_name": "BTC-30DEC22-40000-C", "index_price": 19107.12, "direction": "sell", "amount": 0.1}, {"trade_seq": 3094, "trade_id": "231759102", "timestamp": 1665562429846, "tick_direction": 3, "price": 0.002, "mark_price": 0.00222156, "iv": 70.65, "instrument_name": "BTC-30DEC22-40000-C", "index_price": 19107.12, "direction": "sell", "amount": 1.0}, {"trade_seq": 3093, "trade_id": "231749867", "timestamp": 1665546474841, "tick_direction": 3, "price": 0.002, "mark_price": 0.00213733, "iv": 70.85, "instrument_name": "BTC-30DEC22-40000-C", "index_price": 19045.81, "direction": "sell", "amount": 0.9}, {"trade_seq": 3092, "trade_id": "231749866", "timestamp": 1665546474841, "tick_direction": 2, "price": 0.002, "mark_price": 0.00213733, "iv": 70.85, "instrument_name": "BTC-30DEC22-40000-C", "index_price": 19045.81, "direction": "sell", "amount": 0.2}, {"trade_seq": 3091, "trade_id": "231566040", "timestamp": 1665368316841, "tick_direction": 3, "price": 0.0025, "mark_price": 0.00264114, "iv": 70.25, "instrument_name": "BTC-30DEC22-40000-C", "index_price": 19481.88, "direction": "sell", "amount": 1.0}, {"trade_seq": 3090, "trade_id": "231566039", "timestamp": 1665368316841, "tick_direction": 3, "price": 0.0025, "mark_price": 0.00264114, "iv": 70.25, "instrument_name": "BTC-30DEC22-40000-C", "index_price": 19481.88, "direction": "sell", "amount": 0.3}, {"trade_seq": 3089, "trade_id": "231526164", "timestamp": 1665303908793, "tick_direction": 3, "price": 0.0025, "mark_price": 0.0025059, "iv": 70.24, "instrument_name": "BTC-30DEC22-40000-C", "index_price": 19414.11, "direction": "sell", "amount": 0.1}, {"trade_seq": 3088, "trade_id": "231525543", "timestamp": 1665302719736, "tick_direction": 2, "price": 0.0025, "mark_price": 0.00246565, "iv": 70.18, "instrument_name": "BTC-30DEC22-40000-C", "index_price": 19427.99, "direction": "buy", "amount": 0.1}, {"trade_seq": 3087, "trade_id": "231477020", "timestamp": 1665198065092, "tick_direction": 3, "price": 0.003, "mark_price": 0.0028537, "iv": 70.96, "instrument_name": "BTC-30DEC22-40000-C", "index_price": 19558.23, "direction": "buy", "amount": 0.5}, {"trade_seq": 3086, "trade_id": "231477018", "timestamp": 1665198060821, "tick_direction": 2, "price": 0.003, "mark_price": 0.00285224, "iv": 70.97, "instrument_name": "BTC-30DEC22-40000-C", "index_price": 19557.36, "direction": "buy", "amount": 0.5}, {"trade_seq": 3085, "trade_id": "231357438", "timestamp": 1665124493831, "tick_direction": 2, "price": 0.0035, "mark_price": 0.00356428, "iv": 70.94, "instrument_name": "BTC-30DEC22-40000-C", "index_price": 19854.37, "direction": "sell", "amount": 1.0}, {"trade_seq": 3084, "trade_id": "231332439", "timestamp": 1665087913470, "tick_direction": 3, "price": 0.0045, "mark_price": 0.00476529, "iv": 72.81, "instrument_name": "BTC-30DEC22-40000-C", "index_price": 20052.71, "direction": "sell", "amount": 3.0}, {"trade_seq": 3083, "trade_id": "231272602", "timestamp": 1665050005506, "tick_direction": 3, "price": 0.0045, "mark_price": 0.00472737, "iv": 72.18, "instrument_name": "BTC-30DEC22-40000-C", "index_price": 20150.32, "direction": "sell", "amount": 0.5}, {"trade_seq": 3082, "trade_id": "231272590", "timestamp": 1665049962313, "tick_direction": 2, "price": 0.0045, "mark_price": 0.00472473, "iv": 72.18, "instrument_name": "BTC-30DEC22-40000-C", "index_price": 20150.34, "direction": "sell", "amount": 0.5}, {"trade_seq": 3081, "trade_id": "231103834", "timestamp": 1664894052876, "tick_direction": 1, "price": 0.0045, "mark_price": 0.00400895, "iv": 71.71, "instrument_name": "BTC-30DEC22-40000-C", "index_price": 20081.81, "direction": "buy", "amount": 0.2}, {"trade_seq": 3080, "trade_id": "231103833", "timestamp": 1664894052876, "tick_direction": 1, "price": 0.0045, "mark_price": 0.00400895, "iv": 71.71, "instrument_name": "BTC-30DEC22-40000-C", "index_price": 20081.81, "direction": "buy", "amount": 3.8}, {"trade_seq": 3079, "trade_id": "231103832", "timestamp": 1664894052876, "tick_direction": 1, "price": 0.0045, "mark_price": 0.00400895, "iv": 71.71, "instrument_name": "BTC-30DEC22-40000-C", "index_price": 20081.81, "direction": "buy", "amount": 20.0}, {"trade_seq": 3078, "trade_id": "231103831", "timestamp": 1664894052876, "tick_direction": 0, "price": 0.0045, "mark_price": 0.00400895, "iv": 71.71, "instrument_name": "BTC-30DEC22-40000-C", "index_price": 20081.81, "direction": "buy", "amount": 1.0}, {"trade_seq": 3077, "trade_id": "231097336", "timestamp": 1664891725593, "tick_direction": 2, "price": 0.004, "mark_price": 0.00414732, "iv": 70.38, "instrument_name": "BTC-30DEC22-40000-C", "index_price": 20077.58, "direction": "sell", "amount": 1.0}, {"trade_seq": 3076, "trade_id": "231071741", "timestamp": 1664870715693, "tick_direction": 0, "price": 0.0045, "mark_price": 0.00447973, "iv": 71.71, "instrument_name": "BTC-30DEC22-40000-C", "index_price": 20038.86, "direction": "buy", "amount": 1.0}, {"trade_seq": 3075, "trade_id": "231057670", "timestamp": 1664864102789, "tick_direction": 1, "price": 0.004, "mark_price": 0.00425889, "iv": 72.02, "instrument_name": "BTC-30DEC22-40000-C", "index_price": 19630.42, "direction": "sell", "amount": 2.0}, {"trade_seq": 3074, "trade_id": "231054745", "timestamp": 1664858319372, "tick_direction": 1, "price": 0.004, "mark_price": 0.00378396, "iv": 72.03, "instrument_name": "BTC-30DEC22-40000-C", "index_price": 19623.69, "direction": "buy", "amount": 1.0}, {"trade_seq": 3073, "trade_id": "231054744", "timestamp": 1664858319372, "tick_direction": 0, "price": 0.004, "mark_price": 0.00378396, "iv": 72.03, "instrument_name": "BTC-30DEC22-40000-C", "index_price": 19623.69, "direction": "buy", "amount": 1.0}, {"trade_seq": 3072, "trade_id": "230994923", "timestamp": 1664803338596, "tick_direction": 2, "price": 0.0039, "mark_price": 0.00371305, "iv": 73.0, "instrument_name": "BTC-30DEC22-40000-C", "index_price": 19271.87, "direction": "buy", "combo_id": "BTC-CBUT-30DEC22-30000_35000_40000", "block_trade_id": "51344", "amount": 250.0}, {"trade_seq": 3071, "trade_id": "230958895", "timestamp": 1664763580224, "tick_direction": 1, "price": 0.0045, "mark_price": 0.0039512, "iv": 74.88, "instrument_name": "BTC-30DEC22-40000-C", "index_price": 19171.27, "direction": "buy", "amount": 2.7}, {"trade_seq": 3070, "trade_id": "230958894", "timestamp": 1664763580224, "tick_direction": 1, "price": 0.0045, "mark_price": 0.0039512, "iv": 74.88, "instrument_name": "BTC-30DEC22-40000-C", "index_price": 19171.27, "direction": "buy", "amount": 1.3}, {"trade_seq": 3069, "trade_id": "230958893", "timestamp": 1664763580224, "tick_direction": 0, "price": 0.0045, "mark_price": 0.0039512, "iv": 74.88, "instrument_name": "BTC-30DEC22-40000-C", "index_price": 19171.27, "direction": "buy", "amount": 3.4}, {"trade_seq": 3068, "trade_id": "230908166", "timestamp": 1664706638559, "tick_direction": 2, "price": 0.0035, "mark_price": 0.00330933, "iv": 72.0, "instrument_name": "BTC-30DEC22-40000-C", "index_price": 19104.29, "direction": "sell", "amount": 1.9}, {"trade_seq": 3067, "trade_id": "230816381", "timestamp": 1664558480399, "tick_direction": 1, "price": 0.0045, "mark_price": 0.0042404, "iv": 71.55, "instrument_name": "BTC-30DEC22-40000-C", "index_price": 19746.08, "direction": "buy", "amount": 0.7}, {"trade_seq": 3066, "trade_id": "230816377", "timestamp": 1664558480360, "tick_direction": 1, "price": 0.0045, "mark_price": 0.0042404, "iv": 71.55, "instrument_name": "BTC-30DEC22-40000-C", "index_price": 19746.08, "direction": "buy", "amount": 0.9}, {"trade_seq": 3065, "trade_id": "230816376", "timestamp": 1664558480348, "tick_direction": 1, "price": 0.0045, "mark_price": 0.0042404, "iv": 71.55, "instrument_name": "BTC-30DEC22-40000-C", "index_price": 19746.08, "direction": "buy", "amount": 1.3}, {"trade_seq": 3064, "trade_id": "230816361", "timestamp": 1664558480197, "tick_direction": 1, "price": 0.0045, "mark_price": 0.0042404, "iv": 71.55, "instrument_name": "BTC-30DEC22-40000-C", "index_price": 19746.08, "direction": "buy", "amount": 1.2}, {"trade_seq": 3063, "trade_id": "230816357", "timestamp": 1664558480114, "tick_direction": 1, "price": 0.0045, "mark_price": 0.0042404, "iv": 71.55, "instrument_name": "BTC-30DEC22-40000-C", "index_price": 19745.46, "direction": "buy", "amount": 1.0}, {"trade_seq": 3062, "trade_id": "230816355", "timestamp": 1664558480060, "tick_direction": 0, "price": 0.0045, "mark_price": 0.0042404, "iv": 71.55, "instrument_name": "BTC-30DEC22-40000-C", "index_price": 19745.46, "direction": "buy", "amount": 1.0}, {"trade_seq": 3061, "trade_id": "230815399", "timestamp": 1664557522219, "tick_direction": 0, "price": 0.0043, "mark_price": 0.00422199, "iv": 71.18, "instrument_name": "BTC-30DEC22-40000-C", "index_price": 19704.74, "direction": "buy", "combo_id": "BTC-CBUT-30DEC22-30000_35000_40000", "block_trade_id": "51210", "amount": 250.0}, {"trade_seq": 3060, "trade_id": "230736184", "timestamp": 1664528138275, "tick_direction": 3, "price": 0.004, "mark_price": 0.00453568, "iv": 70.7, "instrument_name": "BTC-30DEC22-40000-C", "index_price": 19606.54, "direction": "sell", "amount": 0.1}, {"trade_seq": 3059, "trade_id": "230732857", "timestamp": 1664526589971, "tick_direction": 3, "price": 0.004, "mark_price": 0.00449308, "iv": 70.87, "instrument_name": "BTC-30DEC22-40000-C", "index_price": 19558.96, "direction": "sell", "amount": 0.1}, {"trade_seq": 3058, "trade_id": "230732638", "timestamp": 1664526480959, "tick_direction": 2, "price": 0.004, "mark_price": 0.00449963, "iv": 70.86, "instrument_name": "BTC-30DEC22-40000-C", "index_price": 19565.56, "direction": "sell", "amount": 0.2}, {"trade_seq": 3057, "trade_id": "230731578", "timestamp": 1664525852381, "tick_direction": 2, "price": 0.0045, "mark_price": 0.00456949, "iv": 72.13, "instrument_name": "BTC-30DEC22-40000-C", "index_price": 19584.1, "direction": "buy", "amount": 0.1}, {"trade_seq": 3056, "trade_id": "230702489", "timestamp": 1664505633723, "tick_direction": 3, "price": 0.005, "mark_price": 0.00505079, "iv": 73.93, "instrument_name": "BTC-30DEC22-40000-C", "index_price": 19402.16, "direction": "buy", "amount": 0.5}, {"trade_seq": 3055, "trade_id": "230702488", "timestamp": 1664505633712, "tick_direction": 2, "price": 0.005, "mark_price": 0.00505096, "iv": 73.93, "instrument_name": "BTC-30DEC22-40000-C", "index_price": 19402.16, "direction": "sell", "amount": 0.5}, {"trade_seq": 3054, "trade_id": "230683447", "timestamp": 1664482391318, "tick_direction": 0, "price": 0.0055, "mark_price": 0.0050646, "iv": 74.95, "instrument_name": "BTC-30DEC22-40000-C", "index_price": 19420.64, "direction": "buy", "amount": 0.4}, {"trade_seq": 3053, "trade_id": "230655940", "timestamp": 1664466145430, "tick_direction": 3, "price": 0.0051, "mark_price": 0.00498294, "iv": 74.59, "instrument_name": "BTC-30DEC22-40000-C", "index_price": 19273.68, "direction": "buy", "combo_id": "BTC-CBUT-30DEC22-30000_35000_40000", "block_trade_id": "50993", "amount": 250.0}, {"trade_seq": 3052, "trade_id": "230655874", "timestamp": 1664465995576, "tick_direction": 3, "price": 0.0051, "mark_price": 0.00497497, "iv": 74.6, "instrument_name": "BTC-30DEC22-40000-C", "index_price": 19269.15, "direction": "buy", "combo_id": "BTC-CBUT-30DEC22-30000_35000_40000", "block_trade_id": "50992", "amount": 250.0}, {"trade_seq": 3051, "trade_id": "230655791", "timestamp": 1664465867412, "tick_direction": 2, "price": 0.0051, "mark_price": 0.00496049, "iv": 74.63, "instrument_name": "BTC-30DEC22-40000-C", "index_price": 19256.8, "direction": "buy", "combo_id": "BTC-CBUT-30DEC22-30000_35000_40000", "block_trade_id": "50991", "amount": 250.0}, {"trade_seq": 3050, "trade_id": "230606888", "timestamp": 1664433385799, "tick_direction": 2, "price": 0.0055, "mark_price": 0.00552719, "iv": 75.08, "instrument_name": "BTC-30DEC22-40000-C", "index_price": 19343.12, "direction": "sell", "amount": 0.3}, {"trade_seq": 3049, "trade_id": "230541832", "timestamp": 1664380049003, "tick_direction": 0, "price": 0.0052, "mark_price": 0.0050081, "iv": 73.82, "instrument_name": "BTC-30DEC22-40000-C", "index_price": 19424.49, "direction": "buy", "combo_id": "BTC-CBUT-30DEC22-30000_35000_40000", "block_trade_id": "50845", "amount": 250.0}, {"trade_seq": 3048, "trade_id": "230541597", "timestamp": 1664379881293, "tick_direction": 0, "price": 0.0051, "mark_price": 0.00496329, "iv": 73.69, "instrument_name": "BTC-30DEC22-40000-C", "index_price": 19391.85, "direction": "buy", "combo_id": "BTC-CBUT-30DEC22-30000_35000_40000", "block_trade_id": "50844", "amount": 500.0}, {"trade_seq": 3047, "trade_id": "230502520", "timestamp": 1664364488427, "tick_direction": 1, "price": 0.005, "mark_price": 0.0047581, "iv": 75.32, "instrument_name": "BTC-30DEC22-40000-C", "index_price": 18923.39, "direction": "buy", "amount": 10.0}, {"trade_seq": 3046, "trade_id": "230502519", "timestamp": 1664364488427, "tick_direction": 0, "price": 0.005, "mark_price": 0.0047581, "iv": 75.32, "instrument_name": "BTC-30DEC22-40000-C", "index_price": 18923.39, "direction": "buy", "amount": 17.1}, {"trade_seq": 3045, "trade_id": "230479047", "timestamp": 1664354292535, "tick_direction": 3, "price": 0.0045, "mark_price": 0.00473649, "iv": 74.8, "instrument_name": "BTC-30DEC22-40000-C", "index_price": 18727.41, "direction": "buy", "amount": 19.8}, {"trade_seq": 3044, "trade_id": "230479046", "timestamp": 1664354292532, "tick_direction": 3, "price": 0.0045, "mark_price": 0.00473649, "iv": 74.8, "instrument_name": "BTC-30DEC22-40000-C", "index_price": 18727.41, "direction": "sell", "amount": 0.9}, {"trade_seq": 3043, "trade_id": "230479045", "timestamp": 1664354292532, "tick_direction": 3, "price": 0.0045, "mark_price": 0.00473649, "iv": 74.8, "instrument_name": "BTC-30DEC22-40000-C", "index_price": 18727.41, "direction": "sell", "amount": 8.9}, {"trade_seq": 3042, "trade_id": "230479044", "timestamp": 1664354292532, "tick_direction": 3, "price": 0.0045, "mark_price": 0.00473649, "iv": 74.8, "instrument_name": "BTC-30DEC22-40000-C", "index_price": 18727.41, "direction": "sell", "amount": 2.4}, {"trade_seq": 3041, "trade_id": "230479043", "timestamp": 1664354292532, "tick_direction": 3, "price": 0.0045, "mark_price": 0.00473649, "iv": 74.8, "instrument_name": "BTC-30DEC22-40000-C", "index_price": 18727.41, "direction": "sell", "amount": 26.0}, {"trade_seq": 3040, "trade_id": "230479042", "timestamp": 1664354292532, "tick_direction": 2, "price": 0.0045, "mark_price": 0.00473649, "iv": 74.8, "instrument_name": "BTC-30DEC22-40000-C", "index_price": 18727.41, "direction": "sell", "amount": 12.0}, {"trade_seq": 3039, "trade_id": "230478263", "timestamp": 1664353783718, "tick_direction": 1, "price": 0.005, "mark_price": 0.00474459, "iv": 76.0, "instrument_name": "BTC-30DEC22-40000-C", "index_price": 18742.08, "direction": "buy", "amount": 0.1}, {"trade_seq": 3038, "trade_id": "230478262", "timestamp": 1664353783687, "tick_direction": 1, "price": 0.005, "mark_price": 0.00474459, "iv": 76.0, "instrument_name": "BTC-30DEC22-40000-C", "index_price": 18742.08, "direction": "buy", "amount": 0.1}, {"trade_seq": 3037, "trade_id": "230478261", "timestamp": 1664353782422, "tick_direction": 1, "price": 0.005, "mark_price": 0.0047449, "iv": 76.0, "instrument_name": "BTC-30DEC22-40000-C", "index_price": 18741.45, "direction": "buy", "amount": 0.1}, {"trade_seq": 3036, "trade_id": "230478260", "timestamp": 1664353782404, "tick_direction": 1, "price": 0.005, "mark_price": 0.0047449, "iv": 76.0, "instrument_name": "BTC-30DEC22-40000-C", "index_price": 18741.45, "direction": "buy", "amount": 0.1}, {"trade_seq": 3035, "trade_id": "230478259", "timestamp": 1664353781050, "tick_direction": 1, "price": 0.005, "mark_price": 0.00474159, "iv": 76.01, "instrument_name": "BTC-30DEC22-40000-C", "index_price": 18740.57, "direction": "buy", "amount": 0.1}, {"trade_seq": 3034, "trade_id": "230478258", "timestamp": 1664353781039, "tick_direction": 1, "price": 0.005, "mark_price": 0.00474159, "iv": 76.01, "instrument_name": "BTC-30DEC22-40000-C", "index_price": 18740.57, "direction": "buy", "amount": 0.1}, {"trade_seq": 3033, "trade_id": "230478252", "timestamp": 1664353780422, "tick_direction": 1, "price": 0.005, "mark_price": 0.00474188, "iv": 76.01, "instrument_name": "BTC-30DEC22-40000-C", "index_price": 18739.2, "direction": "buy", "amount": 0.1}, {"trade_seq": 3032, "trade_id": "230478251", "timestamp": 1664353780390, "tick_direction": 1, "price": 0.005, "mark_price": 0.00474188, "iv": 76.01, "instrument_name": "BTC-30DEC22-40000-C", "index_price": 18739.2, "direction": "buy", "amount": 0.1}, {"trade_seq": 3031, "trade_id": "230478245", "timestamp": 1664353772198, "tick_direction": 1, "price": 0.005, "mark_price": 0.00474617, "iv": 76.0, "instrument_name": "BTC-30DEC22-40000-C", "index_price": 18739.58, "direction": "buy", "amount": 0.1}, {"trade_seq": 3030, "trade_id": "230478243", "timestamp": 1664353771461, "tick_direction": 1, "price": 0.005, "mark_price": 0.00474023, "iv": 76.01, "instrument_name": "BTC-30DEC22-40000-C", "index_price": 18735.75, "direction": "buy", "amount": 0.1}, {"trade_seq": 3029, "trade_id": "230478242", "timestamp": 1664353771450, "tick_direction": 1, "price": 0.005, "mark_price": 0.00474023, "iv": 76.01, "instrument_name": "BTC-30DEC22-40000-C", "index_price": 18735.75, "direction": "buy", "amount": 0.1}, {"trade_seq": 3028, "trade_id": "230478241", "timestamp": 1664353771418, "tick_direction": 1, "price": 0.005, "mark_price": 0.00474023, "iv": 76.01, "instrument_name": "BTC-30DEC22-40000-C", "index_price": 18735.75, "direction": "buy", "amount": 0.1}, {"trade_seq": 3027, "trade_id": "230478240", "timestamp": 1664353771096, "tick_direction": 1, "price": 0.005, "mark_price": 0.00474023, "iv": 76.01, "instrument_name": "BTC-30DEC22-40000-C", "index_price": 18735.75, "direction": "buy", "amount": 0.1}, {"trade_seq": 3026, "trade_id": "230478239", "timestamp": 1664353771045, "tick_direction": 1, "price": 0.005, "mark_price": 0.00474023, "iv": 76.01, "instrument_name": "BTC-30DEC22-40000-C", "index_price": 18735.75, "direction": "buy", "amount": 0.2}, {"trade_seq": 3025, "trade_id": "230478238", "timestamp": 1664353771029, "tick_direction": 1, "price": 0.005, "mark_price": 0.00474023, "iv": 76.01, "instrument_name": "BTC-30DEC22-40000-C", "index_price": 18735.75, "direction": "buy", "amount": 0.2}, {"trade_seq": 3024, "trade_id": "230478237", "timestamp": 1664353770984, "tick_direction": 1, "price": 0.005, "mark_price": 0.00474023, "iv": 76.01, "instrument_name": "BTC-30DEC22-40000-C", "index_price": 18735.75, "direction": "buy", "amount": 0.2}, {"trade_seq": 3023, "trade_id": "230478228", "timestamp": 1664353770236, "tick_direction": 1, "price": 0.005, "mark_price": 0.00474022, "iv": 76.01, "instrument_name": "BTC-30DEC22-40000-C", "index_price": 18735.58, "direction": "buy", "amount": 0.1}, {"trade_seq": 3022, "trade_id": "230478227", "timestamp": 1664353769052, "tick_direction": 1, "price": 0.005, "mark_price": 0.00473966, "iv": 76.01, "instrument_name": "BTC-30DEC22-40000-C", "index_price": 18735.1, "direction": "buy", "amount": 0.1}, {"trade_seq": 3021, "trade_id": "230478225", "timestamp": 1664353768234, "tick_direction": 1, "price": 0.005, "mark_price": 0.00474094, "iv": 76.01, "instrument_name": "BTC-30DEC22-40000-C", "index_price": 18735.68, "direction": "buy", "amount": 0.1}, {"trade_seq": 3020, "trade_id": "230478215", "timestamp": 1664353762194, "tick_direction": 1, "price": 0.005, "mark_price": 0.0047359, "iv": 76.02, "instrument_name": "BTC-30DEC22-40000-C", "index_price": 18732.17, "direction": "buy", "amount": 0.2}, {"trade_seq": 3019, "trade_id": "230478208", "timestamp": 1664353755035, "tick_direction": 1, "price": 0.005, "mark_price": 0.00472368, "iv": 76.05, "instrument_name": "BTC-30DEC22-40000-C", "index_price": 18726.04, "direction": "buy", "amount": 0.1}, {"trade_seq": 3018, "trade_id": "230478207", "timestamp": 1664353755020, "tick_direction": 1, "price": 0.005, "mark_price": 0.00472368, "iv": 76.05, "instrument_name": "BTC-30DEC22-40000-C", "index_price": 18726.04, "direction": "buy", "amount": 0.1}, {"trade_seq": 3017, "trade_id": "230478202", "timestamp": 1664353747996, "tick_direction": 1, "price": 0.005, "mark_price": 0.00471778, "iv": 76.07, "instrument_name": "BTC-30DEC22-40000-C", "index_price": 18721.22, "direction": "buy", "amount": 0.1}, {"trade_seq": 3016, "trade_id": "230477668", "timestamp": 1664353631115, "tick_direction": 1, "price": 0.005, "mark_price": 0.0047588, "iv": 75.93, "instrument_name": "BTC-30DEC22-40000-C", "index_price": 18757.47, "direction": "buy", "amount": 0.2}, {"trade_seq": 3015, "trade_id": "230477588", "timestamp": 1664353561890, "tick_direction": 1, "price": 0.005, "mark_price": 0.00476427, "iv": 75.92, "instrument_name": "BTC-30DEC22-40000-C", "index_price": 18761.34, "direction": "buy", "amount": 0.1}, {"trade_seq": 3014, "trade_id": "230477586", "timestamp": 1664353559909, "tick_direction": 1, "price": 0.005, "mark_price": 0.00476403, "iv": 75.92, "instrument_name": "BTC-30DEC22-40000-C", "index_price": 18761.23, "direction": "buy", "amount": 0.1}, {"trade_seq": 3013, "trade_id": "230477585", "timestamp": 1664353559670, "tick_direction": 1, "price": 0.005, "mark_price": 0.00476403, "iv": 75.92, "instrument_name": "BTC-30DEC22-40000-C", "index_price": 18761.23, "direction": "buy", "amount": 0.2}, {"trade_seq": 3012, "trade_id": "230477583", "timestamp": 1664353557931, "tick_direction": 1, "price": 0.005, "mark_price": 0.0047646, "iv": 75.92, "instrument_name": "BTC-30DEC22-40000-C", "index_price": 18761.53, "direction": "buy", "amount": 0.3}, {"trade_seq": 3011, "trade_id": "230477574", "timestamp": 1664353551764, "tick_direction": 1, "price": 0.005, "mark_price": 0.00476682, "iv": 75.91, "instrument_name": "BTC-30DEC22-40000-C", "index_price": 18762.42, "direction": "buy", "amount": 1.2}, {"trade_seq": 3010, "trade_id": "230477570", "timestamp": 1664353546990, "tick_direction": 0, "price": 0.005, "mark_price": 0.00476544, "iv": 75.91, "instrument_name": "BTC-30DEC22-40000-C", "index_price": 18762.1, "direction": "buy", "amount": 0.4}, {"trade_seq": 3009, "trade_id": "230455318", "timestamp": 1664336574426, "tick_direction": 3, "price": 0.0045, "mark_price": 0.00470672, "iv": 74.88, "instrument_name": "BTC-30DEC22-40000-C", "index_price": 18697.37, "direction": "sell", "amount": 2.0}, {"trade_seq": 3008, "trade_id": "230454568", "timestamp": 1664336212987, "tick_direction": 2, "price": 0.0045, "mark_price": 0.00477877, "iv": 74.67, "instrument_name": "BTC-30DEC22-40000-C", "index_price": 18748.51, "direction": "sell", "amount": 2.0}, {"trade_seq": 3007, "trade_id": "230364432", "timestamp": 1664293034438, "tick_direction": 1, "price": 0.005, "mark_price": 0.00520713, "iv": 70.17, "instrument_name": "BTC-30DEC22-40000-C", "index_price": 20109.72, "direction": "buy", "amount": 4.5}, {"trade_seq": 3006, "trade_id": "230364431", "timestamp": 1664293034434, "tick_direction": 0, "price": 0.005, "mark_price": 0.00520713, "iv": 70.17, "instrument_name": "BTC-30DEC22-40000-C", "index_price": 20109.72, "direction": "sell", "amount": 2.2}, {"trade_seq": 3005, "trade_id": "230271758", "timestamp": 1664234315402, "tick_direction": 1, "price": 0.005, "mark_price": 0.00455464, "iv": 73.73, "instrument_name": "BTC-30DEC22-40000-C", "index_price": 19172.73, "direction": "buy", "amount": 11.4}, {"trade_seq": 3004, "trade_id": "230222865", "timestamp": 1664186358717, "tick_direction": 0, "price": 0.005, "mark_price": 0.00444226, "iv": 73.83, "instrument_name": "BTC-30DEC22-40000-C", "index_price": 19082.29, "direction": "buy", "amount": 0.2}, {"trade_seq": 3003, "trade_id": "230213371", "timestamp": 1664181488537, "tick_direction": 3, "price": 0.0045, "mark_price": 0.00471328, "iv": 72.24, "instrument_name": "BTC-30DEC22-40000-C", "index_price": 19168.22, "direction": "sell", "amount": 1.8}, {"trade_seq": 3002, "trade_id": "230213360", "timestamp": 1664181483828, "tick_direction": 3, "price": 0.0045, "mark_price": 0.00470335, "iv": 72.26, "instrument_name": "BTC-30DEC22-40000-C", "index_price": 19161.49, "direction": "sell", "amount": 2.5}, {"trade_seq": 3001, "trade_id": "230092741", "timestamp": 1664014617748, "tick_direction": 2, "price": 0.0045, "mark_price": 0.00397873, "iv": 72.11, "instrument_name": "BTC-30DEC22-40000-C", "index_price": 19024.18, "direction": "buy", "amount": 2.8}, {"trade_seq": 3000, "trade_id": "230017727", "timestamp": 1663943054411, "tick_direction": 2, "price": 0.005, "mark_price": 0.00491034, "iv": 74.77, "instrument_name": "BTC-30DEC22-40000-C", "index_price": 18595.38, "direction": "sell", "amount": 1.0}, {"trade_seq": 2999, "trade_id": "229955734", "timestamp": 1663885473333, "tick_direction": 0, "price": 0.006, "mark_price": 0.00564928, "iv": 73.49, "instrument_name": "BTC-30DEC22-40000-C", "index_price": 19371.13, "direction": "buy", "amount": 0.2}, {"trade_seq": 2998, "trade_id": "229945773", "timestamp": 1663875005239, "tick_direction": 3, "price": 0.0055, "mark_price": 0.00542983, "iv": 72.83, "instrument_name": "BTC-30DEC22-40000-C", "index_price": 19277.19, "direction": "buy", "amount": 0.2}, {"trade_seq": 2997, "trade_id": "229945768", "timestamp": 1663875005108, "tick_direction": 3, "price": 0.0055, "mark_price": 0.00542992, "iv": 72.83, "instrument_name": "BTC-30DEC22-40000-C", "index_price": 19277.19, "direction": "buy", "amount": 0.1}, {"trade_seq": 2996, "trade_id": "229945766", "timestamp": 1663875004988, "tick_direction": 3, "price": 0.0055, "mark_price": 0.00542992, "iv": 72.83, "instrument_name": "BTC-30DEC22-40000-C", "index_price": 19277.19, "direction": "buy", "amount": 0.1}, {"trade_seq": 2995, "trade_id": "229945765", "timestamp": 1663875004916, "tick_direction": 3, "price": 0.0055, "mark_price": 0.00542992, "iv": 72.84, "instrument_name": "BTC-30DEC22-40000-C", "index_price": 19272.06, "direction": "buy", "amount": 0.1}, {"trade_seq": 2994, "trade_id": "229945690", "timestamp": 1663874913986, "tick_direction": 3, "price": 0.0055, "mark_price": 0.00541264, "iv": 72.86, "instrument_name": "BTC-30DEC22-40000-C", "index_price": 19253.93, "direction": "buy", "amount": 0.1}, {"trade_seq": 2993, "trade_id": "229945689", "timestamp": 1663874913762, "tick_direction": 3, "price": 0.0055, "mark_price": 0.00541317, "iv": 72.86, "instrument_name": "BTC-30DEC22-40000-C", "index_price": 19253.93, "direction": "buy", "amount": 0.1}, {"trade_seq": 2992, "trade_id": "229945688", "timestamp": 1663874913664, "tick_direction": 3, "price": 0.0055, "mark_price": 0.00541317, "iv": 72.86, "instrument_name": "BTC-30DEC22-40000-C", "index_price": 19253.93, "direction": "buy", "amount": 0.1}, {"trade_seq": 2991, "trade_id": "229945687", "timestamp": 1663874913608, "tick_direction": 3, "price": 0.0055, "mark_price": 0.00541317, "iv": 72.86, "instrument_name": "BTC-30DEC22-40000-C", "index_price": 19253.93, "direction": "buy", "amount": 0.1}, {"trade_seq": 2990, "trade_id": "229945545", "timestamp": 1663874754065, "tick_direction": 2, "price": 0.0055, "mark_price": 0.00539099, "iv": 72.9, "instrument_name": "BTC-30DEC22-40000-C", "index_price": 19245.16, "direction": "buy", "amount": 0.1}, {"trade_seq": 2989, "trade_id": "229908738", "timestamp": 1663850694963, "tick_direction": 1, "price": 0.006, "mark_price": 0.00551507, "iv": 73.94, "instrument_name": "BTC-30DEC22-40000-C", "index_price": 19239.91, "direction": "buy", "amount": 4.7}, {"trade_seq": 2988, "trade_id": "229908737", "timestamp": 1663850694963, "tick_direction": 1, "price": 0.006, "mark_price": 0.00551507, "iv": 73.94, "instrument_name": "BTC-30DEC22-40000-C", "index_price": 19239.91, "direction": "buy", "amount": 4.3}, {"trade_seq": 2987, "trade_id": "229908736", "timestamp": 1663850694963, "tick_direction": 0, "price": 0.006, "mark_price": 0.00551507, "iv": 73.94, "instrument_name": "BTC-30DEC22-40000-C", "index_price": 19239.91, "direction": "buy", "amount": 1.0}, {"trade_seq": 2986, "trade_id": "229902930", "timestamp": 1663845547888, "tick_direction": 3, "price": 0.005, "mark_price": 0.00545479, "iv": 72.34, "instrument_name": "BTC-30DEC22-40000-C", "index_price": 19092.44, "direction": "sell", "amount": 1.0}, {"trade_seq": 2985, "trade_id": "229860634", "timestamp": 1663810418618, "tick_direction": 3, "price": 0.005, "mark_price": 0.00518338, "iv": 74.7, "instrument_name": "BTC-30DEC22-40000-C", "index_price": 18483.79, "direction": "sell", "amount": 0.7}, {"trade_seq": 2984, "trade_id": "229860633", "timestamp": 1663810418618, "tick_direction": 2, "price": 0.005, "mark_price": 0.00518338, "iv": 74.7, "instrument_name": "BTC-30DEC22-40000-C", "index_price": 18483.79, "direction": "sell", "amount": 0.3}, {"trade_seq": 2983, "trade_id": "229730824", "timestamp": 1663777329041, "tick_direction": 0, "price": 0.006, "mark_price": 0.00546203, "iv": 73.63, "instrument_name": "BTC-30DEC22-40000-C", "index_price": 19232.9, "direction": "buy", "amount": 0.4}, {"trade_seq": 2982, "trade_id": "229729372", "timestamp": 1663776187548, "tick_direction": 2, "price": 0.0055, "mark_price": 0.00526331, "iv": 72.74, "instrument_name": "BTC-30DEC22-40000-C", "index_price": 19185.27, "direction": "buy", "amount": 1.0}, {"trade_seq": 2981, "trade_id": "229694447", "timestamp": 1663746415454, "tick_direction": 0, "price": 0.006, "mark_price": 0.0060173, "iv": 74.65, "instrument_name": "BTC-30DEC22-40000-C", "index_price": 18938.53, "direction": "sell", "amount": 0.4}, {"trade_seq": 2980, "trade_id": "229694235", "timestamp": 1663746313888, "tick_direction": 3, "price": 0.0055, "mark_price": 0.00600454, "iv": 73.64, "instrument_name": "BTC-30DEC22-40000-C", "index_price": 18928.25, "direction": "sell", "amount": 0.9}, {"trade_seq": 2979, "trade_id": "229694234", "timestamp": 1663746313888, "tick_direction": 3, "price": 0.0055, "mark_price": 0.00600454, "iv": 73.64, "instrument_name": "BTC-30DEC22-40000-C", "index_price": 18928.25, "direction": "sell", "amount": 0.9}, {"trade_seq": 2978, "trade_id": "229694233", "timestamp": 1663746311277, "tick_direction": 3, "price": 0.0055, "mark_price": 0.00600403, "iv": 73.65, "instrument_name": "BTC-30DEC22-40000-C", "index_price": 18927.59, "direction": "sell", "amount": 0.3}, {"trade_seq": 2977, "trade_id": "229694232", "timestamp": 1663746311277, "tick_direction": 3, "price": 0.0055, "mark_price": 0.00600403, "iv": 73.65, "instrument_name": "BTC-30DEC22-40000-C", "index_price": 18927.59, "direction": "sell", "amount": 0.8}, {"trade_seq": 2976, "trade_id": "229694231", "timestamp": 1663746311277, "tick_direction": 2, "price": 0.0055, "mark_price": 0.00600403, "iv": 73.65, "instrument_name": "BTC-30DEC22-40000-C", "index_price": 18927.59, "direction": "sell", "amount": 1.4}, {"trade_seq": 2975, "trade_id": "229688674", "timestamp": 1663741549669, "tick_direction": 3, "price": 0.006, "mark_price": 0.00570596, "iv": 74.84, "instrument_name": "BTC-30DEC22-40000-C", "index_price": 18892.55, "direction": "buy", "amount": 3.0}, {"trade_seq": 2974, "trade_id": "229688673", "timestamp": 1663741549669, "tick_direction": 3, "price": 0.006, "mark_price": 0.00570596, "iv": 74.84, "instrument_name": "BTC-30DEC22-40000-C", "index_price": 18892.55, "direction": "buy", "amount": 3.0}, {"trade_seq": 2973, "trade_id": "229678289", "timestamp": 1663726439366, "tick_direction": 3, "price": 0.006, "mark_price": 0.00582695, "iv": 74.41, "instrument_name": "BTC-30DEC22-40000-C", "index_price": 18987.67, "direction": "buy", "amount": 0.1}, {"trade_seq": 2972, "trade_id": "229678288", "timestamp": 1663726437441, "tick_direction": 3, "price": 0.006, "mark_price": 0.00582842, "iv": 74.4, "instrument_name": "BTC-30DEC22-40000-C", "index_price": 18988.38, "direction": "buy", "amount": 0.2}, {"trade_seq": 2971, "trade_id": "229678287", "timestamp": 1663726437352, "tick_direction": 3, "price": 0.006, "mark_price": 0.00582842, "iv": 74.4, "instrument_name": "BTC-30DEC22-40000-C", "index_price": 18988.38, "direction": "buy", "amount": 0.2}, {"trade_seq": 2970, "trade_id": "229678286", "timestamp": 1663726435343, "tick_direction": 3, "price": 0.006, "mark_price": 0.00583141, "iv": 74.39, "instrument_name": "BTC-30DEC22-40000-C", "index_price": 18990.93, "direction": "buy", "amount": 0.2}, {"trade_seq": 2969, "trade_id": "229678285", "timestamp": 1663726433292, "tick_direction": 3, "price": 0.006, "mark_price": 0.00583308, "iv": 74.39, "instrument_name": "BTC-30DEC22-40000-C", "index_price": 18991.26, "direction": "buy", "amount": 0.1}, {"trade_seq": 2968, "trade_id": "229678284", "timestamp": 1663726432278, "tick_direction": 3, "price": 0.006, "mark_price": 0.00583415, "iv": 74.39, "instrument_name": "BTC-30DEC22-40000-C", "index_price": 18991.48, "direction": "buy", "amount": 0.1}, {"trade_seq": 2967, "trade_id": "229678283", "timestamp": 1663726430596, "tick_direction": 3, "price": 0.006, "mark_price": 0.00582544, "iv": 74.4, "instrument_name": "BTC-30DEC22-40000-C", "index_price": 18987.52, "direction": "buy", "amount": 0.1}, {"trade_seq": 2966, "trade_id": "229678280", "timestamp": 1663726428626, "tick_direction": 3, "price": 0.006, "mark_price": 0.00581955, "iv": 74.4, "instrument_name": "BTC-30DEC22-40000-C", "index_price": 18987.78, "direction": "buy", "amount": 0.1}, {"trade_seq": 2965, "trade_id": "229678279", "timestamp": 1663726428429, "tick_direction": 3, "price": 0.006, "mark_price": 0.00581955, "iv": 74.4, "instrument_name": "BTC-30DEC22-40000-C", "index_price": 18987.78, "direction": "buy", "amount": 0.1}, {"trade_seq": 2964, "trade_id": "229678278", "timestamp": 1663726428414, "tick_direction": 3, "price": 0.006, "mark_price": 0.00581955, "iv": 74.4, "instrument_name": "BTC-30DEC22-40000-C", "index_price": 18987.78, "direction": "buy", "amount": 0.2}, {"trade_seq": 2963, "trade_id": "229678277", "timestamp": 1663726428133, "tick_direction": 3, "price": 0.006, "mark_price": 0.00581955, "iv": 74.4, "instrument_name": "BTC-30DEC22-40000-C", "index_price": 18987.78, "direction": "buy", "amount": 0.1}, {"trade_seq": 2962, "trade_id": "229678276", "timestamp": 1663726428125, "tick_direction": 3, "price": 0.006, "mark_price": 0.00581955, "iv": 74.4, "instrument_name": "BTC-30DEC22-40000-C", "index_price": 18987.78, "direction": "buy", "amount": 0.2}, {"trade_seq": 2961, "trade_id": "229678267", "timestamp": 1663726427748, "tick_direction": 3, "price": 0.006, "mark_price": 0.00581955, "iv": 74.42, "instrument_name": "BTC-30DEC22-40000-C", "index_price": 18984.53, "direction": "buy", "amount": 0.1}, {"trade_seq": 2960, "trade_id": "229678260", "timestamp": 1663726427632, "tick_direction": 3, "price": 0.006, "mark_price": 0.0058194, "iv": 74.42, "instrument_name": "BTC-30DEC22-40000-C", "index_price": 18984.53, "direction": "buy", "amount": 0.1}, {"trade_seq": 2959, "trade_id": "229678256", "timestamp": 1663726427620, "tick_direction": 3, "price": 0.006, "mark_price": 0.0058194, "iv": 74.42, "instrument_name": "BTC-30DEC22-40000-C", "index_price": 18984.53, "direction": "buy", "amount": 0.2}, {"trade_seq": 2958, "trade_id": "229678245", "timestamp": 1663726427567, "tick_direction": 3, "price": 0.006, "mark_price": 0.0058194, "iv": 74.42, "instrument_name": "BTC-30DEC22-40000-C", "index_price": 18984.53, "direction": "buy", "amount": 0.1}, {"trade_seq": 2957, "trade_id": "229678244", "timestamp": 1663726427532, "tick_direction": 3, "price": 0.006, "mark_price": 0.0058194, "iv": 74.42, "instrument_name": "BTC-30DEC22-40000-C", "index_price": 18984.53, "direction": "buy", "amount": 0.2}, {"trade_seq": 2956, "trade_id": "229678243", "timestamp": 1663726424671, "tick_direction": 3, "price": 0.006, "mark_price": 0.00581969, "iv": 74.42, "instrument_name": "BTC-30DEC22-40000-C", "index_price": 18984.7, "direction": "buy", "amount": 0.1}, {"trade_seq": 2955, "trade_id": "229678242", "timestamp": 1663726422911, "tick_direction": 3, "price": 0.006, "mark_price": 0.00582016, "iv": 74.42, "instrument_name": "BTC-30DEC22-40000-C", "index_price": 18984.66, "direction": "buy", "amount": 0.1}, {"trade_seq": 2954, "trade_id": "229678241", "timestamp": 1663726421981, "tick_direction": 3, "price": 0.006, "mark_price": 0.0058199, "iv": 74.42, "instrument_name": "BTC-30DEC22-40000-C", "index_price": 18984.88, "direction": "buy", "amount": 0.1}, {"trade_seq": 2953, "trade_id": "229678240", "timestamp": 1663726421145, "tick_direction": 3, "price": 0.006, "mark_price": 0.00581948, "iv": 74.42, "instrument_name": "BTC-30DEC22-40000-C", "index_price": 18984.72, "direction": "buy", "amount": 0.2}, {"trade_seq": 2952, "trade_id": "229678239", "timestamp": 1663726419787, "tick_direction": 3, "price": 0.006, "mark_price": 0.00581771, "iv": 74.42, "instrument_name": "BTC-30DEC22-40000-C", "index_price": 18984.42, "direction": "buy", "amount": 0.2}, {"trade_seq": 2951, "trade_id": "229678238", "timestamp": 1663726417104, "tick_direction": 3, "price": 0.006, "mark_price": 0.00581895, "iv": 74.42, "instrument_name": "BTC-30DEC22-40000-C", "index_price": 18983.78, "direction": "buy", "amount": 0.2}, {"trade_seq": 2950, "trade_id": "229678237", "timestamp": 1663726415099, "tick_direction": 3, "price": 0.006, "mark_price": 0.00581699, "iv": 74.43, "instrument_name": "BTC-30DEC22-40000-C", "index_price": 18983.04, "direction": "buy", "amount": 0.1}, {"trade_seq": 2949, "trade_id": "229678236", "timestamp": 1663726414696, "tick_direction": 3, "price": 0.006, "mark_price": 0.00581699, "iv": 74.43, "instrument_name": "BTC-30DEC22-40000-C", "index_price": 18982.85, "direction": "buy", "amount": 0.1}, {"trade_seq": 2948, "trade_id": "229678235", "timestamp": 1663726414482, "tick_direction": 3, "price": 0.006, "mark_price": 0.00581639, "iv": 74.43, "instrument_name": "BTC-30DEC22-40000-C", "index_price": 18982.85, "direction": "buy", "amount": 0.1}, {"trade_seq": 2947, "trade_id": "229678234", "timestamp": 1663726413057, "tick_direction": 3, "price": 0.006, "mark_price": 0.0058162, "iv": 74.43, "instrument_name": "BTC-30DEC22-40000-C", "index_price": 18982.54, "direction": "buy", "amount": 0.2}, {"trade_seq": 2946, "trade_id": "229678233", "timestamp": 1663726412426, "tick_direction": 3, "price": 0.006, "mark_price": 0.00581893, "iv": 74.43, "instrument_name": "BTC-30DEC22-40000-C", "index_price": 18982.46, "direction": "buy", "amount": 0.2}, {"trade_seq": 2945, "trade_id": "229678232", "timestamp": 1663726411616, "tick_direction": 3, "price": 0.006, "mark_price": 0.00581806, "iv": 74.42, "instrument_name": "BTC-30DEC22-40000-C", "index_price": 18983.52, "direction": "buy", "amount": 0.2}, {"trade_seq": 2944, "trade_id": "229678231", "timestamp": 1663726408863, "tick_direction": 3, "price": 0.006, "mark_price": 0.00581778, "iv": 74.43, "instrument_name": "BTC-30DEC22-40000-C", "index_price": 18983.24, "direction": "buy", "amount": 0.1}, {"trade_seq": 2943, "trade_id": "229678230", "timestamp": 1663726408855, "tick_direction": 3, "price": 0.006, "mark_price": 0.00581778, "iv": 74.43, "instrument_name": "BTC-30DEC22-40000-C", "index_price": 18983.24, "direction": "buy", "amount": 0.1}, {"trade_seq": 2942, "trade_id": "229678229", "timestamp": 1663726408766, "tick_direction": 3, "price": 0.006, "mark_price": 0.00581778, "iv": 74.43, "instrument_name": "BTC-30DEC22-40000-C", "index_price": 18983.24, "direction": "buy", "amount": 0.1}, {"trade_seq": 2941, "trade_id": "229678228", "timestamp": 1663726408479, "tick_direction": 3, "price": 0.006, "mark_price": 0.00581779, "iv": 74.43, "instrument_name": "BTC-30DEC22-40000-C", "index_price": 18983.05, "direction": "buy", "amount": 0.1}, {"trade_seq": 2940, "trade_id": "229678227", "timestamp": 1663726408159, "tick_direction": 3, "price": 0.006, "mark_price": 0.00581779, "iv": 74.43, "instrument_name": "BTC-30DEC22-40000-C", "index_price": 18983.05, "direction": "buy", "amount": 0.1}, {"trade_seq": 2939, "trade_id": "229678226", "timestamp": 1663726408042, "tick_direction": 3, "price": 0.006, "mark_price": 0.00581779, "iv": 74.43, "instrument_name": "BTC-30DEC22-40000-C", "index_price": 18983.05, "direction": "buy", "amount": 0.1}, {"trade_seq": 2938, "trade_id": "229678224", "timestamp": 1663726404958, "tick_direction": 3, "price": 0.006, "mark_price": 0.00582044, "iv": 74.42, "instrument_name": "BTC-30DEC22-40000-C", "index_price": 18984.19, "direction": "buy", "amount": 0.2}, {"trade_seq": 2937, "trade_id": "229678222", "timestamp": 1663726404466, "tick_direction": 3, "price": 0.006, "mark_price": 0.00582248, "iv": 74.42, "instrument_name": "BTC-30DEC22-40000-C", "index_price": 18985.17, "direction": "buy", "amount": 0.2}, {"trade_seq": 2936, "trade_id": "229678221", "timestamp": 1663726402142, "tick_direction": 3, "price": 0.006, "mark_price": 0.00582561, "iv": 74.41, "instrument_name": "BTC-30DEC22-40000-C", "index_price": 18986.2, "direction": "buy", "amount": 0.3}, {"trade_seq": 2935, "trade_id": "229678220", "timestamp": 1663726401015, "tick_direction": 3, "price": 0.006, "mark_price": 0.00582261, "iv": 74.42, "instrument_name": "BTC-30DEC22-40000-C", "index_price": 18984.42, "direction": "buy", "amount": 0.4}, {"trade_seq": 2934, "trade_id": "229678219", "timestamp": 1663726400936, "tick_direction": 3, "price": 0.006, "mark_price": 0.00582261, "iv": 74.42, "instrument_name": "BTC-30DEC22-40000-C", "index_price": 18984.42, "direction": "buy", "amount": 0.2}, {"trade_seq": 2933, "trade_id": "229678218", "timestamp": 1663726400924, "tick_direction": 3, "price": 0.006, "mark_price": 0.00582261, "iv": 74.42, "instrument_name": "BTC-30DEC22-40000-C", "index_price": 18984.42, "direction": "buy", "amount": 0.1}, {"trade_seq": 2932, "trade_id": "229678217", "timestamp": 1663726400908, "tick_direction": 3, "price": 0.006, "mark_price": 0.00582261, "iv": 74.42, "instrument_name": "BTC-30DEC22-40000-C", "index_price": 18984.42, "direction": "buy", "amount": 0.1}, {"trade_seq": 2931, "trade_id": "229678216", "timestamp": 1663726400894, "tick_direction": 3, "price": 0.006, "mark_price": 0.00582261, "iv": 74.42, "instrument_name": "BTC-30DEC22-40000-C", "index_price": 18984.42, "direction": "buy", "amount": 0.1}, {"trade_seq": 2930, "trade_id": "229678212", "timestamp": 1663726400444, "tick_direction": 3, "price": 0.006, "mark_price": 0.00581939, "iv": 74.43, "instrument_name": "BTC-30DEC22-40000-C", "index_price": 18982.86, "direction": "buy", "amount": 0.3}, {"trade_seq": 2929, "trade_id": "229678211", "timestamp": 1663726398034, "tick_direction": 3, "price": 0.006, "mark_price": 0.00581997, "iv": 74.43, "instrument_name": "BTC-30DEC22-40000-C", "index_price": 18982.48, "direction": "buy", "amount": 0.2}, {"trade_seq": 2928, "trade_id": "229678206", "timestamp": 1663726396867, "tick_direction": 3, "price": 0.006, "mark_price": 0.00582043, "iv": 74.42, "instrument_name": "BTC-30DEC22-40000-C", "index_price": 18982.55, "direction": "buy", "amount": 0.2}, {"trade_seq": 2927, "trade_id": "229678202", "timestamp": 1663726395684, "tick_direction": 3, "price": 0.006, "mark_price": 0.00581889, "iv": 74.43, "instrument_name": "BTC-30DEC22-40000-C", "index_price": 18981.56, "direction": "buy", "amount": 0.1}, {"trade_seq": 2926, "trade_id": "229678201", "timestamp": 1663726395264, "tick_direction": 3, "price": 0.006, "mark_price": 0.0058194, "iv": 74.43, "instrument_name": "BTC-30DEC22-40000-C", "index_price": 18981.63, "direction": "buy", "amount": 0.2}, {"trade_seq": 2925, "trade_id": "229678200", "timestamp": 1663726395249, "tick_direction": 3, "price": 0.006, "mark_price": 0.0058194, "iv": 74.43, "instrument_name": "BTC-30DEC22-40000-C", "index_price": 18981.63, "direction": "buy", "amount": 0.3}, {"trade_seq": 2924, "trade_id": "229678184", "timestamp": 1663726391801, "tick_direction": 3, "price": 0.006, "mark_price": 0.00581295, "iv": 74.44, "instrument_name": "BTC-30DEC22-40000-C", "index_price": 18978.06, "direction": "buy", "amount": 0.1}, {"trade_seq": 2923, "trade_id": "229678183", "timestamp": 1663726391673, "tick_direction": 3, "price": 0.006, "mark_price": 0.00581295, "iv": 74.44, "instrument_name": "BTC-30DEC22-40000-C", "index_price": 18978.06, "direction": "buy", "amount": 0.1}, {"trade_seq": 2922, "trade_id": "229678182", "timestamp": 1663726390551, "tick_direction": 3, "price": 0.006, "mark_price": 0.00581087, "iv": 74.44, "instrument_name": "BTC-30DEC22-40000-C", "index_price": 18977.88, "direction": "buy", "amount": 0.1}, {"trade_seq": 2921, "trade_id": "229659633", "timestamp": 1663703260793, "tick_direction": 3, "price": 0.006, "mark_price": 0.00551202, "iv": 73.96, "instrument_name": "BTC-30DEC22-40000-C", "index_price": 19063.76, "direction": "buy", "amount": 0.2}, {"trade_seq": 2920, "trade_id": "229582268", "timestamp": 1663641848399, "tick_direction": 3, "price": 0.006, "mark_price": 0.00648167, "iv": 72.2, "instrument_name": "BTC-30DEC22-40000-C", "index_price": 19454.56, "direction": "sell", "amount": 0.1}, {"trade_seq": 2919, "trade_id": "229582057", "timestamp": 1663641456996, "tick_direction": 2, "price": 0.006, "mark_price": 0.00645288, "iv": 72.22, "instrument_name": "BTC-30DEC22-40000-C", "index_price": 19445.95, "direction": "sell", "amount": 0.1}, {"trade_seq": 2918, "trade_id": "229546858", "timestamp": 1663610956154, "tick_direction": 0, "price": 0.0065, "mark_price": 0.00595953, "iv": 75.06, "instrument_name": "BTC-30DEC22-40000-C", "index_price": 18956.99, "direction": "buy", "amount": 1.0}, {"trade_seq": 2917, "trade_id": "229483745", "timestamp": 1663572177033, "tick_direction": 2, "price": 0.006, "mark_price": 0.00549939, "iv": 76.06, "instrument_name": "BTC-30DEC22-40000-C", "index_price": 18455.1, "direction": "buy", "amount": 0.1}, {"trade_seq": 2916, "trade_id": "229433830", "timestamp": 1663547349859, "tick_direction": 3, "price": 0.007, "mark_price": 0.00749549, "iv": 73.7, "instrument_name": "BTC-30DEC22-40000-C", "index_price": 19470.59, "direction": "sell", "amount": 1.0}, {"trade_seq": 2915, "trade_id": "229433829", "timestamp": 1663547349859, "tick_direction": 3, "price": 0.007, "mark_price": 0.00749549, "iv": 73.7, "instrument_name": "BTC-30DEC22-40000-C", "index_price": 19470.59, "direction": "sell", "amount": 0.8}, {"trade_seq": 2914, "trade_id": "229410726", "timestamp": 1663518955515, "tick_direction": 3, "price": 0.007, "mark_price": 0.00759341, "iv": 72.49, "instrument_name": "BTC-30DEC22-40000-C", "index_price": 19730.45, "direction": "sell", "amount": 0.1}, {"trade_seq": 2913, "trade_id": "229353673", "timestamp": 1663377841282, "tick_direction": 2, "price": 0.007, "mark_price": 0.00745108, "iv": 70.95, "instrument_name": "BTC-30DEC22-40000-C", "index_price": 19976.96, "direction": "sell", "amount": 0.1}, {"trade_seq": 2912, "trade_id": "229301361", "timestamp": 1663322750123, "tick_direction": 2, "price": 0.008, "mark_price": 0.00788362, "iv": 73.35, "instrument_name": "BTC-30DEC22-40000-C", "index_price": 19754.84, "direction": "buy", "amount": 0.7}, {"trade_seq": 2911, "trade_id": "229232393", "timestamp": 1663243380981, "tick_direction": 3, "price": 0.0095, "mark_price": 0.00993949, "iv": 73.88, "instrument_name": "BTC-30DEC22-40000-C", "index_price": 20129.75, "direction": "sell", "amount": 1.7}, {"trade_seq": 2910, "trade_id": "229232392", "timestamp": 1663243380981, "tick_direction": 2, "price": 0.0095, "mark_price": 0.00993949, "iv": 73.88, "instrument_name": "BTC-30DEC22-40000-C", "index_price": 20129.75, "direction": "sell", "amount": 5.3}, {"trade_seq": 2909, "trade_id": "229208046", "timestamp": 1663223326761, "tick_direction": 3, "price": 0.01, "mark_price": 0.00990234, "iv": 74.64, "instrument_name": "BTC-30DEC22-40000-C", "index_price": 20109.07, "direction": "buy", "amount": 0.1}, {"trade_seq": 2908, "trade_id": "229208045", "timestamp": 1663223326735, "tick_direction": 3, "price": 0.01, "mark_price": 0.00990234, "iv": 74.64, "instrument_name": "BTC-30DEC22-40000-C", "index_price": 20109.07, "direction": "buy", "amount": 0.1}, {"trade_seq": 2907, "trade_id": "229208043", "timestamp": 1663223322223, "tick_direction": 3, "price": 0.01, "mark_price": 0.00988397, "iv": 74.64, "instrument_name": "BTC-30DEC22-40000-C", "index_price": 20104.89, "direction": "buy", "amount": 0.1}, {"trade_seq": 2906, "trade_id": "229208042", "timestamp": 1663223322177, "tick_direction": 3, "price": 0.01, "mark_price": 0.00988397, "iv": 74.64, "instrument_name": "BTC-30DEC22-40000-C", "index_price": 20104.89, "direction": "buy", "amount": 0.1}, {"trade_seq": 2905, "trade_id": "229208041", "timestamp": 1663223322165, "tick_direction": 3, "price": 0.01, "mark_price": 0.00988397, "iv": 74.64, "instrument_name": "BTC-30DEC22-40000-C", "index_price": 20104.89, "direction": "buy", "amount": 0.1}, {"trade_seq": 2904, "trade_id": "229208040", "timestamp": 1663223322148, "tick_direction": 3, "price": 0.01, "mark_price": 0.00988397, "iv": 74.64, "instrument_name": "BTC-30DEC22-40000-C", "index_price": 20104.89, "direction": "buy", "amount": 0.1}, {"trade_seq": 2903, "trade_id": "229208039", "timestamp": 1663223321726, "tick_direction": 3, "price": 0.01, "mark_price": 0.00988397, "iv": 74.64, "instrument_name": "BTC-30DEC22-40000-C", "index_price": 20104.89, "direction": "buy", "amount": 0.1}, {"trade_seq": 2902, "trade_id": "229208038", "timestamp": 1663223321713, "tick_direction": 3, "price": 0.01, "mark_price": 0.00988397, "iv": 74.64, "instrument_name": "BTC-30DEC22-40000-C", "index_price": 20104.89, "direction": "buy", "amount": 0.1}, {"trade_seq": 2901, "trade_id": "229208037", "timestamp": 1663223321618, "tick_direction": 3, "price": 0.01, "mark_price": 0.00988397, "iv": 74.64, "instrument_name": "BTC-30DEC22-40000-C", "index_price": 20104.89, "direction": "buy", "amount": 0.1}, {"trade_seq": 2900, "trade_id": "229208036", "timestamp": 1663223321602, "tick_direction": 3, "price": 0.01, "mark_price": 0.00988348, "iv": 74.64, "instrument_name": "BTC-30DEC22-40000-C", "index_price": 20104.89, "direction": "buy", "amount": 0.1}, {"trade_seq": 2899, "trade_id": "229208032", "timestamp": 1663223320115, "tick_direction": 3, "price": 0.01, "mark_price": 0.00988092, "iv": 74.65, "instrument_name": "BTC-30DEC22-40000-C", "index_price": 20103.86, "direction": "buy", "amount": 0.1}, {"trade_seq": 2898, "trade_id": "229208030", "timestamp": 1663223316872, "tick_direction": 3, "price": 0.01, "mark_price": 0.00988236, "iv": 74.65, "instrument_name": "BTC-30DEC22-40000-C", "index_price": 20104.89, "direction": "buy", "amount": 0.1}, {"trade_seq": 2897, "trade_id": "229208029", "timestamp": 1663223314497, "tick_direction": 3, "price": 0.01, "mark_price": 0.00986767, "iv": 74.67, "instrument_name": "BTC-30DEC22-40000-C", "index_price": 20102.81, "direction": "buy", "amount": 0.1}, {"trade_seq": 2896, "trade_id": "229208028", "timestamp": 1663223314363, "tick_direction": 3, "price": 0.01, "mark_price": 0.00986767, "iv": 74.67, "instrument_name": "BTC-30DEC22-40000-C", "index_price": 20100.34, "direction": "buy", "amount": 0.1}, {"trade_seq": 2895, "trade_id": "229208027", "timestamp": 1663223314354, "tick_direction": 3, "price": 0.01, "mark_price": 0.00986767, "iv": 74.67, "instrument_name": "BTC-30DEC22-40000-C", "index_price": 20100.34, "direction": "buy", "amount": 0.2}, {"trade_seq": 2894, "trade_id": "229208026", "timestamp": 1663223314295, "tick_direction": 3, "price": 0.01, "mark_price": 0.00986767, "iv": 74.67, "instrument_name": "BTC-30DEC22-40000-C", "index_price": 20100.34, "direction": "buy", "amount": 0.1}, {"trade_seq": 2893, "trade_id": "229208025", "timestamp": 1663223314263, "tick_direction": 3, "price": 0.01, "mark_price": 0.00986767, "iv": 74.67, "instrument_name": "BTC-30DEC22-40000-C", "index_price": 20100.34, "direction": "buy", "amount": 0.1}, {"trade_seq": 2892, "trade_id": "229208015", "timestamp": 1663223313170, "tick_direction": 3, "price": 0.01, "mark_price": 0.00986415, "iv": 74.67, "instrument_name": "BTC-30DEC22-40000-C", "index_price": 20098.94, "direction": "buy", "amount": 0.1}, {"trade_seq": 2891, "trade_id": "229208014", "timestamp": 1663223311516, "tick_direction": 3, "price": 0.01, "mark_price": 0.00986182, "iv": 74.67, "instrument_name": "BTC-30DEC22-40000-C", "index_price": 20098.86, "direction": "buy", "amount": 0.2}, {"trade_seq": 2890, "trade_id": "229208011", "timestamp": 1663223306668, "tick_direction": 3, "price": 0.01, "mark_price": 0.00985474, "iv": 74.69, "instrument_name": "BTC-30DEC22-40000-C", "index_price": 20094.96, "direction": "buy", "amount": 0.1}, {"trade_seq": 2889, "trade_id": "229208009", "timestamp": 1663223304958, "tick_direction": 3, "price": 0.01, "mark_price": 0.00985176, "iv": 74.69, "instrument_name": "BTC-30DEC22-40000-C", "index_price": 20093.73, "direction": "buy", "amount": 0.1}, {"trade_seq": 2888, "trade_id": "229208008", "timestamp": 1663223304814, "tick_direction": 3, "price": 0.01, "mark_price": 0.00985176, "iv": 74.69, "instrument_name": "BTC-30DEC22-40000-C", "index_price": 20093.73, "direction": "buy", "amount": 0.1}, {"trade_seq": 2887, "trade_id": "229208007", "timestamp": 1663223304792, "tick_direction": 3, "price": 0.01, "mark_price": 0.00985176, "iv": 74.69, "instrument_name": "BTC-30DEC22-40000-C", "index_price": 20093.73, "direction": "buy", "amount": 0.1}, {"trade_seq": 2886, "trade_id": "229207996", "timestamp": 1663223289642, "tick_direction": 3, "price": 0.01, "mark_price": 0.00984522, "iv": 74.71, "instrument_name": "BTC-30DEC22-40000-C", "index_price": 20093.25, "direction": "buy", "amount": 0.1}, {"trade_seq": 2885, "trade_id": "229207995", "timestamp": 1663223289510, "tick_direction": 3, "price": 0.01, "mark_price": 0.00984522, "iv": 74.71, "instrument_name": "BTC-30DEC22-40000-C", "index_price": 20093.25, "direction": "buy", "amount": 0.1}, {"trade_seq": 2884, "trade_id": "229205062", "timestamp": 1663219973640, "tick_direction": 3, "price": 0.01, "mark_price": 0.0099543, "iv": 74.26, "instrument_name": "BTC-30DEC22-40000-C", "index_price": 20196.66, "direction": "buy", "amount": 0.1}, {"trade_seq": 2883, "trade_id": "229205061", "timestamp": 1663219973463, "tick_direction": 3, "price": 0.01, "mark_price": 0.0099543, "iv": 74.26, "instrument_name": "BTC-30DEC22-40000-C", "index_price": 20194.95, "direction": "buy", "amount": 0.1}, {"trade_seq": 2882, "trade_id": "229205058", "timestamp": 1663219971664, "tick_direction": 3, "price": 0.01, "mark_price": 0.00994754, "iv": 74.26, "instrument_name": "BTC-30DEC22-40000-C", "index_price": 20193.65, "direction": "buy", "amount": 0.1}, {"trade_seq": 2881, "trade_id": "229182932", "timestamp": 1663186716642, "tick_direction": 2, "price": 0.01, "mark_price": 0.00991759, "iv": 75.24, "instrument_name": "BTC-30DEC22-40000-C", "index_price": 19921.35, "direction": "sell", "amount": 1.3}, {"trade_seq": 2880, "trade_id": "229157785", "timestamp": 1663165765962, "tick_direction": 2, "price": 0.0112, "mark_price": 0.01094571, "iv": 75.97, "instrument_name": "BTC-30DEC22-40000-C", "index_price": 20135.1, "direction": "sell", "combo_trade_id": "229157784", "combo_id": "BTC-CS-30DEC22-40000_45000", "amount": 1.0}, {"trade_seq": 2879, "trade_id": "229069107", "timestamp": 1663086372699, "tick_direction": 3, "price": 0.0135, "mark_price": 0.01348061, "iv": 75.95, "instrument_name": "BTC-30DEC22-40000-C", "index_price": 20773.07, "direction": "sell", "amount": 0.1}, {"trade_seq": 2878, "trade_id": "229069106", "timestamp": 1663086372692, "tick_direction": 3, "price": 0.0135, "mark_price": 0.01348061, "iv": 75.95, "instrument_name": "BTC-30DEC22-40000-C", "index_price": 20773.07, "direction": "sell", "amount": 0.1}, {"trade_seq": 2877, "trade_id": "229069105", "timestamp": 1663086372680, "tick_direction": 3, "price": 0.0135, "mark_price": 0.01348061, "iv": 75.95, "instrument_name": "BTC-30DEC22-40000-C", "index_price": 20773.07, "direction": "sell", "amount": 0.1}, {"trade_seq": 2876, "trade_id": "229069104", "timestamp": 1663086372675, "tick_direction": 3, "price": 0.0135, "mark_price": 0.01348061, "iv": 75.95, "instrument_name": "BTC-30DEC22-40000-C", "index_price": 20773.07, "direction": "sell", "amount": 0.1}, {"trade_seq": 2875, "trade_id": "229069103", "timestamp": 1663086372659, "tick_direction": 3, "price": 0.0135, "mark_price": 0.01348061, "iv": 75.95, "instrument_name": "BTC-30DEC22-40000-C", "index_price": 20773.07, "direction": "sell", "amount": 0.1}, {"trade_seq": 2874, "trade_id": "229069101", "timestamp": 1663086372515, "tick_direction": 3, "price": 0.0135, "mark_price": 0.01348061, "iv": 75.95, "instrument_name": "BTC-30DEC22-40000-C", "index_price": 20773.07, "direction": "sell", "amount": 0.1}, {"trade_seq": 2873, "trade_id": "229069099", "timestamp": 1663086372237, "tick_direction": 3, "price": 0.0135, "mark_price": 0.01349055, "iv": 75.95, "instrument_name": "BTC-30DEC22-40000-C", "index_price": 20773.07, "direction": "sell", "amount": 0.1}, {"trade_seq": 2872, "trade_id": "229069069", "timestamp": 1663086359253, "tick_direction": 3, "price": 0.0135, "mark_price": 0.01349516, "iv": 75.92, "instrument_name": "BTC-30DEC22-40000-C", "index_price": 20777.0, "direction": "sell", "amount": 0.1}, {"trade_seq": 2871, "trade_id": "229069068", "timestamp": 1663086359239, "tick_direction": 3, "price": 0.0135, "mark_price": 0.01350601, "iv": 75.92, "instrument_name": "BTC-30DEC22-40000-C", "index_price": 20777.0, "direction": "sell", "amount": 0.1}, {"trade_seq": 2870, "trade_id": "229067547", "timestamp": 1663085186298, "tick_direction": 3, "price": 0.0135, "mark_price": 0.01349225, "iv": 76.07, "instrument_name": "BTC-30DEC22-40000-C", "index_price": 20745.86, "direction": "sell", "amount": 0.1}, {"trade_seq": 2869, "trade_id": "229067546", "timestamp": 1663085186286, "tick_direction": 3, "price": 0.0135, "mark_price": 0.01349225, "iv": 76.07, "instrument_name": "BTC-30DEC22-40000-C", "index_price": 20745.86, "direction": "sell", "amount": 0.1}, {"trade_seq": 2868, "trade_id": "229067535", "timestamp": 1663085183512, "tick_direction": 3, "price": 0.0135, "mark_price": 0.01350834, "iv": 76.07, "instrument_name": "BTC-30DEC22-40000-C", "index_price": 20745.36, "direction": "sell", "amount": 0.1}, {"trade_seq": 2867, "trade_id": "229067532", "timestamp": 1663085183479, "tick_direction": 3, "price": 0.0135, "mark_price": 0.01350834, "iv": 76.07, "instrument_name": "BTC-30DEC22-40000-C", "index_price": 20745.36, "direction": "sell", "amount": 0.1}, {"trade_seq": 2866, "trade_id": "229067531", "timestamp": 1663085183464, "tick_direction": 3, "price": 0.0135, "mark_price": 0.01350834, "iv": 76.07, "instrument_name": "BTC-30DEC22-40000-C", "index_price": 20745.36, "direction": "sell", "amount": 0.2}, {"trade_seq": 2865, "trade_id": "229067522", "timestamp": 1663085183120, "tick_direction": 3, "price": 0.0135, "mark_price": 0.01350834, "iv": 76.05, "instrument_name": "BTC-30DEC22-40000-C", "index_price": 20750.54, "direction": "sell", "amount": 0.1}, {"trade_seq": 2864, "trade_id": "229064441", "timestamp": 1663083983886, "tick_direction": 3, "price": 0.0135, "mark_price": 0.01346313, "iv": 75.8, "instrument_name": "BTC-30DEC22-40000-C", "index_price": 20818.09, "direction": "sell", "amount": 0.1}, {"trade_seq": 2863, "trade_id": "229064440", "timestamp": 1663083983861, "tick_direction": 3, "price": 0.0135, "mark_price": 0.01346313, "iv": 75.8, "instrument_name": "BTC-30DEC22-40000-C", "index_price": 20818.09, "direction": "sell", "amount": 0.1}, {"trade_seq": 2862, "trade_id": "229064439", "timestamp": 1663083983561, "tick_direction": 3, "price": 0.0135, "mark_price": 0.01349627, "iv": 75.76, "instrument_name": "BTC-30DEC22-40000-C", "index_price": 20826.36, "direction": "sell", "amount": 0.1}, {"trade_seq": 2861, "trade_id": "229064397", "timestamp": 1663083982804, "tick_direction": 3, "price": 0.0135, "mark_price": 0.01349627, "iv": 75.76, "instrument_name": "BTC-30DEC22-40000-C", "index_price": 20826.36, "direction": "sell", "amount": 0.1}, {"trade_seq": 2860, "trade_id": "229053767", "timestamp": 1663080566052, "tick_direction": 3, "price": 0.0135, "mark_price": 0.01340485, "iv": 75.48, "instrument_name": "BTC-30DEC22-40000-C", "index_price": 20906.11, "direction": "sell", "amount": 0.1}, {"trade_seq": 2859, "trade_id": "229053766", "timestamp": 1663080566032, "tick_direction": 3, "price": 0.0135, "mark_price": 0.01340485, "iv": 75.48, "instrument_name": "BTC-30DEC22-40000-C", "index_price": 20906.11, "direction": "sell", "amount": 0.1}