{"trades": [{"trade_seq": 81, "trade_id": "195729421", "timestamp": 1639884235855, "tick_direction": 1, "price": 0.5825, "mark_price": 0.58276642, "iv": 0.0, "instrument_name": "BTC-31DEC21-20000-C", "index_price": 47769.37, "direction": "buy", "amount": 3.3}, {"trade_seq": 80, "trade_id": "195729271", "timestamp": 1639884234006, "tick_direction": 1, "price": 0.5825, "mark_price": 0.58262961, "iv": 0.0, "instrument_name": "BTC-31DEC21-20000-C", "index_price": 47752.56, "direction": "buy", "amount": 0.1}, {"trade_seq": 79, "trade_id": "195729269", "timestamp": 1639884233935, "tick_direction": 1, "price": 0.5825, "mark_price": 0.58262961, "iv": 0.0, "instrument_name": "BTC-31DEC21-20000-C", "index_price": 47752.56, "direction": "buy", "amount": 0.1}, {"trade_seq": 78, "trade_id": "195729251", "timestamp": 1639884233769, "tick_direction": 0, "price": 0.5825, "mark_price": 0.58262961, "iv": 0.0, "instrument_name": "BTC-31DEC21-20000-C", "index_price": 47752.56, "direction": "buy", "amount": 1.5}, {"trade_seq": 77, "trade_id": "195574457", "timestamp": 1639772305102, "tick_direction": 2, "price": 0.571, "mark_price": 0.57107645, "iv": 149.15, "instrument_name": "BTC-31DEC21-20000-C", "index_price": 46503.89, "direction": "sell", "amount": 0.1}, {"trade_seq": 76, "trade_id": "194550883", "timestamp": 1639165072482, "tick_direction": 2, "price": 0.5865, "mark_price": 0.58618304, "iv": 153.61, "instrument_name": "BTC-31DEC21-20000-C", "index_price": 48114.44, "direction": "buy", "amount": 0.1}, {"trade_seq": 75, "trade_id": "194476094", "timestamp": 1639143337272, "tick_direction": 2, "price": 0.601, "mark_price": 0.60018632, "iv": 169.86, "instrument_name": "BTC-31DEC21-20000-C", "index_price": 49742.19, "direction": "buy", "amount": 8.0}, {"trade_seq": 74, "trade_id": "192176608", "timestamp": 1638131780632, "tick_direction": 3, "price": 0.639, "mark_price": 0.63905796, "iv": 112.65, "instrument_name": "BTC-31DEC21-20000-C", "index_price": 54976.82, "direction": "buy", "amount": 0.3}, {"trade_seq": 73, "trade_id": "192176042", "timestamp": 1638131585585, "tick_direction": 3, "price": 0.639, "mark_price": 0.63894165, "iv": 123.31, "instrument_name": "BTC-31DEC21-20000-C", "index_price": 54948.03, "direction": "buy", "amount": 0.1}, {"trade_seq": 72, "trade_id": "192176032", "timestamp": 1638131585543, "tick_direction": 3, "price": 0.639, "mark_price": 0.63894165, "iv": 123.31, "instrument_name": "BTC-31DEC21-20000-C", "index_price": 54948.03, "direction": "buy", "amount": 2.3}, {"trade_seq": 71, "trade_id": "192175930", "timestamp": 1638131557242, "tick_direction": 2, "price": 0.639, "mark_price": 0.63890855, "iv": 124.06, "instrument_name": "BTC-31DEC21-20000-C", "index_price": 54934.96, "direction": "buy", "amount": 2.3}, {"trade_seq": 70, "trade_id": "189021756", "timestamp": 1636577430527, "tick_direction": 2, "price": 0.703, "mark_price": 0.70328245, "iv": 140.98, "instrument_name": "BTC-31DEC21-20000-C", "index_price": 65806.24, "direction": "sell", "amount": 0.5}, {"trade_seq": 69, "trade_id": "188986129", "timestamp": 1636569835551, "tick_direction": 1, "price": 0.713, "mark_price": 0.71327252, "iv": 140.41, "instrument_name": "BTC-31DEC21-20000-C", "index_price": 67863.86, "direction": "sell", "amount": 0.1}, {"trade_seq": 68, "trade_id": "188986125", "timestamp": 1636569835504, "tick_direction": 1, "price": 0.713, "mark_price": 0.71327252, "iv": 140.41, "instrument_name": "BTC-31DEC21-20000-C", "index_price": 67863.86, "direction": "sell", "amount": 0.1}, {"trade_seq": 67, "trade_id": "188986114", "timestamp": 1636569835326, "tick_direction": 0, "price": 0.713, "mark_price": 0.71327252, "iv": 140.41, "instrument_name": "BTC-31DEC21-20000-C", "index_price": 67926.0, "direction": "sell", "amount": 4.3}, {"trade_seq": 66, "trade_id": "187558467", "timestamp": 1635739172612, "tick_direction": 2, "price": 0.6735, "mark_price": 0.67447959, "iv": 108.83, "instrument_name": "BTC-31DEC21-20000-C", "index_price": 59948.38, "direction": "buy", "amount": 0.6}, {"trade_seq": 65, "trade_id": "186616739", "timestamp": 1635288939718, "tick_direction": 2, "price": 0.677, "mark_price": 0.67683736, "iv": 129.24, "instrument_name": "BTC-31DEC21-20000-C", "index_price": 59965.45, "direction": "sell", "amount": 1.0}, {"trade_seq": 64, "trade_id": "186016690", "timestamp": 1634913474532, "tick_direction": 2, "price": 0.684, "mark_price": 0.68413658, "iv": 125.08, "instrument_name": "BTC-31DEC21-20000-C", "index_price": 61240.86, "direction": "buy", "amount": 0.8}, {"trade_seq": 63, "trade_id": "185995493", "timestamp": 1634911372412, "tick_direction": 2, "price": 0.6845, "mark_price": 0.68580742, "iv": 108.45, "instrument_name": "BTC-31DEC21-20000-C", "index_price": 61631.03, "direction": "buy", "amount": 0.7}, {"trade_seq": 62, "trade_id": "185790926", "timestamp": 1634830167547, "tick_direction": 0, "price": 0.691, "mark_price": 0.69018778, "iv": 130.62, "instrument_name": "BTC-31DEC21-20000-C", "index_price": 62316.88, "direction": "buy", "amount": 0.8}, {"trade_seq": 61, "trade_id": "184398297", "timestamp": 1634258007633, "tick_direction": 3, "price": 0.663, "mark_price": 0.66267154, "iv": 124.78, "instrument_name": "BTC-31DEC21-20000-C", "index_price": 57081.92, "direction": "sell", "amount": 1.0}, {"trade_seq": 60, "trade_id": "184368143", "timestamp": 1634238908355, "tick_direction": 3, "price": 0.663, "mark_price": 0.66325858, "iv": 126.18, "instrument_name": "BTC-31DEC21-20000-C", "index_price": 56992.61, "direction": "sell", "amount": 0.8}, {"trade_seq": 59, "trade_id": "184368039", "timestamp": 1634238907329, "tick_direction": 3, "price": 0.663, "mark_price": 0.6633164, "iv": 122.32, "instrument_name": "BTC-31DEC21-20000-C", "index_price": 57082.76, "direction": "sell", "amount": 0.1}, {"trade_seq": 58, "trade_id": "184368002", "timestamp": 1634238906758, "tick_direction": 2, "price": 0.663, "mark_price": 0.6636801, "iv": 121.98, "instrument_name": "BTC-31DEC21-20000-C", "index_price": 57104.39, "direction": "sell", "amount": 0.1}, {"trade_seq": 57, "trade_id": "184365723", "timestamp": 1634238686839, "tick_direction": 0, "price": 0.6665, "mark_price": 0.66639126, "iv": 124.83, "instrument_name": "BTC-31DEC21-20000-C", "index_price": 57578.74, "direction": "sell", "amount": 1.0}, {"trade_seq": 56, "trade_id": "183090790", "timestamp": 1633526018201, "tick_direction": 2, "price": 0.6505, "mark_price": 0.64613494, "iv": 131.05, "instrument_name": "BTC-31DEC21-20000-C", "index_price": 54565.25, "direction": "buy", "amount": 0.6}, {"trade_seq": 55, "trade_id": "183084839", "timestamp": 1633525939460, "tick_direction": 1, "price": 0.6525, "mark_price": 0.64506035, "iv": 140.26, "instrument_name": "BTC-31DEC21-20000-C", "index_price": 54258.54, "direction": "sell", "amount": 0.8}, {"trade_seq": 54, "trade_id": "183084831", "timestamp": 1633525939439, "tick_direction": 1, "price": 0.6525, "mark_price": 0.64506035, "iv": 140.26, "instrument_name": "BTC-31DEC21-20000-C", "index_price": 54258.54, "direction": "sell", "amount": 0.1}, {"trade_seq": 53, "trade_id": "183083928", "timestamp": 1633525932447, "tick_direction": 0, "price": 0.6525, "mark_price": 0.64495678, "iv": 140.55, "instrument_name": "BTC-31DEC21-20000-C", "index_price": 54212.54, "direction": "sell", "amount": 0.8}, {"trade_seq": 52, "trade_id": "180221365", "timestamp": 1632140150909, "tick_direction": 3, "price": 0.5685, "mark_price": 0.56715333, "iv": 113.61, "instrument_name": "BTC-31DEC21-20000-C", "index_price": 43791.1, "direction": "sell", "amount": 0.5}, {"trade_seq": 51, "trade_id": "180221364", "timestamp": 1632140150762, "tick_direction": 2, "price": 0.5685, "mark_price": 0.56715333, "iv": 113.61, "instrument_name": "BTC-31DEC21-20000-C", "index_price": 43791.1, "direction": "sell", "amount": 0.6}, {"trade_seq": 50, "trade_id": "177073779", "timestamp": 1630313808333, "tick_direction": 2, "price": 0.6075, "mark_price": 0.60809617, "iv": 103.81, "instrument_name": "BTC-31DEC21-20000-C", "index_price": 48136.3, "direction": "buy", "amount": 4.0}, {"trade_seq": 49, "trade_id": "176493062", "timestamp": 1629949110262, "tick_direction": 2, "price": 0.6115, "mark_price": 0.61158856, "iv": 110.3, "instrument_name": "BTC-31DEC21-20000-C", "index_price": 48098.28, "direction": "sell", "amount": 2.0}, {"trade_seq": 48, "trade_id": "176489460", "timestamp": 1629947274311, "tick_direction": 2, "price": 0.6145, "mark_price": 0.61478966, "iv": 110.03, "instrument_name": "BTC-31DEC21-20000-C", "index_price": 48463.12, "direction": "sell", "amount": 2.0}, {"trade_seq": 47, "trade_id": "176441921", "timestamp": 1629909835772, "tick_direction": 1, "price": 0.6165, "mark_price": 0.61641416, "iv": 110.77, "instrument_name": "BTC-31DEC21-20000-C", "index_price": 48647.8, "direction": "sell", "amount": 1.6}, {"trade_seq": 46, "trade_id": "176441917", "timestamp": 1629909835143, "tick_direction": 0, "price": 0.6165, "mark_price": 0.61641341, "iv": 110.77, "instrument_name": "BTC-31DEC21-20000-C", "index_price": 48657.06, "direction": "sell", "amount": 0.4}, {"trade_seq": 45, "trade_id": "174889400", "timestamp": 1629013115244, "tick_direction": 1, "price": 0.5985, "mark_price": 0.60009373, "iv": 105.39, "instrument_name": "BTC-31DEC21-20000-C", "index_price": 46252.37, "direction": "sell", "amount": 0.4}, {"trade_seq": 44, "trade_id": "174885996", "timestamp": 1629011237966, "tick_direction": 0, "price": 0.5985, "mark_price": 0.60029989, "iv": 105.45, "instrument_name": "BTC-31DEC21-20000-C", "index_price": 46259.1, "direction": "sell", "amount": 0.6}, {"trade_seq": 43, "trade_id": "169067650", "timestamp": 1626537650144, "tick_direction": 2, "price": 0.461, "mark_price": 0.43537459, "iv": 105.14, "instrument_name": "BTC-31DEC21-20000-C", "index_price": 31739.11, "direction": "buy", "amount": 0.1}, {"trade_seq": 42, "trade_id": "158783535", "timestamp": 1622208252925, "tick_direction": 3, "price": 0.548, "mark_price": 0.55010336, "iv": 106.77, "instrument_name": "BTC-31DEC21-20000-C", "index_price": 36862.66, "direction": "buy", "amount": 0.1}, {"trade_seq": 41, "trade_id": "158783520", "timestamp": 1622208252571, "tick_direction": 3, "price": 0.548, "mark_price": 0.55008288, "iv": 106.77, "instrument_name": "BTC-31DEC21-20000-C", "index_price": 36862.66, "direction": "buy", "amount": 0.1}, {"trade_seq": 40, "trade_id": "158783511", "timestamp": 1622208252023, "tick_direction": 2, "price": 0.548, "mark_price": 0.55008288, "iv": 106.78, "instrument_name": "BTC-31DEC21-20000-C", "index_price": 36856.12, "direction": "buy", "amount": 0.1}, {"trade_seq": 39, "trade_id": "158577551", "timestamp": 1622148878585, "tick_direction": 2, "price": 0.56, "mark_price": 0.55954518, "iv": 102.83, "instrument_name": "BTC-31DEC21-20000-C", "index_price": 38530.18, "direction": "sell", "amount": 0.1}, {"trade_seq": 38, "trade_id": "158575314", "timestamp": 1622147187307, "tick_direction": 2, "price": 0.5615, "mark_price": 0.56121972, "iv": 102.89, "instrument_name": "BTC-31DEC21-20000-C", "index_price": 38652.51, "direction": "sell", "amount": 0.1}, {"trade_seq": 37, "trade_id": "158533609", "timestamp": 1622126544736, "tick_direction": 0, "price": 0.58, "mark_price": 0.57892284, "iv": 107.06, "instrument_name": "BTC-31DEC21-20000-C", "index_price": 40089.09, "direction": "sell", "amount": 0.1}, {"trade_seq": 36, "trade_id": "155087704", "timestamp": 1621445231654, "tick_direction": 2, "price": 0.571, "mark_price": 0.58100066, "iv": 100.08, "instrument_name": "BTC-31DEC21-20000-C", "index_price": 40193.7, "direction": "buy", "amount": 0.1}, {"trade_seq": 35, "trade_id": "154982410", "timestamp": 1621438856953, "tick_direction": 2, "price": 0.577, "mark_price": 0.55187464, "iv": 121.78, "instrument_name": "BTC-31DEC21-20000-C", "index_price": 37239.69, "direction": "buy", "amount": 0.1}, {"trade_seq": 34, "trade_id": "138924240", "timestamp": 1616702604223, "tick_direction": 1, "price": 0.6935, "mark_price": 0.69138298, "iv": 98.56, "instrument_name": "BTC-31DEC21-20000-C", "index_price": 52330.71, "direction": "sell", "amount": 2.1}, {"trade_seq": 33, "trade_id": "138924229", "timestamp": 1616702596947, "tick_direction": 0, "price": 0.6935, "mark_price": 0.69138107, "iv": 98.55, "instrument_name": "BTC-31DEC21-20000-C", "index_price": 52325.02, "direction": "sell", "amount": 1.9}, {"trade_seq": 32, "trade_id": "132520760", "timestamp": 1614531770523, "tick_direction": 2, "price": 0.63, "mark_price": 0.63484563, "iv": 85.88, "instrument_name": "BTC-31DEC21-20000-C", "index_price": 43426.15, "direction": "buy", "amount": 0.1}, {"trade_seq": 31, "trade_id": "129797791", "timestamp": 1613990666515, "tick_direction": 0, "price": 0.7, "mark_price": 0.71219578, "iv": 78.02, "instrument_name": "BTC-31DEC21-20000-C", "index_price": 55008.28, "direction": "buy", "amount": 0.1}, {"trade_seq": 30, "trade_id": "123928538", "timestamp": 1612110088401, "tick_direction": 0, "price": 0.5895, "mark_price": 0.56063551, "iv": 116.12, "instrument_name": "BTC-31DEC21-20000-C", "index_price": 32902.92, "direction": "buy", "amount": 0.1}, {"trade_seq": 29, "trade_id": "121540721", "timestamp": 1611532526453, "tick_direction": 3, "price": 0.54, "mark_price": 0.55406795, "iv": 92.8, "instrument_name": "BTC-31DEC21-20000-C", "index_price": 32291.6, "direction": "buy", "amount": 0.1}, {"trade_seq": 28, "trade_id": "121540720", "timestamp": 1611532519625, "tick_direction": 2, "price": 0.54, "mark_price": 0.55409996, "iv": 92.78, "instrument_name": "BTC-31DEC21-20000-C", "index_price": 32291.16, "direction": "buy", "amount": 0.1}, {"trade_seq": 27, "trade_id": "121540581", "timestamp": 1611532373061, "tick_direction": 3, "price": 0.55, "mark_price": 0.55421308, "iv": 97.43, "instrument_name": "BTC-31DEC21-20000-C", "index_price": 32336.45, "direction": "buy", "amount": 0.1}, {"trade_seq": 26, "trade_id": "121540569", "timestamp": 1611532364436, "tick_direction": 3, "price": 0.55, "mark_price": 0.55421533, "iv": 97.42, "instrument_name": "BTC-31DEC21-20000-C", "index_price": 32337.82, "direction": "buy", "amount": 0.1}, {"trade_seq": 25, "trade_id": "121540561", "timestamp": 1611532350631, "tick_direction": 3, "price": 0.55, "mark_price": 0.55413494, "iv": 97.44, "instrument_name": "BTC-31DEC21-20000-C", "index_price": 32335.84, "direction": "buy", "amount": 0.1}, {"trade_seq": 24, "trade_id": "121540538", "timestamp": 1611532340859, "tick_direction": 3, "price": 0.55, "mark_price": 0.55414193, "iv": 97.46, "instrument_name": "BTC-31DEC21-20000-C", "index_price": 32337.58, "direction": "buy", "amount": 0.1}, {"trade_seq": 23, "trade_id": "121540505", "timestamp": 1611532324522, "tick_direction": 3, "price": 0.55, "mark_price": 0.55419068, "iv": 97.44, "instrument_name": "BTC-31DEC21-20000-C", "index_price": 32352.78, "direction": "buy", "amount": 0.1}, {"trade_seq": 22, "trade_id": "121540501", "timestamp": 1611532315947, "tick_direction": 3, "price": 0.55, "mark_price": 0.55424631, "iv": 97.4, "instrument_name": "BTC-31DEC21-20000-C", "index_price": 32359.59, "direction": "buy", "amount": 0.1}, {"trade_seq": 21, "trade_id": "121540486", "timestamp": 1611532301027, "tick_direction": 3, "price": 0.55, "mark_price": 0.55423707, "iv": 97.41, "instrument_name": "BTC-31DEC21-20000-C", "index_price": 32352.85, "direction": "buy", "amount": 0.1}, {"trade_seq": 20, "trade_id": "121540469", "timestamp": 1611532293947, "tick_direction": 3, "price": 0.55, "mark_price": 0.55419165, "iv": 97.42, "instrument_name": "BTC-31DEC21-20000-C", "index_price": 32350.22, "direction": "buy", "amount": 0.1}, {"trade_seq": 19, "trade_id": "121540442", "timestamp": 1611532278368, "tick_direction": 3, "price": 0.55, "mark_price": 0.55414077, "iv": 97.45, "instrument_name": "BTC-31DEC21-20000-C", "index_price": 32347.24, "direction": "buy", "amount": 0.1}, {"trade_seq": 18, "trade_id": "121540265", "timestamp": 1611532206328, "tick_direction": 2, "price": 0.55, "mark_price": 0.5543103, "iv": 97.34, "instrument_name": "BTC-31DEC21-20000-C", "index_price": 32378.69, "direction": "buy", "amount": 0.1}, {"trade_seq": 17, "trade_id": "120894267", "timestamp": 1611308941371, "tick_direction": 2, "price": 0.5675, "mark_price": 0.54743811, "iv": 108.92, "instrument_name": "BTC-31DEC21-20000-C", "index_price": 31503.04, "direction": "buy", "amount": 0.1}, {"trade_seq": 16, "trade_id": "119335446", "timestamp": 1610977206353, "tick_direction": 2, "price": 0.61, "mark_price": 0.61673013, "iv": 105.25, "instrument_name": "BTC-31DEC21-20000-C", "index_price": 36924.85, "direction": "sell", "amount": 3.0}, {"trade_seq": 15, "trade_id": "115945217", "timestamp": 1610300810818, "tick_direction": 0, "price": 0.6335, "mark_price": 0.63501307, "iv": 112.78, "instrument_name": "BTC-31DEC21-20000-C", "index_price": 38088.17, "direction": "sell", "block_trade_id": "5984", "amount": 100.0}, {"trade_seq": 14, "trade_id": "115940107", "timestamp": 1610300481972, "tick_direction": 2, "price": 0.6312, "mark_price": 0.63431879, "iv": 112.62, "instrument_name": "BTC-31DEC21-20000-C", "index_price": 37760.88, "direction": "sell", "block_trade_id": "5983", "amount": 38.6}, {"trade_seq": 13, "trade_id": "115470894", "timestamp": 1610183584526, "tick_direction": 2, "price": 0.632, "mark_price": 0.62716243, "iv": 102.59, "instrument_name": "BTC-31DEC21-20000-C", "index_price": 40542.04, "direction": "sell", "amount": 0.1}, {"trade_seq": 12, "trade_id": "115470759", "timestamp": 1610183556024, "tick_direction": 0, "price": 0.635, "mark_price": 0.62712051, "iv": 104.32, "instrument_name": "BTC-31DEC21-20000-C", "index_price": 40536.5, "direction": "sell", "amount": 0.1}, {"trade_seq": 11, "trade_id": "113478854", "timestamp": 1609809309908, "tick_direction": 1, "price": 0.526, "mark_price": 0.5412779, "iv": 79.53, "instrument_name": "BTC-31DEC21-20000-C", "index_price": 32463.04, "direction": "buy", "amount": 0.1}, {"trade_seq": 10, "trade_id": "113478833", "timestamp": 1609809300344, "tick_direction": 1, "price": 0.526, "mark_price": 0.54141439, "iv": 79.41, "instrument_name": "BTC-31DEC21-20000-C", "index_price": 32488.46, "direction": "buy", "amount": 0.1}, {"trade_seq": 9, "trade_id": "113478803", "timestamp": 1609809272298, "tick_direction": 0, "price": 0.526, "mark_price": 0.5412944, "iv": 79.43, "instrument_name": "BTC-31DEC21-20000-C", "index_price": 32476.55, "direction": "buy", "amount": 0.1}, {"trade_seq": 8, "trade_id": "113478794", "timestamp": 1609809259180, "tick_direction": 0, "price": 0.525, "mark_price": 0.5413004, "iv": 78.91, "instrument_name": "BTC-31DEC21-20000-C", "index_price": 32478.98, "direction": "buy", "amount": 0.1}, {"trade_seq": 7, "trade_id": "113478774", "timestamp": 1609809247349, "tick_direction": 2, "price": 0.52, "mark_price": 0.54129973, "iv": 76.39, "instrument_name": "BTC-31DEC21-20000-C", "index_price": 32478.85, "direction": "buy", "amount": 0.1}, {"trade_seq": 6, "trade_id": "113468310", "timestamp": 1609807094139, "tick_direction": 2, "price": 0.53, "mark_price": 0.54242636, "iv": 80.42, "instrument_name": "BTC-31DEC21-20000-C", "index_price": 32789.76, "direction": "buy", "amount": 0.5}, {"trade_seq": 5, "trade_id": "112799602", "timestamp": 1609674702320, "tick_direction": 0, "price": 0.572, "mark_price": 0.55235412, "iv": 93.22, "instrument_name": "BTC-31DEC21-20000-C", "index_price": 34347.02, "direction": "buy", "amount": 1.0}, {"trade_seq": 4, "trade_id": "112775092", "timestamp": 1609667978042, "tick_direction": 0, "price": 0.5535, "mark_price": 0.55176463, "iv": 83.38, "instrument_name": "BTC-31DEC21-20000-C", "index_price": 34194.68, "direction": "buy", "amount": 1.0}, {"trade_seq": 3, "trade_id": "110830580", "timestamp": 1608995447149, "tick_direction": 0, "price": 0.42, "mark_price": 0.42022746, "iv": 76.08, "instrument_name": "BTC-31DEC21-20000-C", "index_price": 25368.63, "direction": "sell", "amount": 0.1}, {"trade_seq": 2, "trade_id": "110696291", "timestamp": 1608915480029, "tick_direction": 0, "price": 0.3945, "mark_price": 0.40633049, "iv": 74.04, "instrument_name": "BTC-31DEC21-20000-C", "index_price": 24069.98, "direction": "sell", "amount": 8.0}, {"trade_seq": 1, "trade_id": "110434295", "timestamp": 1608807679100, "tick_direction": 1, "price": 0.3867, "mark_price": 0.38289555, "iv": 77.18, "instrument_name": "BTC-31DEC21-20000-C", "index_price": 23136.55, "direction": "sell", "block_trade_id": "4795", "amount": 42.5}], "has_more": false}