{"trades": [{"trade_seq": 5701, "trade_id": "139065130", "timestamp": 1616744431825, "tick_direction": 1, "price": 0.0965, "mark_price": 0.09832858, "iv": 0.0, "instrument_name": "BTC-26MAR21-48000-C", "index_price": 53291.88, "direction": "buy", "amount": 0.1}, {"trade_seq": 5700, "trade_id": "139065090", "timestamp": 1616744429316, "tick_direction": 1, "price": 0.0965, "mark_price": 0.0979919, "iv": 0.0, "instrument_name": "BTC-26MAR21-48000-C", "index_price": 53283.09, "direction": "buy", "amount": 0.5}, {"trade_seq": 5699, "trade_id": "139064958", "timestamp": 1616744425111, "tick_direction": 0, "price": 0.0965, "mark_price": 0.09695335, "iv": 0.0, "instrument_name": "BTC-26MAR21-48000-C", "index_price": 53234.98, "direction": "buy", "amount": 0.4}, {"trade_seq": 5698, "trade_id": "139064735", "timestamp": 1616744421582, "tick_direction": 1, "price": 0.0955, "mark_price": 0.09671645, "iv": 0.0, "instrument_name": "BTC-26MAR21-48000-C", "index_price": 53203.74, "direction": "buy", "amount": 0.6}, {"trade_seq": 5697, "trade_id": "139064700", "timestamp": 1616744420864, "tick_direction": 0, "price": 0.0955, "mark_price": 0.09671645, "iv": 0.0, "instrument_name": "BTC-26MAR21-48000-C", "index_price": 53203.74, "direction": "buy", "amount": 0.4}, {"trade_seq": 5696, "trade_id": "139064136", "timestamp": 1616744399492, "tick_direction": 1, "price": 0.0945, "mark_price": 0.09575536, "iv": 0.0, "instrument_name": "BTC-26MAR21-48000-C", "index_price": 53143.04, "direction": "buy", "amount": 0.5}, {"trade_seq": 5695, "trade_id": "139063676", "timestamp": 1616744341524, "tick_direction": 1, "price": 0.0945, "mark_price": 0.09588923, "iv": 0.0, "instrument_name": "BTC-26MAR21-48000-C", "index_price": 53121.6, "direction": "buy", "amount": 0.1}, {"trade_seq": 5694, "trade_id": "139063582", "timestamp": 1616744335046, "tick_direction": 1, "price": 0.0945, "mark_price": 0.09626866, "iv": 0.0, "instrument_name": "BTC-26MAR21-48000-C", "index_price": 53114.62, "direction": "buy", "amount": 0.1}, {"trade_seq": 5693, "trade_id": "139063479", "timestamp": 1616744331957, "tick_direction": 1, "price": 0.0945, "mark_price": 0.09624569, "iv": 0.0, "instrument_name": "BTC-26MAR21-48000-C", "index_price": 53118.5, "direction": "buy", "amount": 0.1}, {"trade_seq": 5692, "trade_id": "139063350", "timestamp": 1616744328504, "tick_direction": 1, "price": 0.0945, "mark_price": 0.0957172, "iv": 0.0, "instrument_name": "BTC-26MAR21-48000-C", "index_price": 53090.25, "direction": "buy", "amount": 0.1}, {"trade_seq": 5691, "trade_id": "139061233", "timestamp": 1616744161518, "tick_direction": 0, "price": 0.0945, "mark_price": 0.09426802, "iv": 500.0, "instrument_name": "BTC-26MAR21-48000-C", "index_price": 53031.98, "direction": "buy", "amount": 0.1}, {"trade_seq": 5690, "trade_id": "139061123", "timestamp": 1616744154927, "tick_direction": 1, "price": 0.0935, "mark_price": 0.09386467, "iv": 0.0, "instrument_name": "BTC-26MAR21-48000-C", "index_price": 53011.82, "direction": "buy", "amount": 0.4}, {"trade_seq": 5689, "trade_id": "139061042", "timestamp": 1616744148354, "tick_direction": 1, "price": 0.0935, "mark_price": 0.09369136, "iv": 0.0, "instrument_name": "BTC-26MAR21-48000-C", "index_price": 53005.01, "direction": "buy", "amount": 0.4}, {"trade_seq": 5688, "trade_id": "139060971", "timestamp": 1616744138397, "tick_direction": 1, "price": 0.0935, "mark_price": 0.09349332, "iv": 483.86, "instrument_name": "BTC-26MAR21-48000-C", "index_price": 53005.8, "direction": "buy", "amount": 0.1}, {"trade_seq": 5687, "trade_id": "139060883", "timestamp": 1616744122233, "tick_direction": 0, "price": 0.0935, "mark_price": 0.09303462, "iv": 500.0, "instrument_name": "BTC-26MAR21-48000-C", "index_price": 52964.68, "direction": "buy", "amount": 0.1}, {"trade_seq": 5686, "trade_id": "139020016", "timestamp": 1616731295790, "tick_direction": 2, "price": 0.08, "mark_price": 0.08397396, "iv": 0.0, "instrument_name": "BTC-26MAR21-48000-C", "index_price": 52380.28, "direction": "buy", "amount": 1.5}, {"trade_seq": 5685, "trade_id": "138996859", "timestamp": 1616723721041, "tick_direction": 0, "price": 0.082, "mark_price": 0.08286207, "iv": 0.0, "instrument_name": "BTC-26MAR21-48000-C", "index_price": 52291.32, "direction": "buy", "amount": 0.4}, {"trade_seq": 5684, "trade_id": "138994877", "timestamp": 1616722840746, "tick_direction": 1, "price": 0.081, "mark_price": 0.08113516, "iv": 0.0, "instrument_name": "BTC-26MAR21-48000-C", "index_price": 52187.96, "direction": "sell", "amount": 0.4}, {"trade_seq": 5683, "trade_id": "138994866", "timestamp": 1616722840695, "tick_direction": 0, "price": 0.081, "mark_price": 0.08113516, "iv": 0.0, "instrument_name": "BTC-26MAR21-48000-C", "index_price": 52187.96, "direction": "sell", "amount": 0.4}, {"trade_seq": 5682, "trade_id": "138993645", "timestamp": 1616722222052, "tick_direction": 3, "price": 0.0805, "mark_price": 0.08088079, "iv": 0.0, "instrument_name": "BTC-26MAR21-48000-C", "index_price": 52182.3, "direction": "buy", "amount": 0.5}, {"trade_seq": 5681, "trade_id": "138993629", "timestamp": 1616722211293, "tick_direction": 3, "price": 0.0805, "mark_price": 0.08060722, "iv": 0.0, "instrument_name": "BTC-26MAR21-48000-C", "index_price": 52161.54, "direction": "buy", "amount": 0.4}, {"trade_seq": 5680, "trade_id": "138993554", "timestamp": 1616722138587, "tick_direction": 2, "price": 0.0805, "mark_price": 0.0806943, "iv": 0.0, "instrument_name": "BTC-26MAR21-48000-C", "index_price": 52179.91, "direction": "buy", "amount": 0.6}, {"trade_seq": 5679, "trade_id": "138928045", "timestamp": 1616703491659, "tick_direction": 0, "price": 0.088, "mark_price": 0.08939159, "iv": 0.0, "instrument_name": "BTC-26MAR21-48000-C", "index_price": 52613.26, "direction": "buy", "amount": 0.5}, {"trade_seq": 5678, "trade_id": "138900971", "timestamp": 1616697213566, "tick_direction": 0, "price": 0.0795, "mark_price": 0.07841855, "iv": 142.69, "instrument_name": "BTC-26MAR21-48000-C", "index_price": 52005.53, "direction": "buy", "amount": 0.2}, {"trade_seq": 5677, "trade_id": "138828693", "timestamp": 1616688153233, "tick_direction": 2, "price": 0.0595, "mark_price": 0.06114943, "iv": 84.55, "instrument_name": "BTC-26MAR21-48000-C", "index_price": 50885.36, "direction": "sell", "amount": 0.1}, {"trade_seq": 5676, "trade_id": "138822744", "timestamp": 1616687612204, "tick_direction": 0, "price": 0.0635, "mark_price": 0.06358902, "iv": 114.75, "instrument_name": "BTC-26MAR21-48000-C", "index_price": 51021.96, "direction": "buy", "amount": 0.1}, {"trade_seq": 5675, "trade_id": "138801528", "timestamp": 1616685094328, "tick_direction": 2, "price": 0.057, "mark_price": 0.05834311, "iv": 96.63, "instrument_name": "BTC-26MAR21-48000-C", "index_price": 50735.17, "direction": "buy", "amount": 0.4}, {"trade_seq": 5674, "trade_id": "138774314", "timestamp": 1616680832025, "tick_direction": 1, "price": 0.074, "mark_price": 0.07512197, "iv": 100.09, "instrument_name": "BTC-26MAR21-48000-C", "index_price": 51753.72, "direction": "buy", "amount": 0.3}, {"trade_seq": 5673, "trade_id": "138774313", "timestamp": 1616680831902, "tick_direction": 1, "price": 0.074, "mark_price": 0.07512197, "iv": 101.5, "instrument_name": "BTC-26MAR21-48000-C", "index_price": 51753.72, "direction": "buy", "amount": 2.4}, {"trade_seq": 5672, "trade_id": "138774294", "timestamp": 1616680828085, "tick_direction": 1, "price": 0.074, "mark_price": 0.07513258, "iv": 95.82, "instrument_name": "BTC-26MAR21-48000-C", "index_price": 51756.42, "direction": "buy", "amount": 0.3}, {"trade_seq": 5671, "trade_id": "138774293", "timestamp": 1616680828083, "tick_direction": 1, "price": 0.074, "mark_price": 0.07513258, "iv": 95.82, "instrument_name": "BTC-26MAR21-48000-C", "index_price": 51756.42, "direction": "buy", "amount": 0.9}, {"trade_seq": 5670, "trade_id": "138774238", "timestamp": 1616680817550, "tick_direction": 1, "price": 0.074, "mark_price": 0.07510534, "iv": 98.24, "instrument_name": "BTC-26MAR21-48000-C", "index_price": 51737.28, "direction": "buy", "amount": 1.2}, {"trade_seq": 5669, "trade_id": "138774227", "timestamp": 1616680815396, "tick_direction": 1, "price": 0.074, "mark_price": 0.07498194, "iv": 98.69, "instrument_name": "BTC-26MAR21-48000-C", "index_price": 51736.81, "direction": "buy", "amount": 0.1}, {"trade_seq": 5668, "trade_id": "138774224", "timestamp": 1616680815230, "tick_direction": 1, "price": 0.074, "mark_price": 0.07498194, "iv": 98.69, "instrument_name": "BTC-26MAR21-48000-C", "index_price": 51736.81, "direction": "buy", "amount": 0.1}, {"trade_seq": 5667, "trade_id": "138774219", "timestamp": 1616680814911, "tick_direction": 1, "price": 0.074, "mark_price": 0.07498194, "iv": 98.69, "instrument_name": "BTC-26MAR21-48000-C", "index_price": 51736.81, "direction": "buy", "amount": 0.2}, {"trade_seq": 5666, "trade_id": "138774189", "timestamp": 1616680813077, "tick_direction": 1, "price": 0.074, "mark_price": 0.07487463, "iv": 101.4, "instrument_name": "BTC-26MAR21-48000-C", "index_price": 51729.7, "direction": "buy", "amount": 0.2}, {"trade_seq": 5665, "trade_id": "138772279", "timestamp": 1616680470037, "tick_direction": 1, "price": 0.074, "mark_price": 0.07423897, "iv": 117.01, "instrument_name": "BTC-26MAR21-48000-C", "index_price": 51723.66, "direction": "buy", "amount": 0.5}, {"trade_seq": 5664, "trade_id": "138772278", "timestamp": 1616680469910, "tick_direction": 1, "price": 0.074, "mark_price": 0.07423897, "iv": 117.01, "instrument_name": "BTC-26MAR21-48000-C", "index_price": 51723.66, "direction": "buy", "amount": 0.6}, {"trade_seq": 5663, "trade_id": "138772275", "timestamp": 1616680469686, "tick_direction": 1, "price": 0.074, "mark_price": 0.07423897, "iv": 117.01, "instrument_name": "BTC-26MAR21-48000-C", "index_price": 51723.66, "direction": "buy", "amount": 0.2}, {"trade_seq": 5662, "trade_id": "138772272", "timestamp": 1616680469547, "tick_direction": 1, "price": 0.074, "mark_price": 0.07423897, "iv": 117.01, "instrument_name": "BTC-26MAR21-48000-C", "index_price": 51723.66, "direction": "buy", "amount": 0.1}, {"trade_seq": 5661, "trade_id": "138772265", "timestamp": 1616680469271, "tick_direction": 1, "price": 0.074, "mark_price": 0.07423897, "iv": 117.01, "instrument_name": "BTC-26MAR21-48000-C", "index_price": 51723.66, "direction": "buy", "amount": 0.2}, {"trade_seq": 5660, "trade_id": "138772264", "timestamp": 1616680469241, "tick_direction": 1, "price": 0.074, "mark_price": 0.07423897, "iv": 117.01, "instrument_name": "BTC-26MAR21-48000-C", "index_price": 51723.66, "direction": "buy", "amount": 0.5}, {"trade_seq": 5659, "trade_id": "138772258", "timestamp": 1616680469114, "tick_direction": 1, "price": 0.074, "mark_price": 0.07418733, "iv": 117.01, "instrument_name": "BTC-26MAR21-48000-C", "index_price": 51698.67, "direction": "buy", "amount": 0.6}, {"trade_seq": 5658, "trade_id": "138771639", "timestamp": 1616680349388, "tick_direction": 1, "price": 0.074, "mark_price": 0.07478235, "iv": 107.56, "instrument_name": "BTC-26MAR21-48000-C", "index_price": 51728.71, "direction": "buy", "amount": 0.1}, {"trade_seq": 5657, "trade_id": "138771638", "timestamp": 1616680349250, "tick_direction": 1, "price": 0.074, "mark_price": 0.07478235, "iv": 108.24, "instrument_name": "BTC-26MAR21-48000-C", "index_price": 51726.56, "direction": "buy", "amount": 0.4}, {"trade_seq": 5656, "trade_id": "138771628", "timestamp": 1616680348827, "tick_direction": 0, "price": 0.074, "mark_price": 0.07470416, "iv": 108.33, "instrument_name": "BTC-26MAR21-48000-C", "index_price": 51726.56, "direction": "buy", "amount": 0.1}, {"trade_seq": 5655, "trade_id": "138771615", "timestamp": 1616680347050, "tick_direction": 3, "price": 0.072, "mark_price": 0.07461008, "iv": 0.0, "instrument_name": "BTC-26MAR21-48000-C", "index_price": 51721.67, "direction": "buy", "amount": 6.9}, {"trade_seq": 5654, "trade_id": "138771614", "timestamp": 1616680347047, "tick_direction": 3, "price": 0.072, "mark_price": 0.07461008, "iv": 0.0, "instrument_name": "BTC-26MAR21-48000-C", "index_price": 51721.67, "direction": "sell", "amount": 0.1}, {"trade_seq": 5653, "trade_id": "138771613", "timestamp": 1616680347047, "tick_direction": 2, "price": 0.072, "mark_price": 0.07461008, "iv": 0.0, "instrument_name": "BTC-26MAR21-48000-C", "index_price": 51721.67, "direction": "sell", "amount": 2.0}, {"trade_seq": 5652, "trade_id": "138691508", "timestamp": 1616673104694, "tick_direction": 2, "price": 0.085, "mark_price": 0.08594667, "iv": 105.14, "instrument_name": "BTC-26MAR21-48000-C", "index_price": 52347.48, "direction": "sell", "amount": 0.1}, {"trade_seq": 5651, "trade_id": "138672888", "timestamp": 1616667335777, "tick_direction": 2, "price": 0.0895, "mark_price": 0.0896554, "iv": 123.88, "instrument_name": "BTC-26MAR21-48000-C", "index_price": 52617.61, "direction": "sell", "amount": 0.1}, {"trade_seq": 5650, "trade_id": "138666421", "timestamp": 1616665727666, "tick_direction": 1, "price": 0.0925, "mark_price": 0.09332068, "iv": 117.87, "instrument_name": "BTC-26MAR21-48000-C", "index_price": 52826.46, "direction": "buy", "amount": 0.3}, {"trade_seq": 5649, "trade_id": "138666418", "timestamp": 1616665724334, "tick_direction": 1, "price": 0.0925, "mark_price": 0.09316206, "iv": 118.9, "instrument_name": "BTC-26MAR21-48000-C", "index_price": 52822.6, "direction": "buy", "amount": 0.2}, {"trade_seq": 5648, "trade_id": "138666417", "timestamp": 1616665724170, "tick_direction": 0, "price": 0.0925, "mark_price": 0.09316206, "iv": 118.9, "instrument_name": "BTC-26MAR21-48000-C", "index_price": 52822.6, "direction": "buy", "amount": 0.5}, {"trade_seq": 5647, "trade_id": "138655199", "timestamp": 1616661829555, "tick_direction": 1, "price": 0.0915, "mark_price": 0.09213118, "iv": 117.22, "instrument_name": "BTC-26MAR21-48000-C", "index_price": 52761.02, "direction": "buy", "amount": 0.1}, {"trade_seq": 5646, "trade_id": "138655182", "timestamp": 1616661825567, "tick_direction": 1, "price": 0.0915, "mark_price": 0.09165749, "iv": 120.9, "instrument_name": "BTC-26MAR21-48000-C", "index_price": 52754.16, "direction": "buy", "amount": 0.2}, {"trade_seq": 5645, "trade_id": "138655181", "timestamp": 1616661825113, "tick_direction": 1, "price": 0.0915, "mark_price": 0.09165749, "iv": 120.9, "instrument_name": "BTC-26MAR21-48000-C", "index_price": 52754.16, "direction": "buy", "amount": 0.1}, {"trade_seq": 5644, "trade_id": "138655135", "timestamp": 1616661820386, "tick_direction": 1, "price": 0.0915, "mark_price": 0.0912515, "iv": 124.42, "instrument_name": "BTC-26MAR21-48000-C", "index_price": 52744.44, "direction": "buy", "amount": 0.1}, {"trade_seq": 5643, "trade_id": "138655129", "timestamp": 1616661820101, "tick_direction": 0, "price": 0.0915, "mark_price": 0.0912515, "iv": 124.42, "instrument_name": "BTC-26MAR21-48000-C", "index_price": 52744.44, "direction": "buy", "amount": 0.5}, {"trade_seq": 5642, "trade_id": "138654965", "timestamp": 1616661816511, "tick_direction": 1, "price": 0.0905, "mark_price": 0.09091329, "iv": 118.79, "instrument_name": "BTC-26MAR21-48000-C", "index_price": 52707.38, "direction": "buy", "amount": 0.3}, {"trade_seq": 5641, "trade_id": "138654949", "timestamp": 1616661815865, "tick_direction": 1, "price": 0.0905, "mark_price": 0.09091329, "iv": 120.5, "instrument_name": "BTC-26MAR21-48000-C", "index_price": 52704.22, "direction": "buy", "amount": 0.6}, {"trade_seq": 5640, "trade_id": "138654944", "timestamp": 1616661815280, "tick_direction": 0, "price": 0.0905, "mark_price": 0.09084124, "iv": 120.5, "instrument_name": "BTC-26MAR21-48000-C", "index_price": 52704.22, "direction": "buy", "amount": 0.1}, {"trade_seq": 5639, "trade_id": "138654565", "timestamp": 1616661775666, "tick_direction": 1, "price": 0.0895, "mark_price": 0.08925838, "iv": 128.45, "instrument_name": "BTC-26MAR21-48000-C", "index_price": 52604.85, "direction": "buy", "amount": 0.9}, {"trade_seq": 5638, "trade_id": "138654518", "timestamp": 1616661774997, "tick_direction": 0, "price": 0.0895, "mark_price": 0.08925838, "iv": 128.45, "instrument_name": "BTC-26MAR21-48000-C", "index_price": 52604.85, "direction": "buy", "amount": 0.1}, {"trade_seq": 5637, "trade_id": "138653543", "timestamp": 1616661510765, "tick_direction": 0, "price": 0.0885, "mark_price": 0.08867222, "iv": 123.47, "instrument_name": "BTC-26MAR21-48000-C", "index_price": 52553.03, "direction": "buy", "amount": 1.0}, {"trade_seq": 5636, "trade_id": "138653308", "timestamp": 1616661450501, "tick_direction": 1, "price": 0.0875, "mark_price": 0.08794778, "iv": 118.52, "instrument_name": "BTC-26MAR21-48000-C", "index_price": 52516.57, "direction": "buy", "amount": 0.1}, {"trade_seq": 5635, "trade_id": "138653282", "timestamp": 1616661442884, "tick_direction": 1, "price": 0.0875, "mark_price": 0.087856, "iv": 120.8, "instrument_name": "BTC-26MAR21-48000-C", "index_price": 52507.35, "direction": "buy", "amount": 0.8}, {"trade_seq": 5634, "trade_id": "138648367", "timestamp": 1616660154192, "tick_direction": 0, "price": 0.0875, "mark_price": 0.08733404, "iv": 129.02, "instrument_name": "BTC-26MAR21-48000-C", "index_price": 52469.32, "direction": "buy", "amount": 0.1}, {"trade_seq": 5633, "trade_id": "138647026", "timestamp": 1616659855347, "tick_direction": 1, "price": 0.0865, "mark_price": 0.08649326, "iv": 126.26, "instrument_name": "BTC-26MAR21-48000-C", "index_price": 52438.82, "direction": "buy", "amount": 0.1}, {"trade_seq": 5632, "trade_id": "138647025", "timestamp": 1616659855337, "tick_direction": 1, "price": 0.0865, "mark_price": 0.08649326, "iv": 126.26, "instrument_name": "BTC-26MAR21-48000-C", "index_price": 52438.82, "direction": "buy", "amount": 0.6}, {"trade_seq": 5631, "trade_id": "138647022", "timestamp": 1616659855102, "tick_direction": 1, "price": 0.0865, "mark_price": 0.08643594, "iv": 126.26, "instrument_name": "BTC-26MAR21-48000-C", "index_price": 52438.82, "direction": "buy", "amount": 0.1}, {"trade_seq": 5630, "trade_id": "138646986", "timestamp": 1616659854094, "tick_direction": 1, "price": 0.0865, "mark_price": 0.08643513, "iv": 126.94, "instrument_name": "BTC-26MAR21-48000-C", "index_price": 52425.98, "direction": "buy", "amount": 0.1}, {"trade_seq": 5629, "trade_id": "138646961", "timestamp": 1616659841341, "tick_direction": 0, "price": 0.0865, "mark_price": 0.08623297, "iv": 129.28, "instrument_name": "BTC-26MAR21-48000-C", "index_price": 52407.26, "direction": "buy", "amount": 0.1}, {"trade_seq": 5628, "trade_id": "138646616", "timestamp": 1616659796586, "tick_direction": 1, "price": 0.0855, "mark_price": 0.08606562, "iv": 118.81, "instrument_name": "BTC-26MAR21-48000-C", "index_price": 52395.21, "direction": "buy", "amount": 0.2}, {"trade_seq": 5627, "trade_id": "138646607", "timestamp": 1616659796148, "tick_direction": 0, "price": 0.0855, "mark_price": 0.08597565, "iv": 118.93, "instrument_name": "BTC-26MAR21-48000-C", "index_price": 52394.48, "direction": "buy", "amount": 0.8}, {"trade_seq": 5626, "trade_id": "138646506", "timestamp": 1616659781087, "tick_direction": 1, "price": 0.085, "mark_price": 0.08548061, "iv": 120.07, "instrument_name": "BTC-26MAR21-48000-C", "index_price": 52360.73, "direction": "buy", "amount": 0.5}, {"trade_seq": 5625, "trade_id": "138646499", "timestamp": 1616659776889, "tick_direction": 1, "price": 0.085, "mark_price": 0.08541891, "iv": 120.99, "instrument_name": "BTC-26MAR21-48000-C", "index_price": 52355.87, "direction": "buy", "amount": 0.1}, {"trade_seq": 5624, "trade_id": "138646475", "timestamp": 1616659770728, "tick_direction": 1, "price": 0.085, "mark_price": 0.08542567, "iv": 120.79, "instrument_name": "BTC-26MAR21-48000-C", "index_price": 52357.03, "direction": "buy", "amount": 0.2}, {"trade_seq": 5623, "trade_id": "138646474", "timestamp": 1616659770609, "tick_direction": 0, "price": 0.085, "mark_price": 0.08542567, "iv": 120.79, "instrument_name": "BTC-26MAR21-48000-C", "index_price": 52357.03, "direction": "buy", "amount": 0.2}, {"trade_seq": 5622, "trade_id": "138646370", "timestamp": 1616659728411, "tick_direction": 1, "price": 0.0845, "mark_price": 0.0850208, "iv": 119.86, "instrument_name": "BTC-26MAR21-48000-C", "index_price": 52322.23, "direction": "buy", "amount": 0.3}, {"trade_seq": 5621, "trade_id": "138646357", "timestamp": 1616659723317, "tick_direction": 0, "price": 0.0845, "mark_price": 0.08469619, "iv": 123.94, "instrument_name": "BTC-26MAR21-48000-C", "index_price": 52309.35, "direction": "buy", "amount": 0.7}, {"trade_seq": 5620, "trade_id": "138646315", "timestamp": 1616659717481, "tick_direction": 1, "price": 0.084, "mark_price": 0.08472431, "iv": 117.31, "instrument_name": "BTC-26MAR21-48000-C", "index_price": 52301.98, "direction": "buy", "amount": 0.6}, {"trade_seq": 5619, "trade_id": "138646294", "timestamp": 1616659712300, "tick_direction": 1, "price": 0.084, "mark_price": 0.08434977, "iv": 121.57, "instrument_name": "BTC-26MAR21-48000-C", "index_price": 52284.35, "direction": "buy", "amount": 0.2}, {"trade_seq": 5618, "trade_id": "138646291", "timestamp": 1616659710981, "tick_direction": 0, "price": 0.084, "mark_price": 0.08419204, "iv": 123.99, "instrument_name": "BTC-26MAR21-48000-C", "index_price": 52281.31, "direction": "buy", "amount": 0.2}, {"trade_seq": 5617, "trade_id": "138646173", "timestamp": 1616659700209, "tick_direction": 3, "price": 0.0835, "mark_price": 0.08389913, "iv": 121.45, "instrument_name": "BTC-26MAR21-48000-C", "index_price": 52253.12, "direction": "buy", "amount": 0.1}, {"trade_seq": 5616, "trade_id": "138646166", "timestamp": 1616659699810, "tick_direction": 3, "price": 0.0835, "mark_price": 0.08388047, "iv": 121.68, "instrument_name": "BTC-26MAR21-48000-C", "index_price": 52253.12, "direction": "buy", "amount": 0.4}, {"trade_seq": 5615, "trade_id": "138646165", "timestamp": 1616659699800, "tick_direction": 3, "price": 0.0835, "mark_price": 0.08388047, "iv": 121.68, "instrument_name": "BTC-26MAR21-48000-C", "index_price": 52253.12, "direction": "buy", "amount": 0.4}, {"trade_seq": 5614, "trade_id": "138646152", "timestamp": 1616659699623, "tick_direction": 3, "price": 0.0835, "mark_price": 0.08388047, "iv": 121.68, "instrument_name": "BTC-26MAR21-48000-C", "index_price": 52253.12, "direction": "buy", "amount": 0.1}, {"trade_seq": 5613, "trade_id": "138646011", "timestamp": 1616659635880, "tick_direction": 3, "price": 0.0835, "mark_price": 0.08379306, "iv": 124.55, "instrument_name": "BTC-26MAR21-48000-C", "index_price": 52233.54, "direction": "buy", "amount": 0.1}, {"trade_seq": 5612, "trade_id": "138645961", "timestamp": 1616659624258, "tick_direction": 3, "price": 0.0835, "mark_price": 0.08420663, "iv": 117.7, "instrument_name": "BTC-26MAR21-48000-C", "index_price": 52251.91, "direction": "buy", "amount": 0.1}, {"trade_seq": 5611, "trade_id": "138645941", "timestamp": 1616659618999, "tick_direction": 3, "price": 0.0835, "mark_price": 0.08431677, "iv": 116.36, "instrument_name": "BTC-26MAR21-48000-C", "index_price": 52264.87, "direction": "buy", "amount": 2.8}, {"trade_seq": 5610, "trade_id": "138645940", "timestamp": 1616659618951, "tick_direction": 2, "price": 0.0835, "mark_price": 0.08431677, "iv": 116.89, "instrument_name": "BTC-26MAR21-48000-C", "index_price": 52264.87, "direction": "buy", "amount": 1.0}, {"trade_seq": 5609, "trade_id": "138629238", "timestamp": 1616656570199, "tick_direction": 0, "price": 0.0965, "mark_price": 0.09682047, "iv": 125.66, "instrument_name": "BTC-26MAR21-48000-C", "index_price": 53022.86, "direction": "buy", "amount": 0.2}, {"trade_seq": 5608, "trade_id": "138580295", "timestamp": 1616639324179, "tick_direction": 2, "price": 0.085, "mark_price": 0.08486674, "iv": 130.51, "instrument_name": "BTC-26MAR21-48000-C", "index_price": 52158.76, "direction": "sell", "amount": 0.6}, {"trade_seq": 5607, "trade_id": "138496388", "timestamp": 1616625717594, "tick_direction": 2, "price": 0.097, "mark_price": 0.09682767, "iv": 128.04, "instrument_name": "BTC-26MAR21-48000-C", "index_price": 52688.6, "direction": "buy", "amount": 1.0}, {"trade_seq": 5606, "trade_id": "138373314", "timestamp": 1616616059946, "tick_direction": 3, "price": 0.125, "mark_price": 0.12512886, "iv": 126.44, "instrument_name": "BTC-26MAR21-48000-C", "index_price": 54577.95, "direction": "sell", "amount": 0.3}, {"trade_seq": 5605, "trade_id": "138373301", "timestamp": 1616616059871, "tick_direction": 3, "price": 0.125, "mark_price": 0.12512886, "iv": 126.44, "instrument_name": "BTC-26MAR21-48000-C", "index_price": 54577.95, "direction": "sell", "amount": 0.3}, {"trade_seq": 5604, "trade_id": "138373291", "timestamp": 1616616059841, "tick_direction": 3, "price": 0.125, "mark_price": 0.12512886, "iv": 126.44, "instrument_name": "BTC-26MAR21-48000-C", "index_price": 54577.95, "direction": "sell", "amount": 0.1}, {"trade_seq": 5603, "trade_id": "138373288", "timestamp": 1616616059835, "tick_direction": 2, "price": 0.125, "mark_price": 0.12512886, "iv": 126.44, "instrument_name": "BTC-26MAR21-48000-C", "index_price": 54577.95, "direction": "sell", "amount": 0.3}, {"trade_seq": 5602, "trade_id": "138366226", "timestamp": 1616614952167, "tick_direction": 3, "price": 0.127, "mark_price": 0.12707904, "iv": 123.82, "instrument_name": "BTC-26MAR21-48000-C", "index_price": 54741.55, "direction": "buy", "amount": 0.5}, {"trade_seq": 5601, "trade_id": "138366225", "timestamp": 1616614952052, "tick_direction": 3, "price": 0.127, "mark_price": 0.12707904, "iv": 123.82, "instrument_name": "BTC-26MAR21-48000-C", "index_price": 54741.55, "direction": "buy", "amount": 0.1}, {"trade_seq": 5600, "trade_id": "138366224", "timestamp": 1616614952050, "tick_direction": 3, "price": 0.127, "mark_price": 0.12707904, "iv": 123.82, "instrument_name": "BTC-26MAR21-48000-C", "index_price": 54741.55, "direction": "buy", "amount": 0.2}, {"trade_seq": 5599, "trade_id": "138366188", "timestamp": 1616614950425, "tick_direction": 3, "price": 0.127, "mark_price": 0.12694501, "iv": 128.05, "instrument_name": "BTC-26MAR21-48000-C", "index_price": 54734.14, "direction": "buy", "amount": 0.1}, {"trade_seq": 5598, "trade_id": "138366187", "timestamp": 1616614950379, "tick_direction": 2, "price": 0.127, "mark_price": 0.12694501, "iv": 128.05, "instrument_name": "BTC-26MAR21-48000-C", "index_price": 54734.14, "direction": "buy", "amount": 0.1}, {"trade_seq": 5597, "trade_id": "138297173", "timestamp": 1616600883946, "tick_direction": 2, "price": 0.146, "mark_price": 0.14720999, "iv": 0.0, "instrument_name": "BTC-26MAR21-48000-C", "index_price": 56129.62, "direction": "buy", "amount": 3.0}, {"trade_seq": 5596, "trade_id": "138285343", "timestamp": 1616597876060, "tick_direction": 2, "price": 0.154, "mark_price": 0.15400961, "iv": 135.0, "instrument_name": "BTC-26MAR21-48000-C", "index_price": 56575.14, "direction": "sell", "amount": 0.1}, {"trade_seq": 5595, "trade_id": "138263853", "timestamp": 1616593128511, "tick_direction": 0, "price": 0.1605, "mark_price": 0.1604614, "iv": 136.89, "instrument_name": "BTC-26MAR21-48000-C", "index_price": 57053.72, "direction": "buy", "amount": 0.1}, {"trade_seq": 5594, "trade_id": "138229020", "timestamp": 1616581929763, "tick_direction": 1, "price": 0.149, "mark_price": 0.14941209, "iv": 115.14, "instrument_name": "BTC-26MAR21-48000-C", "index_price": 56298.13, "direction": "buy", "amount": 0.6}, {"trade_seq": 5593, "trade_id": "138229018", "timestamp": 1616581929521, "tick_direction": 1, "price": 0.149, "mark_price": 0.14941209, "iv": 119.06, "instrument_name": "BTC-26MAR21-48000-C", "index_price": 56288.68, "direction": "buy", "amount": 0.8}, {"trade_seq": 5592, "trade_id": "138228996", "timestamp": 1616581926922, "tick_direction": 1, "price": 0.149, "mark_price": 0.1492961, "iv": 121.49, "instrument_name": "BTC-26MAR21-48000-C", "index_price": 56270.47, "direction": "buy", "amount": 0.6}, {"trade_seq": 5591, "trade_id": "138228995", "timestamp": 1616581926883, "tick_direction": 1, "price": 0.149, "mark_price": 0.1492961, "iv": 121.49, "instrument_name": "BTC-26MAR21-48000-C", "index_price": 56270.47, "direction": "buy", "amount": 0.4}, {"trade_seq": 5590, "trade_id": "138228990", "timestamp": 1616581926656, "tick_direction": 1, "price": 0.149, "mark_price": 0.1491077, "iv": 121.49, "instrument_name": "BTC-26MAR21-48000-C", "index_price": 56270.47, "direction": "buy", "amount": 0.1}, {"trade_seq": 5589, "trade_id": "138228989", "timestamp": 1616581926618, "tick_direction": 0, "price": 0.149, "mark_price": 0.1491077, "iv": 121.49, "instrument_name": "BTC-26MAR21-48000-C", "index_price": 56270.47, "direction": "buy", "amount": 0.1}, {"trade_seq": 5588, "trade_id": "138186433", "timestamp": 1616572542765, "tick_direction": 2, "price": 0.1355, "mark_price": 0.1349008, "iv": 129.04, "instrument_name": "BTC-26MAR21-48000-C", "index_price": 55372.71, "direction": "buy", "amount": 0.2}, {"trade_seq": 5587, "trade_id": "138171041", "timestamp": 1616569464723, "tick_direction": 0, "price": 0.136, "mark_price": 0.134342, "iv": 136.92, "instrument_name": "BTC-26MAR21-48000-C", "index_price": 55317.04, "direction": "buy", "amount": 0.1}, {"trade_seq": 5586, "trade_id": "138154297", "timestamp": 1616567305164, "tick_direction": 2, "price": 0.1145, "mark_price": 0.11286531, "iv": 129.09, "instrument_name": "BTC-26MAR21-48000-C", "index_price": 53839.05, "direction": "buy", "amount": 0.1}, {"trade_seq": 5585, "trade_id": "138120040", "timestamp": 1616554923346, "tick_direction": 1, "price": 0.121, "mark_price": 0.1209018, "iv": 119.24, "instrument_name": "BTC-26MAR21-48000-C", "index_price": 54299.13, "direction": "sell", "amount": 0.5}, {"trade_seq": 5584, "trade_id": "138120038", "timestamp": 1616554923035, "tick_direction": 0, "price": 0.121, "mark_price": 0.1209018, "iv": 119.24, "instrument_name": "BTC-26MAR21-48000-C", "index_price": 54299.13, "direction": "sell", "amount": 0.5}, {"trade_seq": 5583, "trade_id": "138109452", "timestamp": 1616550576899, "tick_direction": 1, "price": 0.1185, "mark_price": 0.11826863, "iv": 120.35, "instrument_name": "BTC-26MAR21-48000-C", "index_price": 54110.04, "direction": "sell", "amount": 0.6}, {"trade_seq": 5582, "trade_id": "138109436", "timestamp": 1616550569328, "tick_direction": 1, "price": 0.1185, "mark_price": 0.11831619, "iv": 120.13, "instrument_name": "BTC-26MAR21-48000-C", "index_price": 54113.37, "direction": "sell", "amount": 0.1}, {"trade_seq": 5581, "trade_id": "138109435", "timestamp": 1616550569324, "tick_direction": 0, "price": 0.1185, "mark_price": 0.11831619, "iv": 120.13, "instrument_name": "BTC-26MAR21-48000-C", "index_price": 54113.37, "direction": "sell", "amount": 0.3}, {"trade_seq": 5580, "trade_id": "138091713", "timestamp": 1616545634283, "tick_direction": 3, "price": 0.1135, "mark_price": 0.11381246, "iv": 112.43, "instrument_name": "BTC-26MAR21-48000-C", "index_price": 53807.08, "direction": "sell", "amount": 0.4}, {"trade_seq": 5579, "trade_id": "138091670", "timestamp": 1616545633718, "tick_direction": 3, "price": 0.1135, "mark_price": 0.1138131, "iv": 109.7, "instrument_name": "BTC-26MAR21-48000-C", "index_price": 53822.74, "direction": "sell", "amount": 0.1}, {"trade_seq": 5578, "trade_id": "138091669", "timestamp": 1616545633716, "tick_direction": 3, "price": 0.1135, "mark_price": 0.1138131, "iv": 109.7, "instrument_name": "BTC-26MAR21-48000-C", "index_price": 53822.74, "direction": "sell", "amount": 0.3}, {"trade_seq": 5577, "trade_id": "138091664", "timestamp": 1616545633600, "tick_direction": 2, "price": 0.1135, "mark_price": 0.1138131, "iv": 109.7, "instrument_name": "BTC-26MAR21-48000-C", "index_price": 53822.74, "direction": "sell", "amount": 0.2}, {"trade_seq": 5576, "trade_id": "138088110", "timestamp": 1616545204710, "tick_direction": 2, "price": 0.12, "mark_price": 0.1158118, "iv": 141.46, "instrument_name": "BTC-26MAR21-48000-C", "index_price": 53985.39, "direction": "sell", "amount": 1.0}, {"trade_seq": 5575, "trade_id": "138048427", "timestamp": 1616530757614, "tick_direction": 3, "price": 0.13, "mark_price": 0.12978967, "iv": 112.37, "instrument_name": "BTC-26MAR21-48000-C", "index_price": 54933.59, "direction": "buy", "amount": 0.2}, {"trade_seq": 5574, "trade_id": "138048421", "timestamp": 1616530756645, "tick_direction": 2, "price": 0.13, "mark_price": 0.12979669, "iv": 113.51, "instrument_name": "BTC-26MAR21-48000-C", "index_price": 54924.84, "direction": "buy", "amount": 0.1}, {"trade_seq": 5573, "trade_id": "138014778", "timestamp": 1616518815461, "tick_direction": 1, "price": 0.139, "mark_price": 0.13935247, "iv": 111.49, "instrument_name": "BTC-26MAR21-48000-C", "index_price": 55565.45, "direction": "buy", "amount": 0.6}, {"trade_seq": 5572, "trade_id": "138014759", "timestamp": 1616518815298, "tick_direction": 1, "price": 0.139, "mark_price": 0.13935247, "iv": 111.49, "instrument_name": "BTC-26MAR21-48000-C", "index_price": 55565.45, "direction": "buy", "amount": 0.1}, {"trade_seq": 5571, "trade_id": "138014729", "timestamp": 1616518809732, "tick_direction": 1, "price": 0.139, "mark_price": 0.13905645, "iv": 112.64, "instrument_name": "BTC-26MAR21-48000-C", "index_price": 55555.51, "direction": "buy", "amount": 0.1}, {"trade_seq": 5570, "trade_id": "138014726", "timestamp": 1616518809604, "tick_direction": 1, "price": 0.139, "mark_price": 0.13905645, "iv": 114.57, "instrument_name": "BTC-26MAR21-48000-C", "index_price": 55551.82, "direction": "buy", "amount": 0.1}, {"trade_seq": 5569, "trade_id": "138014702", "timestamp": 1616518808139, "tick_direction": 0, "price": 0.139, "mark_price": 0.13905881, "iv": 114.55, "instrument_name": "BTC-26MAR21-48000-C", "index_price": 55538.49, "direction": "buy", "amount": 0.1}, {"trade_seq": 5568, "trade_id": "138014565", "timestamp": 1616518730430, "tick_direction": 1, "price": 0.138, "mark_price": 0.13861232, "iv": 108.83, "instrument_name": "BTC-26MAR21-48000-C", "index_price": 55509.56, "direction": "buy", "amount": 0.8}, {"trade_seq": 5567, "trade_id": "138014554", "timestamp": 1616518728828, "tick_direction": 1, "price": 0.138, "mark_price": 0.13859907, "iv": 109.45, "instrument_name": "BTC-26MAR21-48000-C", "index_price": 55507.25, "direction": "buy", "amount": 0.1}, {"trade_seq": 5566, "trade_id": "138014335", "timestamp": 1616518576531, "tick_direction": 0, "price": 0.138, "mark_price": 0.13803971, "iv": 114.77, "instrument_name": "BTC-26MAR21-48000-C", "index_price": 55481.46, "direction": "buy", "amount": 0.1}, {"trade_seq": 5565, "trade_id": "137994414", "timestamp": 1616512569826, "tick_direction": 0, "price": 0.131, "mark_price": 0.13207947, "iv": 100.98, "instrument_name": "BTC-26MAR21-48000-C", "index_price": 55063.87, "direction": "sell", "amount": 3.0}, {"trade_seq": 5564, "trade_id": "137986256", "timestamp": 1616510256795, "tick_direction": 3, "price": 0.129, "mark_price": 0.12865693, "iv": 113.8, "instrument_name": "BTC-26MAR21-48000-C", "index_price": 54835.6, "direction": "sell", "amount": 0.1}, {"trade_seq": 5563, "trade_id": "137986230", "timestamp": 1616510251378, "tick_direction": 3, "price": 0.129, "mark_price": 0.12869182, "iv": 113.55, "instrument_name": "BTC-26MAR21-48000-C", "index_price": 54844.25, "direction": "sell", "amount": 0.1}, {"trade_seq": 5562, "trade_id": "137986229", "timestamp": 1616510251304, "tick_direction": 3, "price": 0.129, "mark_price": 0.12869182, "iv": 113.55, "instrument_name": "BTC-26MAR21-48000-C", "index_price": 54844.25, "direction": "sell", "amount": 0.1}, {"trade_seq": 5561, "trade_id": "137986228", "timestamp": 1616510251262, "tick_direction": 3, "price": 0.129, "mark_price": 0.12869182, "iv": 113.55, "instrument_name": "BTC-26MAR21-48000-C", "index_price": 54844.25, "direction": "sell", "amount": 0.1}, {"trade_seq": 5560, "trade_id": "137986227", "timestamp": 1616510251217, "tick_direction": 3, "price": 0.129, "mark_price": 0.12869182, "iv": 113.55, "instrument_name": "BTC-26MAR21-48000-C", "index_price": 54844.25, "direction": "sell", "amount": 0.8}, {"trade_seq": 5559, "trade_id": "137986218", "timestamp": 1616510248465, "tick_direction": 3, "price": 0.129, "mark_price": 0.12912052, "iv": 110.08, "instrument_name": "BTC-26MAR21-48000-C", "index_price": 54876.99, "direction": "sell", "amount": 1.0}, {"trade_seq": 5558, "trade_id": "137986120", "timestamp": 1616510230803, "tick_direction": 3, "price": 0.129, "mark_price": 0.12894044, "iv": 111.67, "instrument_name": "BTC-26MAR21-48000-C", "index_price": 54855.14, "direction": "sell", "amount": 0.1}, {"trade_seq": 5557, "trade_id": "137986119", "timestamp": 1616510230801, "tick_direction": 3, "price": 0.129, "mark_price": 0.12894044, "iv": 111.67, "instrument_name": "BTC-26MAR21-48000-C", "index_price": 54855.14, "direction": "sell", "amount": 0.5}, {"trade_seq": 5556, "trade_id": "137986106", "timestamp": 1616510227543, "tick_direction": 3, "price": 0.129, "mark_price": 0.12901834, "iv": 111.78, "instrument_name": "BTC-26MAR21-48000-C", "index_price": 54857.32, "direction": "sell", "amount": 1.0}, {"trade_seq": 5555, "trade_id": "137986105", "timestamp": 1616510227527, "tick_direction": 2, "price": 0.129, "mark_price": 0.12901834, "iv": 111.78, "instrument_name": "BTC-26MAR21-48000-C", "index_price": 54857.32, "direction": "sell", "amount": 1.2}, {"trade_seq": 5554, "trade_id": "137985779", "timestamp": 1616510212771, "tick_direction": 1, "price": 0.13, "mark_price": 0.12993957, "iv": 111.78, "instrument_name": "BTC-26MAR21-48000-C", "index_price": 54915.53, "direction": "sell", "amount": 0.1}, {"trade_seq": 5553, "trade_id": "137985776", "timestamp": 1616510212084, "tick_direction": 1, "price": 0.13, "mark_price": 0.1299672, "iv": 111.55, "instrument_name": "BTC-26MAR21-48000-C", "index_price": 54920.36, "direction": "sell", "amount": 0.1}, {"trade_seq": 5552, "trade_id": "137985768", "timestamp": 1616510211776, "tick_direction": 1, "price": 0.13, "mark_price": 0.1299672, "iv": 111.55, "instrument_name": "BTC-26MAR21-48000-C", "index_price": 54920.36, "direction": "sell", "amount": 0.5}, {"trade_seq": 5551, "trade_id": "137985765", "timestamp": 1616510210897, "tick_direction": 1, "price": 0.13, "mark_price": 0.12996334, "iv": 111.59, "instrument_name": "BTC-26MAR21-48000-C", "index_price": 54922.03, "direction": "sell", "amount": 1.0}, {"trade_seq": 5550, "trade_id": "137985756", "timestamp": 1616510210807, "tick_direction": 1, "price": 0.13, "mark_price": 0.12996334, "iv": 111.59, "instrument_name": "BTC-26MAR21-48000-C", "index_price": 54922.03, "direction": "sell", "amount": 0.3}, {"trade_seq": 5549, "trade_id": "137985751", "timestamp": 1616510210770, "tick_direction": 1, "price": 0.13, "mark_price": 0.12996334, "iv": 111.59, "instrument_name": "BTC-26MAR21-48000-C", "index_price": 54922.03, "direction": "sell", "amount": 0.2}, {"trade_seq": 5548, "trade_id": "137985750", "timestamp": 1616510210733, "tick_direction": 0, "price": 0.13, "mark_price": 0.12996334, "iv": 111.59, "instrument_name": "BTC-26MAR21-48000-C", "index_price": 54922.03, "direction": "sell", "amount": 2.8}, {"trade_seq": 5547, "trade_id": "137894669", "timestamp": 1616480598765, "tick_direction": 0, "price": 0.103, "mark_price": 0.10362523, "iv": 97.85, "instrument_name": "BTC-26MAR21-48000-C", "index_price": 53188.34, "direction": "sell", "amount": 1.0}, {"trade_seq": 5546, "trade_id": "137892217", "timestamp": 1616480557569, "tick_direction": 3, "price": 0.1, "mark_price": 0.10017585, "iv": 98.8, "instrument_name": "BTC-26MAR21-48000-C", "index_price": 52996.02, "direction": "sell", "amount": 0.8}, {"trade_seq": 5545, "trade_id": "137891441", "timestamp": 1616480548321, "tick_direction": 2, "price": 0.1, "mark_price": 0.10119481, "iv": 93.34, "instrument_name": "BTC-26MAR21-48000-C", "index_price": 53054.63, "direction": "sell", "amount": 0.1}, {"trade_seq": 5544, "trade_id": "137890186", "timestamp": 1616480527530, "tick_direction": 2, "price": 0.104, "mark_price": 0.10435513, "iv": 97.98, "instrument_name": "BTC-26MAR21-48000-C", "index_price": 53238.98, "direction": "sell", "amount": 0.1}, {"trade_seq": 5543, "trade_id": "137697483", "timestamp": 1616428297795, "tick_direction": 0, "price": 0.166, "mark_price": 0.16294756, "iv": 131.85, "instrument_name": "BTC-26MAR21-48000-C", "index_price": 57117.6, "direction": "buy", "amount": 1.5}, {"trade_seq": 5542, "trade_id": "137697482", "timestamp": 1616428297784, "tick_direction": 2, "price": 0.1635, "mark_price": 0.16294756, "iv": 112.86, "instrument_name": "BTC-26MAR21-48000-C", "index_price": 57117.6, "direction": "buy", "amount": 0.5}, {"trade_seq": 5541, "trade_id": "137670886", "timestamp": 1616418317842, "tick_direction": 1, "price": 0.164, "mark_price": 0.164289, "iv": 105.66, "instrument_name": "BTC-26MAR21-48000-C", "index_price": 57156.27, "direction": "sell", "amount": 0.1}, {"trade_seq": 5540, "trade_id": "137670882", "timestamp": 1616418317827, "tick_direction": 1, "price": 0.164, "mark_price": 0.164289, "iv": 105.66, "instrument_name": "BTC-26MAR21-48000-C", "index_price": 57156.27, "direction": "sell", "amount": 0.2}, {"trade_seq": 5539, "trade_id": "137670881", "timestamp": 1616418317808, "tick_direction": 0, "price": 0.164, "mark_price": 0.164289, "iv": 105.66, "instrument_name": "BTC-26MAR21-48000-C", "index_price": 57156.27, "direction": "sell", "amount": 0.2}, {"trade_seq": 5538, "trade_id": "137441175", "timestamp": 1616302368687, "tick_direction": 2, "price": 0.143, "mark_price": 0.16152568, "iv": 0.0, "instrument_name": "BTC-26MAR21-48000-C", "index_price": 56865.03, "direction": "sell", "amount": 0.1}, {"trade_seq": 5537, "trade_id": "137331433", "timestamp": 1616250182665, "tick_direction": 0, "price": 0.195, "mark_price": 0.19504932, "iv": 107.57, "instrument_name": "BTC-26MAR21-48000-C", "index_price": 59120.63, "direction": "buy", "amount": 0.1}, {"trade_seq": 5536, "trade_id": "137249423", "timestamp": 1616205334315, "tick_direction": 1, "price": 0.19, "mark_price": 0.19016192, "iv": 102.01, "instrument_name": "BTC-26MAR21-48000-C", "index_price": 58826.66, "direction": "buy", "amount": 0.4}, {"trade_seq": 5535, "trade_id": "137249409", "timestamp": 1616205333906, "tick_direction": 0, "price": 0.19, "mark_price": 0.19004876, "iv": 102.8, "instrument_name": "BTC-26MAR21-48000-C", "index_price": 58821.76, "direction": "buy", "amount": 0.1}, {"trade_seq": 5534, "trade_id": "137184284", "timestamp": 1616166608489, "tick_direction": 0, "price": 0.185, "mark_price": 0.18786184, "iv": 80.26, "instrument_name": "BTC-26MAR21-48000-C", "index_price": 58570.2, "direction": "buy", "amount": 5.0}, {"trade_seq": 5533, "trade_id": "137163631", "timestamp": 1616159407557, "tick_direction": 0, "price": 0.1845, "mark_price": 0.18613821, "iv": 94.71, "instrument_name": "BTC-26MAR21-48000-C", "index_price": 58369.86, "direction": "sell", "amount": 0.1}, {"trade_seq": 5532, "trade_id": "137122120", "timestamp": 1616142991880, "tick_direction": 1, "price": 0.18, "mark_price": 0.18159141, "iv": 90.23, "instrument_name": "BTC-26MAR21-48000-C", "index_price": 58113.13, "direction": "buy", "amount": 2.0}, {"trade_seq": 5531, "trade_id": "137121386", "timestamp": 1616142575104, "tick_direction": 0, "price": 0.18, "mark_price": 0.18104922, "iv": 93.51, "instrument_name": "BTC-26MAR21-48000-C", "index_price": 58110.18, "direction": "buy", "amount": 3.0}, {"trade_seq": 5530, "trade_id": "137115426", "timestamp": 1616141250295, "tick_direction": 0, "price": 0.1725, "mark_price": 0.17584304, "iv": 75.84, "instrument_name": "BTC-26MAR21-48000-C", "index_price": 57729.75, "direction": "buy", "amount": 5.0}, {"trade_seq": 5529, "trade_id": "137070741", "timestamp": 1616118620057, "tick_direction": 2, "price": 0.16, "mark_price": 0.17032896, "iv": 0.0, "instrument_name": "BTC-26MAR21-48000-C", "index_price": 57236.45, "direction": "buy", "amount": 3.0}, {"trade_seq": 5528, "trade_id": "137053925", "timestamp": 1616113148675, "tick_direction": 2, "price": 0.1605, "mark_price": 0.1632847, "iv": 85.85, "instrument_name": "BTC-26MAR21-48000-C", "index_price": 56710.05, "direction": "sell", "amount": 0.1}, {"trade_seq": 5527, "trade_id": "136990774", "timestamp": 1616091356753, "tick_direction": 0, "price": 0.19, "mark_price": 0.19041962, "iv": 103.19, "instrument_name": "BTC-26MAR21-48000-C", "index_price": 58650.44, "direction": "sell", "amount": 0.2}, {"trade_seq": 5526, "trade_id": "136918610", "timestamp": 1616071119813, "tick_direction": 2, "price": 0.1785, "mark_price": 0.18044721, "iv": 90.24, "instrument_name": "BTC-26MAR21-48000-C", "index_price": 57876.57, "direction": "sell", "amount": 0.1}, {"trade_seq": 5525, "trade_id": "136897847", "timestamp": 1616062108656, "tick_direction": 2, "price": 0.189, "mark_price": 0.18937289, "iv": 100.64, "instrument_name": "BTC-26MAR21-48000-C", "index_price": 58583.05, "direction": "buy", "amount": 0.5}, {"trade_seq": 5524, "trade_id": "136835918", "timestamp": 1616028821210, "tick_direction": 3, "price": 0.1965, "mark_price": 0.19832563, "iv": 99.88, "instrument_name": "BTC-26MAR21-48000-C", "index_price": 59154.8, "direction": "buy", "amount": 2.0}, {"trade_seq": 5523, "trade_id": "136835917", "timestamp": 1616028821209, "tick_direction": 2, "price": 0.1965, "mark_price": 0.19832563, "iv": 99.88, "instrument_name": "BTC-26MAR21-48000-C", "index_price": 59154.8, "direction": "buy", "amount": 8.0}, {"trade_seq": 5522, "trade_id": "136818948", "timestamp": 1616025673090, "tick_direction": 0, "price": 0.2, "mark_price": 0.19969951, "iv": 109.14, "instrument_name": "BTC-26MAR21-48000-C", "index_price": 59252.97, "direction": "buy", "amount": 0.2}, {"trade_seq": 5521, "trade_id": "136791829", "timestamp": 1616019078831, "tick_direction": 0, "price": 0.195, "mark_price": 0.19479834, "iv": 108.64, "instrument_name": "BTC-26MAR21-48000-C", "index_price": 58900.67, "direction": "buy", "amount": 0.1}, {"trade_seq": 5520, "trade_id": "136791377", "timestamp": 1616019059328, "tick_direction": 0, "price": 0.194, "mark_price": 0.19326452, "iv": 110.64, "instrument_name": "BTC-26MAR21-48000-C", "index_price": 58807.41, "direction": "buy", "amount": 0.1}, {"trade_seq": 5519, "trade_id": "136763822", "timestamp": 1616012527304, "tick_direction": 0, "price": 0.1855, "mark_price": 0.18527823, "iv": 106.47, "instrument_name": "BTC-26MAR21-48000-C", "index_price": 58164.35, "direction": "buy", "amount": 0.1}, {"trade_seq": 5518, "trade_id": "136734525", "timestamp": 1616007433590, "tick_direction": 0, "price": 0.179, "mark_price": 0.17844802, "iv": 107.11, "instrument_name": "BTC-26MAR21-48000-C", "index_price": 57575.17, "direction": "buy", "amount": 0.1}, {"trade_seq": 5517, "trade_id": "136715177", "timestamp": 1616004020710, "tick_direction": 0, "price": 0.1545, "mark_price": 0.15370491, "iv": 103.26, "instrument_name": "BTC-26MAR21-48000-C", "index_price": 55692.43, "direction": "buy", "amount": 0.1}, {"trade_seq": 5516, "trade_id": "136670735", "timestamp": 1615989431754, "tick_direction": 0, "price": 0.1485, "mark_price": 0.14779647, "iv": 103.37, "instrument_name": "BTC-26MAR21-48000-C", "index_price": 55197.51, "direction": "buy", "amount": 0.1}, {"trade_seq": 5515, "trade_id": "136627807", "timestamp": 1615976071454, "tick_direction": 0, "price": 0.1455, "mark_price": 0.14470712, "iv": 102.51, "instrument_name": "BTC-26MAR21-48000-C", "index_price": 54974.63, "direction": "buy", "amount": 0.1}, {"trade_seq": 5514, "trade_id": "136619414", "timestamp": 1615974541469, "tick_direction": 2, "price": 0.1395, "mark_price": 0.14006995, "iv": 98.56, "instrument_name": "BTC-26MAR21-48000-C", "index_price": 54626.39, "direction": "sell", "amount": 0.1}, {"trade_seq": 5513, "trade_id": "136582918", "timestamp": 1615960152924, "tick_direction": 0, "price": 0.158, "mark_price": 0.15669464, "iv": 104.66, "instrument_name": "BTC-26MAR21-48000-C", "index_price": 55874.64, "direction": "buy", "amount": 0.1}, {"trade_seq": 5512, "trade_id": "136558654", "timestamp": 1615948864790, "tick_direction": 2, "price": 0.155, "mark_price": 0.15541558, "iv": 97.53, "instrument_name": "BTC-26MAR21-48000-C", "index_price": 55823.39, "direction": "buy", "amount": 0.2}, {"trade_seq": 5511, "trade_id": "136534958", "timestamp": 1615939230754, "tick_direction": 0, "price": 0.1725, "mark_price": 0.17155135, "iv": 103.85, "instrument_name": "BTC-26MAR21-48000-C", "index_price": 56988.92, "direction": "buy", "amount": 0.1}, {"trade_seq": 5510, "trade_id": "136532966", "timestamp": 1615938929896, "tick_direction": 0, "price": 0.1675, "mark_price": 0.16644419, "iv": 102.92, "instrument_name": "BTC-26MAR21-48000-C", "index_price": 56618.67, "direction": "buy", "amount": 0.1}, {"trade_seq": 5509, "trade_id": "136532748", "timestamp": 1615938874806, "tick_direction": 0, "price": 0.166, "mark_price": 0.16540354, "iv": 101.57, "instrument_name": "BTC-26MAR21-48000-C", "index_price": 56530.27, "direction": "buy", "amount": 0.1}, {"trade_seq": 5508, "trade_id": "136517416", "timestamp": 1615929738265, "tick_direction": 2, "price": 0.162, "mark_price": 0.16198377, "iv": 100.1, "instrument_name": "BTC-26MAR21-48000-C", "index_price": 56278.25, "direction": "buy", "amount": 0.1}, {"trade_seq": 5507, "trade_id": "136511670", "timestamp": 1615926830124, "tick_direction": 0, "price": 0.164, "mark_price": 0.1636241, "iv": 102.29, "instrument_name": "BTC-26MAR21-48000-C", "index_price": 56309.1, "direction": "buy", "amount": 1.0}, {"trade_seq": 5506, "trade_id": "136504047", "timestamp": 1615924545210, "tick_direction": 0, "price": 0.156, "mark_price": 0.15570965, "iv": 100.25, "instrument_name": "BTC-26MAR21-48000-C", "index_price": 55724.91, "direction": "buy", "amount": 1.0}, {"trade_seq": 5505, "trade_id": "136500498", "timestamp": 1615922056469, "tick_direction": 3, "price": 0.1485, "mark_price": 0.14903171, "iv": 97.79, "instrument_name": "BTC-26MAR21-48000-C", "index_price": 55199.97, "direction": "sell", "amount": 0.1}, {"trade_seq": 5504, "trade_id": "136500497", "timestamp": 1615922056459, "tick_direction": 3, "price": 0.1485, "mark_price": 0.14903171, "iv": 97.79, "instrument_name": "BTC-26MAR21-48000-C", "index_price": 55199.97, "direction": "sell", "amount": 0.3}, {"trade_seq": 5503, "trade_id": "136500488", "timestamp": 1615922054785, "tick_direction": 3, "price": 0.1485, "mark_price": 0.14910859, "iv": 97.79, "instrument_name": "BTC-26MAR21-48000-C", "index_price": 55208.63, "direction": "sell", "amount": 0.1}, {"trade_seq": 5502, "trade_id": "136500487", "timestamp": 1615922054782, "tick_direction": 3, "price": 0.1485, "mark_price": 0.14910859, "iv": 97.79, "instrument_name": "BTC-26MAR21-48000-C", "index_price": 55208.63, "direction": "sell", "amount": 0.2}, {"trade_seq": 5501, "trade_id": "136500473", "timestamp": 1615922054451, "tick_direction": 2, "price": 0.1485, "mark_price": 0.14910859, "iv": 97.59, "instrument_name": "BTC-26MAR21-48000-C", "index_price": 55214.72, "direction": "sell", "amount": 0.2}, {"trade_seq": 5500, "trade_id": "136496503", "timestamp": 1615920027635, "tick_direction": 0, "price": 0.1545, "mark_price": 0.15386134, "iv": 100.73, "instrument_name": "BTC-26MAR21-48000-C", "index_price": 55569.39, "direction": "buy", "amount": 0.1}, {"trade_seq": 5499, "trade_id": "136452597", "timestamp": 1615903324009, "tick_direction": 2, "price": 0.1535, "mark_price": 0.15273442, "iv": 100.01, "instrument_name": "BTC-26MAR21-48000-C", "index_price": 55453.89, "direction": "buy", "amount": 0.1}, {"trade_seq": 5498, "trade_id": "136443412", "timestamp": 1615900730882, "tick_direction": 0, "price": 0.156, "mark_price": 0.15453901, "iv": 101.6, "instrument_name": "BTC-26MAR21-48000-C", "index_price": 55602.51, "direction": "buy", "amount": 0.1}, {"trade_seq": 5497, "trade_id": "136442971", "timestamp": 1615900713297, "tick_direction": 0, "price": 0.1535, "mark_price": 0.15197852, "iv": 102.02, "instrument_name": "BTC-26MAR21-48000-C", "index_price": 55435.14, "direction": "buy", "amount": 0.1}, {"trade_seq": 5496, "trade_id": "136423866", "timestamp": 1615895059206, "tick_direction": 2, "price": 0.149, "mark_price": 0.14923824, "iv": 95.61, "instrument_name": "BTC-26MAR21-48000-C", "index_price": 55256.01, "direction": "buy", "amount": 0.3}, {"trade_seq": 5495, "trade_id": "136394730", "timestamp": 1615883430858, "tick_direction": 0, "price": 0.158, "mark_price": 0.15761569, "iv": 98.53, "instrument_name": "BTC-26MAR21-48000-C", "index_price": 55932.6, "direction": "buy", "amount": 0.1}, {"trade_seq": 5494, "trade_id": "136389267", "timestamp": 1615882249410, "tick_direction": 0, "price": 0.154, "mark_price": 0.15334092, "iv": 98.4, "instrument_name": "BTC-26MAR21-48000-C", "index_price": 55594.19, "direction": "sell", "amount": 0.2}, {"trade_seq": 5493, "trade_id": "136386801", "timestamp": 1615881794199, "tick_direction": 2, "price": 0.15, "mark_price": 0.1502394, "iv": 95.83, "instrument_name": "BTC-26MAR21-48000-C", "index_price": 55352.89, "direction": "sell", "amount": 0.2}, {"trade_seq": 5492, "trade_id": "136384955", "timestamp": 1615881339833, "tick_direction": 0, "price": 0.151, "mark_price": 0.1503816, "iv": 97.84, "instrument_name": "BTC-26MAR21-48000-C", "index_price": 55368.1, "direction": "sell", "amount": 0.1}, {"trade_seq": 5491, "trade_id": "136331661", "timestamp": 1615865137148, "tick_direction": 2, "price": 0.134, "mark_price": 0.13424259, "iv": 95.95, "instrument_name": "BTC-26MAR21-48000-C", "index_price": 53941.43, "direction": "sell", "amount": 0.1}, {"trade_seq": 5490, "trade_id": "136331082", "timestamp": 1615865030247, "tick_direction": 0, "price": 0.1365, "mark_price": 0.13669567, "iv": 96.26, "instrument_name": "BTC-26MAR21-48000-C", "index_price": 54140.17, "direction": "sell", "amount": 0.1}, {"trade_seq": 5489, "trade_id": "136310784", "timestamp": 1615857973620, "tick_direction": 2, "price": 0.133, "mark_price": 0.13439447, "iv": 94.1, "instrument_name": "BTC-26MAR21-48000-C", "index_price": 53878.63, "direction": "sell", "amount": 0.1}, {"trade_seq": 5488, "trade_id": "136283450", "timestamp": 1615854875041, "tick_direction": 2, "price": 0.1425, "mark_price": 0.14369231, "iv": 94.64, "instrument_name": "BTC-26MAR21-48000-C", "index_price": 54652.13, "direction": "sell", "amount": 0.1}, {"trade_seq": 5487, "trade_id": "136282468", "timestamp": 1615854749468, "tick_direction": 2, "price": 0.1445, "mark_price": 0.14478301, "iv": 96.93, "instrument_name": "BTC-26MAR21-48000-C", "index_price": 54759.03, "direction": "sell", "amount": 0.1}, {"trade_seq": 5486, "trade_id": "136281668", "timestamp": 1615854676411, "tick_direction": 2, "price": 0.146, "mark_price": 0.14662208, "iv": 96.23, "instrument_name": "BTC-26MAR21-48000-C", "index_price": 54890.97, "direction": "sell", "amount": 0.1}, {"trade_seq": 5485, "trade_id": "136280247", "timestamp": 1615854482919, "tick_direction": 2, "price": 0.1465, "mark_price": 0.14697225, "iv": 96.82, "instrument_name": "BTC-26MAR21-48000-C", "index_price": 54919.04, "direction": "sell", "amount": 0.1}, {"trade_seq": 5484, "trade_id": "136219548", "timestamp": 1615834017666, "tick_direction": 1, "price": 0.1625, "mark_price": 0.16366854, "iv": 96.09, "instrument_name": "BTC-26MAR21-48000-C", "index_price": 56144.02, "direction": "buy", "amount": 1.0}, {"trade_seq": 5483, "trade_id": "136219547", "timestamp": 1615834017656, "tick_direction": 1, "price": 0.1625, "mark_price": 0.16366854, "iv": 96.09, "instrument_name": "BTC-26MAR21-48000-C", "index_price": 56144.02, "direction": "sell", "amount": 1.0}, {"trade_seq": 5482, "trade_id": "136219546", "timestamp": 1615834017656, "tick_direction": 0, "price": 0.1625, "mark_price": 0.16366854, "iv": 96.09, "instrument_name": "BTC-26MAR21-48000-C", "index_price": 56144.02, "direction": "sell", "amount": 3.0}, {"trade_seq": 5481, "trade_id": "136211496", "timestamp": 1615830434904, "tick_direction": 1, "price": 0.162, "mark_price": 0.16285756, "iv": 96.68, "instrument_name": "BTC-26MAR21-48000-C", "index_price": 56102.26, "direction": "sell", "amount": 1.0}, {"trade_seq": 5480, "trade_id": "136211422", "timestamp": 1615830428870, "tick_direction": 0, "price": 0.162, "mark_price": 0.16292441, "iv": 96.43, "instrument_name": "BTC-26MAR21-48000-C", "index_price": 56104.72, "direction": "sell", "amount": 1.0}, {"trade_seq": 5479, "trade_id": "136207780", "timestamp": 1615829273806, "tick_direction": 2, "price": 0.157, "mark_price": 0.15824023, "iv": 96.75, "instrument_name": "BTC-26MAR21-48000-C", "index_price": 55649.14, "direction": "sell", "amount": 0.1}, {"trade_seq": 5478, "trade_id": "136207609", "timestamp": 1615829268733, "tick_direction": 2, "price": 0.158, "mark_price": 0.15854173, "iv": 98.34, "instrument_name": "BTC-26MAR21-48000-C", "index_price": 55702.01, "direction": "sell", "amount": 0.1}, {"trade_seq": 5477, "trade_id": "136122068", "timestamp": 1615813027126, "tick_direction": 0, "price": 0.168, "mark_price": 0.16672171, "iv": 103.49, "instrument_name": "BTC-26MAR21-48000-C", "index_price": 56291.71, "direction": "buy", "amount": 0.1}, {"trade_seq": 5476, "trade_id": "136102692", "timestamp": 1615810174619, "tick_direction": 0, "price": 0.1595, "mark_price": 0.15927626, "iv": 99.82, "instrument_name": "BTC-26MAR21-48000-C", "index_price": 55713.54, "direction": "buy", "amount": 0.4}, {"trade_seq": 5475, "trade_id": "136102620", "timestamp": 1615810165432, "tick_direction": 3, "price": 0.159, "mark_price": 0.15900921, "iv": 99.26, "instrument_name": "BTC-26MAR21-48000-C", "index_price": 55676.46, "direction": "buy", "amount": 0.3}, {"trade_seq": 5474, "trade_id": "136102618", "timestamp": 1615810165115, "tick_direction": 2, "price": 0.159, "mark_price": 0.15900921, "iv": 99.26, "instrument_name": "BTC-26MAR21-48000-C", "index_price": 55676.46, "direction": "buy", "amount": 0.3}, {"trade_seq": 5473, "trade_id": "136099445", "timestamp": 1615809981394, "tick_direction": 2, "price": 0.16, "mark_price": 0.16075725, "iv": 98.67, "instrument_name": "BTC-26MAR21-48000-C", "index_price": 55779.58, "direction": "sell", "amount": 0.1}, {"trade_seq": 5472, "trade_id": "136072244", "timestamp": 1615804305720, "tick_direction": 1, "price": 0.1695, "mark_price": 0.16628554, "iv": 107.77, "instrument_name": "BTC-26MAR21-48000-C", "index_price": 56262.2, "direction": "sell", "amount": 1.5}, {"trade_seq": 5471, "trade_id": "136072243", "timestamp": 1615804305716, "tick_direction": 0, "price": 0.1695, "mark_price": 0.16628554, "iv": 107.77, "instrument_name": "BTC-26MAR21-48000-C", "index_price": 56262.2, "direction": "buy", "amount": 1.5}, {"trade_seq": 5470, "trade_id": "136062044", "timestamp": 1615803026546, "tick_direction": 0, "price": 0.1655, "mark_price": 0.16374621, "iv": 101.76, "instrument_name": "BTC-26MAR21-48000-C", "index_price": 56123.99, "direction": "buy", "amount": 0.1}, {"trade_seq": 5469, "trade_id": "136057466", "timestamp": 1615802424571, "tick_direction": 0, "price": 0.1585, "mark_price": 0.15854912, "iv": 96.82, "instrument_name": "BTC-26MAR21-48000-C", "index_price": 55691.65, "direction": "sell", "amount": 0.1}, {"trade_seq": 5468, "trade_id": "136053590", "timestamp": 1615802050757, "tick_direction": 0, "price": 0.158, "mark_price": 0.15730462, "iv": 98.77, "instrument_name": "BTC-26MAR21-48000-C", "index_price": 55572.73, "direction": "buy", "amount": 0.1}, {"trade_seq": 5467, "trade_id": "136047447", "timestamp": 1615801684973, "tick_direction": 2, "price": 0.154, "mark_price": 0.15369852, "iv": 97.89, "instrument_name": "BTC-26MAR21-48000-C", "index_price": 55269.16, "direction": "buy", "amount": 0.1}, {"trade_seq": 5466, "trade_id": "136046406", "timestamp": 1615801635952, "tick_direction": 0, "price": 0.1545, "mark_price": 0.15390003, "iv": 99.09, "instrument_name": "BTC-26MAR21-48000-C", "index_price": 55314.33, "direction": "buy", "amount": 0.1}, {"trade_seq": 5465, "trade_id": "136046218", "timestamp": 1615801630262, "tick_direction": 2, "price": 0.153, "mark_price": 0.15339994, "iv": 97.21, "instrument_name": "BTC-26MAR21-48000-C", "index_price": 55243.68, "direction": "sell", "amount": 0.1}, {"trade_seq": 5464, "trade_id": "136044890", "timestamp": 1615801570838, "tick_direction": 0, "price": 0.154, "mark_price": 0.15630744, "iv": 92.41, "instrument_name": "BTC-26MAR21-48000-C", "index_price": 55477.8, "direction": "buy", "amount": 0.1}, {"trade_seq": 5463, "trade_id": "136044791", "timestamp": 1615801565625, "tick_direction": 2, "price": 0.1535, "mark_price": 0.15604056, "iv": 91.83, "instrument_name": "BTC-26MAR21-48000-C", "index_price": 55472.98, "direction": "buy", "amount": 0.1}, {"trade_seq": 5462, "trade_id": "136044623", "timestamp": 1615801560397, "tick_direction": 3, "price": 0.1545, "mark_price": 0.15635947, "iv": 93.63, "instrument_name": "BTC-26MAR21-48000-C", "index_price": 55461.72, "direction": "buy", "amount": 0.1}, {"trade_seq": 5461, "trade_id": "136044417", "timestamp": 1615801554993, "tick_direction": 2, "price": 0.1545, "mark_price": 0.15635877, "iv": 93.64, "instrument_name": "BTC-26MAR21-48000-C", "index_price": 55461.17, "direction": "buy", "amount": 0.1}, {"trade_seq": 5460, "trade_id": "136044246", "timestamp": 1615801549883, "tick_direction": 0, "price": 0.155, "mark_price": 0.1540629, "iv": 98.76, "instrument_name": "BTC-26MAR21-48000-C", "index_price": 55342.59, "direction": "buy", "amount": 0.1}, {"trade_seq": 5459, "trade_id": "136043535", "timestamp": 1615801529088, "tick_direction": 1, "price": 0.152, "mark_price": 0.1514704, "iv": 99.31, "instrument_name": "BTC-26MAR21-48000-C", "index_price": 55090.06, "direction": "sell", "amount": 0.1}, {"trade_seq": 5458, "trade_id": "136043366", "timestamp": 1615801523896, "tick_direction": 0, "price": 0.152, "mark_price": 0.15107875, "iv": 100.25, "instrument_name": "BTC-26MAR21-48000-C", "index_price": 55072.08, "direction": "sell", "amount": 0.1}, {"trade_seq": 5457, "trade_id": "136043227", "timestamp": 1615801518751, "tick_direction": 3, "price": 0.1515, "mark_price": 0.15263513, "iv": 95.4, "instrument_name": "BTC-26MAR21-48000-C", "index_price": 55175.42, "direction": "sell", "amount": 0.1}, {"trade_seq": 5456, "trade_id": "136043226", "timestamp": 1615801518751, "tick_direction": 2, "price": 0.1515, "mark_price": 0.15263513, "iv": 95.4, "instrument_name": "BTC-26MAR21-48000-C", "index_price": 55175.42, "direction": "sell", "amount": 0.1}, {"trade_seq": 5455, "trade_id": "136043065", "timestamp": 1615801513188, "tick_direction": 2, "price": 0.1525, "mark_price": 0.15404141, "iv": 96.91, "instrument_name": "BTC-26MAR21-48000-C", "index_price": 55211.49, "direction": "sell", "amount": 0.1}, {"trade_seq": 5454, "trade_id": "136042752", "timestamp": 1615801503380, "tick_direction": 2, "price": 0.1545, "mark_price": 0.1560296, "iv": 95.81, "instrument_name": "BTC-26MAR21-48000-C", "index_price": 55388.26, "direction": "sell", "amount": 0.1}, {"trade_seq": 5453, "trade_id": "136042464", "timestamp": 1615801491489, "tick_direction": 2, "price": 0.155, "mark_price": 0.15638602, "iv": 95.5, "instrument_name": "BTC-26MAR21-48000-C", "index_price": 55434.74, "direction": "sell", "amount": 0.1}, {"trade_seq": 5452, "trade_id": "136042367", "timestamp": 1615801486294, "tick_direction": 2, "price": 0.1555, "mark_price": 0.15632732, "iv": 96.11, "instrument_name": "BTC-26MAR21-48000-C", "index_price": 55458.73, "direction": "sell", "amount": 0.1}, {"trade_seq": 5451, "trade_id": "136041927", "timestamp": 1615801473472, "tick_direction": 0, "price": 0.156, "mark_price": 0.15698819, "iv": 98.48, "instrument_name": "BTC-26MAR21-48000-C", "index_price": 55451.76, "direction": "sell", "amount": 0.1}, {"trade_seq": 5450, "trade_id": "136040484", "timestamp": 1615801426272, "tick_direction": 0, "price": 0.1555, "mark_price": 0.15627554, "iv": 96.5, "instrument_name": "BTC-26MAR21-48000-C", "index_price": 55456.32, "direction": "buy", "amount": 0.1}, {"trade_seq": 5449, "trade_id": "136040298", "timestamp": 1615801420469, "tick_direction": 1, "price": 0.155, "mark_price": 0.15618622, "iv": 95.55, "instrument_name": "BTC-26MAR21-48000-C", "index_price": 55450.54, "direction": "buy", "amount": 0.1}, {"trade_seq": 5448, "trade_id": "136040184", "timestamp": 1615801415323, "tick_direction": 0, "price": 0.155, "mark_price": 0.1543656, "iv": 99.54, "instrument_name": "BTC-26MAR21-48000-C", "index_price": 55317.25, "direction": "buy", "amount": 0.1}, {"trade_seq": 5447, "trade_id": "136039689", "timestamp": 1615801403957, "tick_direction": 2, "price": 0.1525, "mark_price": 0.15356221, "iv": 95.95, "instrument_name": "BTC-26MAR21-48000-C", "index_price": 55247.75, "direction": "sell", "amount": 0.1}, {"trade_seq": 5446, "trade_id": "136039458", "timestamp": 1615801398581, "tick_direction": 2, "price": 0.153, "mark_price": 0.15383324, "iv": 96.84, "instrument_name": "BTC-26MAR21-48000-C", "index_price": 55256.28, "direction": "sell", "amount": 0.1}, {"trade_seq": 5445, "trade_id": "136039308", "timestamp": 1615801393007, "tick_direction": 2, "price": 0.1535, "mark_price": 0.15452164, "iv": 96.07, "instrument_name": "BTC-26MAR21-48000-C", "index_price": 55323.66, "direction": "sell", "amount": 0.1}, {"trade_seq": 5444, "trade_id": "136037236", "timestamp": 1615801334266, "tick_direction": 0, "price": 0.1545, "mark_price": 0.15576937, "iv": 94.56, "instrument_name": "BTC-26MAR21-48000-C", "index_price": 55435.53, "direction": "buy", "amount": 0.1}, {"trade_seq": 5443, "trade_id": "136037005", "timestamp": 1615801329115, "tick_direction": 0, "price": 0.152, "mark_price": 0.1547466, "iv": 90.42, "instrument_name": "BTC-26MAR21-48000-C", "index_price": 55413.73, "direction": "buy", "amount": 0.1}, {"trade_seq": 5442, "trade_id": "136036764", "timestamp": 1615801323672, "tick_direction": 3, "price": 0.151, "mark_price": 0.15259064, "iv": 93.71, "instrument_name": "BTC-26MAR21-48000-C", "index_price": 55214.61, "direction": "buy", "amount": 0.1}, {"trade_seq": 5441, "trade_id": "136036370", "timestamp": 1615801318509, "tick_direction": 3, "price": 0.151, "mark_price": 0.15180026, "iv": 96.8, "instrument_name": "BTC-26MAR21-48000-C", "index_price": 55114.83, "direction": "buy", "amount": 0.1}, {"trade_seq": 5440, "trade_id": "136035169", "timestamp": 1615801303656, "tick_direction": 2, "price": 0.151, "mark_price": 0.14573125, "iv": 109.53, "instrument_name": "BTC-26MAR21-48000-C", "index_price": 54699.79, "direction": "sell", "amount": 0.1}, {"trade_seq": 5439, "trade_id": "136034482", "timestamp": 1615801297453, "tick_direction": 2, "price": 0.1525, "mark_price": 0.14931277, "iv": 105.51, "instrument_name": "BTC-26MAR21-48000-C", "index_price": 54878.17, "direction": "sell", "amount": 0.1}, {"trade_seq": 5438, "trade_id": "136033969", "timestamp": 1615801292267, "tick_direction": 0, "price": 0.154, "mark_price": 0.15035295, "iv": 107.23, "instrument_name": "BTC-26MAR21-48000-C", "index_price": 55020.75, "direction": "sell", "amount": 0.1}, {"trade_seq": 5437, "trade_id": "136033550", "timestamp": 1615801287087, "tick_direction": 2, "price": 0.1515, "mark_price": 0.15185532, "iv": 97.93, "instrument_name": "BTC-26MAR21-48000-C", "index_price": 55160.28, "direction": "sell", "amount": 0.1}, {"trade_seq": 5436, "trade_id": "136021201", "timestamp": 1615800481935, "tick_direction": 2, "price": 0.162, "mark_price": 0.16275891, "iv": 97.34, "instrument_name": "BTC-26MAR21-48000-C", "index_price": 55971.35, "direction": "sell", "amount": 0.1}, {"trade_seq": 5435, "trade_id": "136016776", "timestamp": 1615800362155, "tick_direction": 0, "price": 0.1655, "mark_price": 0.16540555, "iv": 99.52, "instrument_name": "BTC-26MAR21-48000-C", "index_price": 56222.42, "direction": "buy", "amount": 0.1}, {"trade_seq": 5434, "trade_id": "136015614", "timestamp": 1615800318030, "tick_direction": 2, "price": 0.1615, "mark_price": 0.16163737, "iv": 99.03, "instrument_name": "BTC-26MAR21-48000-C", "index_price": 55893.08, "direction": "buy", "amount": 0.1}, {"trade_seq": 5433, "trade_id": "136009915", "timestamp": 1615800251093, "tick_direction": 2, "price": 0.1635, "mark_price": 0.16433183, "iv": 98.03, "instrument_name": "BTC-26MAR21-48000-C", "index_price": 56159.22, "direction": "sell", "amount": 0.1}, {"trade_seq": 5432, "trade_id": "136008727", "timestamp": 1615800236057, "tick_direction": 3, "price": 0.1685, "mark_price": 0.16960638, "iv": 97.11, "instrument_name": "BTC-26MAR21-48000-C", "index_price": 56504.22, "direction": "sell", "amount": 0.9}, {"trade_seq": 5431, "trade_id": "136008627", "timestamp": 1615800235388, "tick_direction": 3, "price": 0.1685, "mark_price": 0.17158572, "iv": 96.87, "instrument_name": "BTC-26MAR21-48000-C", "index_price": 56526.88, "direction": "sell", "amount": 0.7}, {"trade_seq": 5430, "trade_id": "136008590", "timestamp": 1615800235086, "tick_direction": 3, "price": 0.1685, "mark_price": 0.17158572, "iv": 96.87, "instrument_name": "BTC-26MAR21-48000-C", "index_price": 56526.88, "direction": "sell", "amount": 0.5}, {"trade_seq": 5429, "trade_id": "136008586", "timestamp": 1615800235068, "tick_direction": 3, "price": 0.1685, "mark_price": 0.17158572, "iv": 96.87, "instrument_name": "BTC-26MAR21-48000-C", "index_price": 56526.88, "direction": "sell", "amount": 0.1}, {"trade_seq": 5428, "trade_id": "136008585", "timestamp": 1615800235063, "tick_direction": 2, "price": 0.1685, "mark_price": 0.17158572, "iv": 96.87, "instrument_name": "BTC-26MAR21-48000-C", "index_price": 56526.88, "direction": "sell", "amount": 0.8}, {"trade_seq": 5427, "trade_id": "136004654", "timestamp": 1615800140229, "tick_direction": 2, "price": 0.173, "mark_price": 0.17530309, "iv": 97.27, "instrument_name": "BTC-26MAR21-48000-C", "index_price": 56873.33, "direction": "sell", "amount": 0.1}, {"trade_seq": 5426, "trade_id": "136000117", "timestamp": 1615799724833, "tick_direction": 2, "price": 0.1795, "mark_price": 0.18137823, "iv": 94.81, "instrument_name": "BTC-26MAR21-48000-C", "index_price": 57372.34, "direction": "sell", "amount": 0.1}, {"trade_seq": 5425, "trade_id": "135966240", "timestamp": 1615793622365, "tick_direction": 3, "price": 0.192, "mark_price": 0.19236714, "iv": 103.61, "instrument_name": "BTC-26MAR21-48000-C", "index_price": 58204.63, "direction": "buy", "amount": 0.1}, {"trade_seq": 5424, "trade_id": "135966239", "timestamp": 1615793622239, "tick_direction": 2, "price": 0.192, "mark_price": 0.19236714, "iv": 103.61, "instrument_name": "BTC-26MAR21-48000-C", "index_price": 58204.63, "direction": "buy", "amount": 0.2}, {"trade_seq": 5423, "trade_id": "135803117", "timestamp": 1615737971402, "tick_direction": 3, "price": 0.2115, "mark_price": 0.21105949, "iv": 106.56, "instrument_name": "BTC-26MAR21-48000-C", "index_price": 59346.88, "direction": "sell", "amount": 0.1}, {"trade_seq": 5422, "trade_id": "135803114", "timestamp": 1615737970130, "tick_direction": 3, "price": 0.2115, "mark_price": 0.21103411, "iv": 106.42, "instrument_name": "BTC-26MAR21-48000-C", "index_price": 59352.44, "direction": "sell", "amount": 0.1}, {"trade_seq": 5421, "trade_id": "135803113", "timestamp": 1615737970054, "tick_direction": 3, "price": 0.2115, "mark_price": 0.21103411, "iv": 106.42, "instrument_name": "BTC-26MAR21-48000-C", "index_price": 59352.44, "direction": "sell", "amount": 0.2}, {"trade_seq": 5420, "trade_id": "135803112", "timestamp": 1615737969940, "tick_direction": 3, "price": 0.2115, "mark_price": 0.21103411, "iv": 106.42, "instrument_name": "BTC-26MAR21-48000-C", "index_price": 59352.44, "direction": "sell", "amount": 0.4}, {"trade_seq": 5419, "trade_id": "135803018", "timestamp": 1615737954318, "tick_direction": 3, "price": 0.2115, "mark_price": 0.21077861, "iv": 107.25, "instrument_name": "BTC-26MAR21-48000-C", "index_price": 59341.54, "direction": "sell", "amount": 0.1}, {"trade_seq": 5418, "trade_id": "135803017", "timestamp": 1615737954167, "tick_direction": 3, "price": 0.2115, "mark_price": 0.21077861, "iv": 107.25, "instrument_name": "BTC-26MAR21-48000-C", "index_price": 59341.54, "direction": "sell", "amount": 0.2}, {"trade_seq": 5417, "trade_id": "135803016", "timestamp": 1615737954096, "tick_direction": 3, "price": 0.2115, "mark_price": 0.21077239, "iv": 107.25, "instrument_name": "BTC-26MAR21-48000-C", "index_price": 59341.54, "direction": "sell", "amount": 0.1}, {"trade_seq": 5416, "trade_id": "135803015", "timestamp": 1615737953568, "tick_direction": 3, "price": 0.2115, "mark_price": 0.21077239, "iv": 107.25, "instrument_name": "BTC-26MAR21-48000-C", "index_price": 59341.54, "direction": "sell", "amount": 0.1}, {"trade_seq": 5415, "trade_id": "135803014", "timestamp": 1615737953403, "tick_direction": 3, "price": 0.2115, "mark_price": 0.21077239, "iv": 107.25, "instrument_name": "BTC-26MAR21-48000-C", "index_price": 59341.54, "direction": "sell", "amount": 0.2}, {"trade_seq": 5414, "trade_id": "135802998", "timestamp": 1615737952708, "tick_direction": 3, "price": 0.2115, "mark_price": 0.21098617, "iv": 107.27, "instrument_name": "BTC-26MAR21-48000-C", "index_price": 59342.71, "direction": "sell", "amount": 0.1}, {"trade_seq": 5413, "trade_id": "135802997", "timestamp": 1615737952559, "tick_direction": 3, "price": 0.2115, "mark_price": 0.21098617, "iv": 107.27, "instrument_name": "BTC-26MAR21-48000-C", "index_price": 59342.71, "direction": "sell", "amount": 0.1}, {"trade_seq": 5412, "trade_id": "135802417", "timestamp": 1615737843793, "tick_direction": 3, "price": 0.2115, "mark_price": 0.21115933, "iv": 107.98, "instrument_name": "BTC-26MAR21-48000-C", "index_price": 59333.86, "direction": "sell", "amount": 1.1}, {"trade_seq": 5411, "trade_id": "135802353", "timestamp": 1615737843557, "tick_direction": 2, "price": 0.2115, "mark_price": 0.21115933, "iv": 107.98, "instrument_name": "BTC-26MAR21-48000-C", "index_price": 59333.86, "direction": "sell", "amount": 1.2}, {"trade_seq": 5410, "trade_id": "135709306", "timestamp": 1615691392183, "tick_direction": 3, "price": 0.223, "mark_price": 0.23294199, "iv": 0.0, "instrument_name": "BTC-26MAR21-48000-C", "index_price": 61219.78, "direction": "sell", "amount": 2.0}, {"trade_seq": 5409, "trade_id": "135679103", "timestamp": 1615674989122, "tick_direction": 2, "price": 0.223, "mark_price": 0.2349639, "iv": 0.0, "instrument_name": "BTC-26MAR21-48000-C", "index_price": 61046.44, "direction": "sell", "amount": 0.1}, {"trade_seq": 5408, "trade_id": "135654954", "timestamp": 1615667510417, "tick_direction": 0, "price": 0.24, "mark_price": 0.23844799, "iv": 112.84, "instrument_name": "BTC-26MAR21-48000-C", "index_price": 61424.07, "direction": "sell", "amount": 2.5}, {"trade_seq": 5407, "trade_id": "135619709", "timestamp": 1615658311304, "tick_direction": 2, "price": 0.22, "mark_price": 0.22476214, "iv": 85.28, "instrument_name": "BTC-26MAR21-48000-C", "index_price": 60337.8, "direction": "sell", "amount": 0.5}, {"trade_seq": 5406, "trade_id": "135595237", "timestamp": 1615649509269, "tick_direction": 1, "price": 0.221, "mark_price": 0.22090639, "iv": 105.9, "instrument_name": "BTC-26MAR21-48000-C", "index_price": 59780.9, "direction": "sell", "amount": 1.7}, {"trade_seq": 5405, "trade_id": "135595231", "timestamp": 1615649509124, "tick_direction": 1, "price": 0.221, "mark_price": 0.22090639, "iv": 105.9, "instrument_name": "BTC-26MAR21-48000-C", "index_price": 59780.9, "direction": "sell", "amount": 0.1}, {"trade_seq": 5404, "trade_id": "135595220", "timestamp": 1615649508183, "tick_direction": 1, "price": 0.221, "mark_price": 0.22091529, "iv": 105.88, "instrument_name": "BTC-26MAR21-48000-C", "index_price": 59786.23, "direction": "sell", "amount": 0.1}, {"trade_seq": 5403, "trade_id": "135595219", "timestamp": 1615649507999, "tick_direction": 1, "price": 0.221, "mark_price": 0.22092575, "iv": 105.88, "instrument_name": "BTC-26MAR21-48000-C", "index_price": 59786.23, "direction": "sell", "amount": 0.2}, {"trade_seq": 5402, "trade_id": "135595218", "timestamp": 1615649505640, "tick_direction": 1, "price": 0.221, "mark_price": 0.22095529, "iv": 105.76, "instrument_name": "BTC-26MAR21-48000-C", "index_price": 59787.17, "direction": "sell", "amount": 0.1}, {"trade_seq": 5401, "trade_id": "135595217", "timestamp": 1615649505506, "tick_direction": 1, "price": 0.221, "mark_price": 0.22095529, "iv": 105.76, "instrument_name": "BTC-26MAR21-48000-C", "index_price": 59787.17, "direction": "sell", "amount": 0.1}, {"trade_seq": 5400, "trade_id": "135595213", "timestamp": 1615649503271, "tick_direction": 1, "price": 0.221, "mark_price": 0.22107593, "iv": 105.38, "instrument_name": "BTC-26MAR21-48000-C", "index_price": 59789.79, "direction": "sell", "amount": 0.1}, {"trade_seq": 5399, "trade_id": "135595212", "timestamp": 1615649503095, "tick_direction": 1, "price": 0.221, "mark_price": 0.22107593, "iv": 105.38, "instrument_name": "BTC-26MAR21-48000-C", "index_price": 59789.79, "direction": "sell", "amount": 0.1}, {"trade_seq": 5398, "trade_id": "135595211", "timestamp": 1615649503067, "tick_direction": 0, "price": 0.221, "mark_price": 0.22108242, "iv": 105.38, "instrument_name": "BTC-26MAR21-48000-C", "index_price": 59789.79, "direction": "sell", "amount": 0.1}, {"trade_seq": 5397, "trade_id": "135575998", "timestamp": 1615642663900, "tick_direction": 0, "price": 0.2175, "mark_price": 0.2214788, "iv": 91.97, "instrument_name": "BTC-26MAR21-48000-C", "index_price": 59798.54, "direction": "sell", "amount": 0.2}, {"trade_seq": 5396, "trade_id": "135574418", "timestamp": 1615642066490, "tick_direction": 3, "price": 0.215, "mark_price": 0.22033963, "iv": 84.5, "instrument_name": "BTC-26MAR21-48000-C", "index_price": 59743.32, "direction": "sell", "amount": 0.1}, {"trade_seq": 5395, "trade_id": "135574417", "timestamp": 1615642066490, "tick_direction": 2, "price": 0.215, "mark_price": 0.22033963, "iv": 84.5, "instrument_name": "BTC-26MAR21-48000-C", "index_price": 59743.32, "direction": "sell", "amount": 0.1}, {"trade_seq": 5394, "trade_id": "135527383", "timestamp": 1615633301349, "tick_direction": 0, "price": 0.22, "mark_price": 0.21999508, "iv": 103.6, "instrument_name": "BTC-26MAR21-48000-C", "index_price": 59809.85, "direction": "buy", "amount": 0.5}, {"trade_seq": 5393, "trade_id": "135505708", "timestamp": 1615630746992, "tick_direction": 0, "price": 0.208, "mark_price": 0.21129072, "iv": 91.5, "instrument_name": "BTC-26MAR21-48000-C", "index_price": 59083.84, "direction": "buy", "amount": 0.1}, {"trade_seq": 5392, "trade_id": "135456775", "timestamp": 1615616387776, "tick_direction": 1, "price": 0.1765, "mark_price": 0.17727176, "iv": 96.81, "instrument_name": "BTC-26MAR21-48000-C", "index_price": 56677.59, "direction": "buy", "amount": 20.7}, {"trade_seq": 5391, "trade_id": "135456774", "timestamp": 1615616367371, "tick_direction": 1, "price": 0.1765, "mark_price": 0.17729964, "iv": 96.71, "instrument_name": "BTC-26MAR21-48000-C", "index_price": 56685.11, "direction": "buy", "amount": 0.1}, {"trade_seq": 5390, "trade_id": "135456773", "timestamp": 1615616365340, "tick_direction": 1, "price": 0.1765, "mark_price": 0.1773056, "iv": 96.72, "instrument_name": "BTC-26MAR21-48000-C", "index_price": 56685.61, "direction": "buy", "amount": 0.1}, {"trade_seq": 5389, "trade_id": "135456772", "timestamp": 1615616365158, "tick_direction": 1, "price": 0.1765, "mark_price": 0.1773056, "iv": 96.72, "instrument_name": "BTC-26MAR21-48000-C", "index_price": 56685.61, "direction": "buy", "amount": 0.2}, {"trade_seq": 5388, "trade_id": "135456771", "timestamp": 1615616364925, "tick_direction": 1, "price": 0.1765, "mark_price": 0.1773056, "iv": 96.72, "instrument_name": "BTC-26MAR21-48000-C", "index_price": 56685.61, "direction": "buy", "amount": 0.3}, {"trade_seq": 5387, "trade_id": "135456736", "timestamp": 1615616309106, "tick_direction": 1, "price": 0.1765, "mark_price": 0.17723183, "iv": 96.83, "instrument_name": "BTC-26MAR21-48000-C", "index_price": 56691.17, "direction": "buy", "amount": 0.1}, {"trade_seq": 5386, "trade_id": "135456735", "timestamp": 1615616308955, "tick_direction": 1, "price": 0.1765, "mark_price": 0.17723183, "iv": 96.83, "instrument_name": "BTC-26MAR21-48000-C", "index_price": 56691.17, "direction": "buy", "amount": 0.1}, {"trade_seq": 5385, "trade_id": "135456734", "timestamp": 1615616308835, "tick_direction": 1, "price": 0.1765, "mark_price": 0.17723183, "iv": 96.83, "instrument_name": "BTC-26MAR21-48000-C", "index_price": 56689.54, "direction": "buy", "amount": 0.4}, {"trade_seq": 5384, "trade_id": "135456733", "timestamp": 1615616299154, "tick_direction": 1, "price": 0.1765, "mark_price": 0.17725058, "iv": 96.65, "instrument_name": "BTC-26MAR21-48000-C", "index_price": 56686.02, "direction": "buy", "amount": 0.1}, {"trade_seq": 5383, "trade_id": "135456732", "timestamp": 1615616299130, "tick_direction": 1, "price": 0.1765, "mark_price": 0.17725058, "iv": 96.65, "instrument_name": "BTC-26MAR21-48000-C", "index_price": 56686.02, "direction": "buy", "amount": 0.1}, {"trade_seq": 5382, "trade_id": "135456725", "timestamp": 1615616296853, "tick_direction": 1, "price": 0.1765, "mark_price": 0.17724964, "iv": 96.75, "instrument_name": "BTC-26MAR21-48000-C", "index_price": 56679.62, "direction": "buy", "amount": 0.3}, {"trade_seq": 5381, "trade_id": "135456724", "timestamp": 1615616296790, "tick_direction": 1, "price": 0.1765, "mark_price": 0.17724964, "iv": 96.78, "instrument_name": "BTC-26MAR21-48000-C", "index_price": 56678.23, "direction": "buy", "amount": 0.5}, {"trade_seq": 5380, "trade_id": "135456723", "timestamp": 1615616296743, "tick_direction": 1, "price": 0.1765, "mark_price": 0.17724964, "iv": 96.78, "instrument_name": "BTC-26MAR21-48000-C", "index_price": 56678.23, "direction": "buy", "amount": 0.3}, {"trade_seq": 5379, "trade_id": "135456721", "timestamp": 1615616294389, "tick_direction": 1, "price": 0.1765, "mark_price": 0.176974, "iv": 97.06, "instrument_name": "BTC-26MAR21-48000-C", "index_price": 56665.42, "direction": "buy", "amount": 0.2}, {"trade_seq": 5378, "trade_id": "135456720", "timestamp": 1615616294215, "tick_direction": 1, "price": 0.1765, "mark_price": 0.176974, "iv": 97.06, "instrument_name": "BTC-26MAR21-48000-C", "index_price": 56665.42, "direction": "buy", "amount": 0.7}, {"trade_seq": 5377, "trade_id": "135456719", "timestamp": 1615616293946, "tick_direction": 1, "price": 0.1765, "mark_price": 0.176974, "iv": 97.06, "instrument_name": "BTC-26MAR21-48000-C", "index_price": 56665.42, "direction": "buy", "amount": 0.1}, {"trade_seq": 5376, "trade_id": "135456716", "timestamp": 1615616293719, "tick_direction": 1, "price": 0.1765, "mark_price": 0.176974, "iv": 97.41, "instrument_name": "BTC-26MAR21-48000-C", "index_price": 56652.46, "direction": "buy", "amount": 0.4}, {"trade_seq": 5375, "trade_id": "135456674", "timestamp": 1615616243140, "tick_direction": 1, "price": 0.1765, "mark_price": 0.17691587, "iv": 97.49, "instrument_name": "BTC-26MAR21-48000-C", "index_price": 56660.75, "direction": "buy", "amount": 0.1}, {"trade_seq": 5374, "trade_id": "135456673", "timestamp": 1615616242835, "tick_direction": 0, "price": 0.1765, "mark_price": 0.17691587, "iv": 97.49, "instrument_name": "BTC-26MAR21-48000-C", "index_price": 56660.75, "direction": "buy", "amount": 0.2}, {"trade_seq": 5373, "trade_id": "135407674", "timestamp": 1615583783201, "tick_direction": 0, "price": 0.175, "mark_price": 0.17706353, "iv": 94.64, "instrument_name": "BTC-26MAR21-48000-C", "index_price": 56634.55, "direction": "sell", "amount": 0.6}, {"trade_seq": 5372, "trade_id": "135317199", "timestamp": 1615559281679, "tick_direction": 3, "price": 0.168, "mark_price": 0.16943192, "iv": 96.79, "instrument_name": "BTC-26MAR21-48000-C", "index_price": 55915.72, "direction": "buy", "amount": 0.2}, {"trade_seq": 5371, "trade_id": "135316202", "timestamp": 1615558968383, "tick_direction": 2, "price": 0.168, "mark_price": 0.16795475, "iv": 99.33, "instrument_name": "BTC-26MAR21-48000-C", "index_price": 55829.72, "direction": "buy", "amount": 3.0}, {"trade_seq": 5370, "trade_id": "135186973", "timestamp": 1615519716973, "tick_direction": 3, "price": 0.188, "mark_price": 0.18667242, "iv": 105.24, "instrument_name": "BTC-26MAR21-48000-C", "index_price": 57113.29, "direction": "sell", "amount": 0.6}, {"trade_seq": 5369, "trade_id": "135186972", "timestamp": 1615519716956, "tick_direction": 3, "price": 0.188, "mark_price": 0.18667242, "iv": 105.24, "instrument_name": "BTC-26MAR21-48000-C", "index_price": 57113.29, "direction": "sell", "amount": 0.1}, {"trade_seq": 5368, "trade_id": "135186971", "timestamp": 1615519716955, "tick_direction": 2, "price": 0.188, "mark_price": 0.18667242, "iv": 105.24, "instrument_name": "BTC-26MAR21-48000-C", "index_price": 57113.29, "direction": "sell", "amount": 4.3}, {"trade_seq": 5367, "trade_id": "135130219", "timestamp": 1615501275455, "tick_direction": 0, "price": 0.2, "mark_price": 0.20045711, "iv": 105.28, "instrument_name": "BTC-26MAR21-48000-C", "index_price": 57994.37, "direction": "buy", "amount": 0.2}, {"trade_seq": 5366, "trade_id": "135129884", "timestamp": 1615501267203, "tick_direction": 1, "price": 0.199, "mark_price": 0.1998923, "iv": 104.32, "instrument_name": "BTC-26MAR21-48000-C", "index_price": 57955.82, "direction": "buy", "amount": 0.4}, {"trade_seq": 5365, "trade_id": "135129787", "timestamp": 1615501264032, "tick_direction": 0, "price": 0.199, "mark_price": 0.19966901, "iv": 104.78, "instrument_name": "BTC-26MAR21-48000-C", "index_price": 57942.27, "direction": "buy", "amount": 0.7}, {"trade_seq": 5364, "trade_id": "135118540", "timestamp": 1615496772242, "tick_direction": 1, "price": 0.1985, "mark_price": 0.19781786, "iv": 107.0, "instrument_name": "BTC-26MAR21-48000-C", "index_price": 57816.77, "direction": "buy", "amount": 0.1}, {"trade_seq": 5363, "trade_id": "135118289", "timestamp": 1615496709616, "tick_direction": 0, "price": 0.1985, "mark_price": 0.19779908, "iv": 107.07, "instrument_name": "BTC-26MAR21-48000-C", "index_price": 57806.19, "direction": "buy", "amount": 0.1}, {"trade_seq": 5362, "trade_id": "135104329", "timestamp": 1615492970412, "tick_direction": 0, "price": 0.187, "mark_price": 0.18629397, "iv": 106.27, "instrument_name": "BTC-26MAR21-48000-C", "index_price": 56893.17, "direction": "buy", "amount": 0.1}, {"trade_seq": 5361, "trade_id": "135101644", "timestamp": 1615492755833, "tick_direction": 2, "price": 0.186, "mark_price": 0.18758676, "iv": 103.55, "instrument_name": "BTC-26MAR21-48000-C", "index_price": 56913.52, "direction": "sell", "amount": 1.0}, {"trade_seq": 5360, "trade_id": "135099076", "timestamp": 1615491674979, "tick_direction": 1, "price": 0.191, "mark_price": 0.19139253, "iv": 104.72, "instrument_name": "BTC-26MAR21-48000-C", "index_price": 57293.18, "direction": "sell", "amount": 0.1}, {"trade_seq": 5359, "trade_id": "135098902", "timestamp": 1615491513211, "tick_direction": 1, "price": 0.191, "mark_price": 0.19086636, "iv": 105.63, "instrument_name": "BTC-26MAR21-48000-C", "index_price": 57243.14, "direction": "buy", "amount": 0.1}, {"trade_seq": 5358, "trade_id": "135098891", "timestamp": 1615491504870, "tick_direction": 0, "price": 0.191, "mark_price": 0.19058032, "iv": 106.16, "instrument_name": "BTC-26MAR21-48000-C", "index_price": 57220.3, "direction": "buy", "amount": 0.1}, {"trade_seq": 5357, "trade_id": "135039393", "timestamp": 1615472949053, "tick_direction": 1, "price": 0.187, "mark_price": 0.18666978, "iv": 104.19, "instrument_name": "BTC-26MAR21-48000-C", "index_price": 56942.04, "direction": "buy", "amount": 0.1}, {"trade_seq": 5356, "trade_id": "135039392", "timestamp": 1615472948819, "tick_direction": 0, "price": 0.187, "mark_price": 0.18666978, "iv": 104.19, "instrument_name": "BTC-26MAR21-48000-C", "index_price": 56928.75, "direction": "buy", "amount": 0.1}, {"trade_seq": 5355, "trade_id": "134993381", "timestamp": 1615461729854, "tick_direction": 3, "price": 0.167, "mark_price": 0.16643336, "iv": 100.87, "instrument_name": "BTC-26MAR21-48000-C", "index_price": 55468.12, "direction": "sell", "amount": 0.2}, {"trade_seq": 5354, "trade_id": "134993358", "timestamp": 1615461729476, "tick_direction": 3, "price": 0.167, "mark_price": 0.16643336, "iv": 100.72, "instrument_name": "BTC-26MAR21-48000-C", "index_price": 55476.79, "direction": "sell", "amount": 0.4}, {"trade_seq": 5353, "trade_id": "134993331", "timestamp": 1615461727153, "tick_direction": 3, "price": 0.167, "mark_price": 0.16653057, "iv": 100.64, "instrument_name": "BTC-26MAR21-48000-C", "index_price": 55480.87, "direction": "sell", "amount": 0.2}, {"trade_seq": 5352, "trade_id": "134993309", "timestamp": 1615461720989, "tick_direction": 3, "price": 0.167, "mark_price": 0.166833, "iv": 100.4, "instrument_name": "BTC-26MAR21-48000-C", "index_price": 55491.6, "direction": "sell", "amount": 0.3}, {"trade_seq": 5351, "trade_id": "134993299", "timestamp": 1615461720742, "tick_direction": 3, "price": 0.167, "mark_price": 0.166833, "iv": 100.4, "instrument_name": "BTC-26MAR21-48000-C", "index_price": 55491.6, "direction": "sell", "amount": 0.6}, {"trade_seq": 5350, "trade_id": "134993297", "timestamp": 1615461720590, "tick_direction": 3, "price": 0.167, "mark_price": 0.166833, "iv": 100.4, "instrument_name": "BTC-26MAR21-48000-C", "index_price": 55491.6, "direction": "sell", "amount": 0.1}, {"trade_seq": 5349, "trade_id": "134993284", "timestamp": 1615461720131, "tick_direction": 3, "price": 0.167, "mark_price": 0.16683597, "iv": 100.0, "instrument_name": "BTC-26MAR21-48000-C", "index_price": 55509.7, "direction": "sell", "amount": 0.7}, {"trade_seq": 5348, "trade_id": "134993270", "timestamp": 1615461718957, "tick_direction": 3, "price": 0.167, "mark_price": 0.16699945, "iv": 99.99, "instrument_name": "BTC-26MAR21-48000-C", "index_price": 55509.99, "direction": "sell", "amount": 0.1}, {"trade_seq": 5347, "trade_id": "134993269", "timestamp": 1615461718817, "tick_direction": 3, "price": 0.167, "mark_price": 0.16699945, "iv": 99.99, "instrument_name": "BTC-26MAR21-48000-C", "index_price": 55509.99, "direction": "sell", "amount": 0.1}, {"trade_seq": 5346, "trade_id": "134993268", "timestamp": 1615461718120, "tick_direction": 3, "price": 0.167, "mark_price": 0.16704588, "iv": 99.69, "instrument_name": "BTC-26MAR21-48000-C", "index_price": 55519.42, "direction": "sell", "amount": 0.1}, {"trade_seq": 5345, "trade_id": "134993246", "timestamp": 1615461715206, "tick_direction": 3, "price": 0.167, "mark_price": 0.16708576, "iv": 99.54, "instrument_name": "BTC-26MAR21-48000-C", "index_price": 55527.01, "direction": "sell", "amount": 0.1}, {"trade_seq": 5344, "trade_id": "134993226", "timestamp": 1615461704830, "tick_direction": 2, "price": 0.167, "mark_price": 0.16728827, "iv": 99.15, "instrument_name": "BTC-26MAR21-48000-C", "index_price": 55538.37, "direction": "sell", "amount": 0.1}, {"trade_seq": 5343, "trade_id": "134813309", "timestamp": 1615396080358, "tick_direction": 2, "price": 0.1835, "mark_price": 0.18465621, "iv": 95.34, "instrument_name": "BTC-26MAR21-48000-C", "index_price": 56845.11, "direction": "sell", "amount": 0.2}, {"trade_seq": 5342, "trade_id": "134812726", "timestamp": 1615395990053, "tick_direction": 1, "price": 0.1855, "mark_price": 0.18624491, "iv": 96.17, "instrument_name": "BTC-26MAR21-48000-C", "index_price": 57006.05, "direction": "sell", "amount": 0.1}, {"trade_seq": 5341, "trade_id": "134812716", "timestamp": 1615395990022, "tick_direction": 1, "price": 0.1855, "mark_price": 0.18624491, "iv": 96.17, "instrument_name": "BTC-26MAR21-48000-C", "index_price": 57006.05, "direction": "sell", "amount": 0.1}, {"trade_seq": 5340, "trade_id": "134812701", "timestamp": 1615395989973, "tick_direction": 0, "price": 0.1855, "mark_price": 0.18624491, "iv": 96.17, "instrument_name": "BTC-26MAR21-48000-C", "index_price": 57006.05, "direction": "sell", "amount": 0.1}, {"trade_seq": 5339, "trade_id": "134808262", "timestamp": 1615395274969, "tick_direction": 1, "price": 0.185, "mark_price": 0.18529817, "iv": 97.07, "instrument_name": "BTC-26MAR21-48000-C", "index_price": 56965.42, "direction": "buy", "amount": 0.1}, {"trade_seq": 5338, "trade_id": "134808247", "timestamp": 1615395274514, "tick_direction": 1, "price": 0.185, "mark_price": 0.18520438, "iv": 97.26, "instrument_name": "BTC-26MAR21-48000-C", "index_price": 56956.13, "direction": "buy", "amount": 0.5}, {"trade_seq": 5337, "trade_id": "134808232", "timestamp": 1615395274454, "tick_direction": 1, "price": 0.185, "mark_price": 0.18520438, "iv": 97.26, "instrument_name": "BTC-26MAR21-48000-C", "index_price": 56956.13, "direction": "buy", "amount": 1.4}, {"trade_seq": 5336, "trade_id": "134807971", "timestamp": 1615395247046, "tick_direction": 1, "price": 0.185, "mark_price": 0.18505478, "iv": 97.55, "instrument_name": "BTC-26MAR21-48000-C", "index_price": 56949.77, "direction": "buy", "amount": 0.2}, {"trade_seq": 5335, "trade_id": "134807962", "timestamp": 1615395246855, "tick_direction": 1, "price": 0.185, "mark_price": 0.18505478, "iv": 97.55, "instrument_name": "BTC-26MAR21-48000-C", "index_price": 56949.77, "direction": "buy", "amount": 0.3}, {"trade_seq": 5334, "trade_id": "134807960", "timestamp": 1615395246643, "tick_direction": 1, "price": 0.185, "mark_price": 0.18503554, "iv": 97.55, "instrument_name": "BTC-26MAR21-48000-C", "index_price": 56949.77, "direction": "buy", "amount": 0.3}, {"trade_seq": 5333, "trade_id": "134807862", "timestamp": 1615395242062, "tick_direction": 1, "price": 0.185, "mark_price": 0.18494909, "iv": 97.77, "instrument_name": "BTC-26MAR21-48000-C", "index_price": 56932.9, "direction": "buy", "amount": 0.8}, {"trade_seq": 5332, "trade_id": "134807787", "timestamp": 1615395222800, "tick_direction": 1, "price": 0.185, "mark_price": 0.18504757, "iv": 97.57, "instrument_name": "BTC-26MAR21-48000-C", "index_price": 56934.93, "direction": "buy", "amount": 0.1}, {"trade_seq": 5331, "trade_id": "134807786", "timestamp": 1615395222749, "tick_direction": 1, "price": 0.185, "mark_price": 0.18504757, "iv": 97.57, "instrument_name": "BTC-26MAR21-48000-C", "index_price": 56934.93, "direction": "buy", "amount": 0.1}, {"trade_seq": 5330, "trade_id": "134807785", "timestamp": 1615395222568, "tick_direction": 1, "price": 0.185, "mark_price": 0.18504555, "iv": 97.57, "instrument_name": "BTC-26MAR21-48000-C", "index_price": 56934.93, "direction": "buy", "amount": 0.2}, {"trade_seq": 5329, "trade_id": "134807784", "timestamp": 1615395222367, "tick_direction": 1, "price": 0.185, "mark_price": 0.18504555, "iv": 97.57, "instrument_name": "BTC-26MAR21-48000-C", "index_price": 56934.93, "direction": "buy", "amount": 0.2}, {"trade_seq": 5328, "trade_id": "134807763", "timestamp": 1615395222066, "tick_direction": 1, "price": 0.185, "mark_price": 0.18504555, "iv": 97.57, "instrument_name": "BTC-26MAR21-48000-C", "index_price": 56932.35, "direction": "buy", "amount": 0.1}, {"trade_seq": 5327, "trade_id": "134807755", "timestamp": 1615395221410, "tick_direction": 1, "price": 0.185, "mark_price": 0.18491618, "iv": 97.57, "instrument_name": "BTC-26MAR21-48000-C", "index_price": 56932.35, "direction": "buy", "amount": 0.1}, {"trade_seq": 5326, "trade_id": "134807719", "timestamp": 1615395209849, "tick_direction": 1, "price": 0.185, "mark_price": 0.18500784, "iv": 97.55, "instrument_name": "BTC-26MAR21-48000-C", "index_price": 56937.64, "direction": "buy", "amount": 0.1}, {"trade_seq": 5325, "trade_id": "134807718", "timestamp": 1615395209693, "tick_direction": 1, "price": 0.185, "mark_price": 0.18500784, "iv": 97.55, "instrument_name": "BTC-26MAR21-48000-C", "index_price": 56937.64, "direction": "buy", "amount": 0.2}, {"trade_seq": 5324, "trade_id": "134807711", "timestamp": 1615395208816, "tick_direction": 1, "price": 0.185, "mark_price": 0.18499603, "iv": 97.67, "instrument_name": "BTC-26MAR21-48000-C", "index_price": 56933.15, "direction": "buy", "amount": 0.1}, {"trade_seq": 5323, "trade_id": "134807710", "timestamp": 1615395208743, "tick_direction": 1, "price": 0.185, "mark_price": 0.18499603, "iv": 97.67, "instrument_name": "BTC-26MAR21-48000-C", "index_price": 56933.15, "direction": "buy", "amount": 0.1}, {"trade_seq": 5322, "trade_id": "134807709", "timestamp": 1615395208691, "tick_direction": 0, "price": 0.185, "mark_price": 0.18499603, "iv": 97.67, "instrument_name": "BTC-26MAR21-48000-C", "index_price": 56933.15, "direction": "buy", "amount": 0.1}, {"trade_seq": 5321, "trade_id": "134764882", "timestamp": 1615383336001, "tick_direction": 0, "price": 0.1755, "mark_price": 0.17460469, "iv": 97.83, "instrument_name": "BTC-26MAR21-48000-C", "index_price": 56024.99, "direction": "buy", "amount": 0.1}, {"trade_seq": 5320, "trade_id": "134747698", "timestamp": 1615377722570, "tick_direction": 3, "price": 0.16, "mark_price": 0.16056303, "iv": 93.3, "instrument_name": "BTC-26MAR21-48000-C", "index_price": 55016.68, "direction": "buy", "amount": 0.3}, {"trade_seq": 5319, "trade_id": "134747697", "timestamp": 1615377722561, "tick_direction": 3, "price": 0.16, "mark_price": 0.16056303, "iv": 93.3, "instrument_name": "BTC-26MAR21-48000-C", "index_price": 55016.68, "direction": "buy", "amount": 0.1}, {"trade_seq": 5318, "trade_id": "134747440", "timestamp": 1615377680534, "tick_direction": 2, "price": 0.16, "mark_price": 0.16013264, "iv": 93.94, "instrument_name": "BTC-26MAR21-48000-C", "index_price": 54981.52, "direction": "buy", "amount": 0.1}, {"trade_seq": 5317, "trade_id": "134724016", "timestamp": 1615369085099, "tick_direction": 1, "price": 0.164, "mark_price": 0.16308612, "iv": 95.97, "instrument_name": "BTC-26MAR21-48000-C", "index_price": 55198.38, "direction": "sell", "amount": 0.1}, {"trade_seq": 5316, "trade_id": "134723969", "timestamp": 1615369081402, "tick_direction": 1, "price": 0.164, "mark_price": 0.16309687, "iv": 95.95, "instrument_name": "BTC-26MAR21-48000-C", "index_price": 55203.36, "direction": "sell", "amount": 0.1}, {"trade_seq": 5315, "trade_id": "134723963", "timestamp": 1615369081380, "tick_direction": 1, "price": 0.164, "mark_price": 0.16309687, "iv": 95.95, "instrument_name": "BTC-26MAR21-48000-C", "index_price": 55203.36, "direction": "sell", "amount": 0.1}, {"trade_seq": 5314, "trade_id": "134723962", "timestamp": 1615369080535, "tick_direction": 1, "price": 0.164, "mark_price": 0.16310073, "iv": 95.93, "instrument_name": "BTC-26MAR21-48000-C", "index_price": 55203.5, "direction": "sell", "amount": 0.1}, {"trade_seq": 5313, "trade_id": "134723961", "timestamp": 1615369080489, "tick_direction": 1, "price": 0.164, "mark_price": 0.16310073, "iv": 95.93, "instrument_name": "BTC-26MAR21-48000-C", "index_price": 55203.5, "direction": "sell", "amount": 0.2}, {"trade_seq": 5312, "trade_id": "134723960", "timestamp": 1615369080432, "tick_direction": 1, "price": 0.164, "mark_price": 0.16310073, "iv": 95.93, "instrument_name": "BTC-26MAR21-48000-C", "index_price": 55203.5, "direction": "sell", "amount": 0.4}, {"trade_seq": 5311, "trade_id": "134723959", "timestamp": 1615369080389, "tick_direction": 0, "price": 0.164, "mark_price": 0.16310073, "iv": 95.93, "instrument_name": "BTC-26MAR21-48000-C", "index_price": 55203.5, "direction": "sell", "amount": 1.0}, {"trade_seq": 5310, "trade_id": "134709355", "timestamp": 1615365540115, "tick_direction": 1, "price": 0.155, "mark_price": 0.15472685, "iv": 96.19, "instrument_name": "BTC-26MAR21-48000-C", "index_price": 54492.73, "direction": "sell", "amount": 0.2}, {"trade_seq": 5309, "trade_id": "134709347", "timestamp": 1615365540021, "tick_direction": 1, "price": 0.155, "mark_price": 0.15472685, "iv": 96.19, "instrument_name": "BTC-26MAR21-48000-C", "index_price": 54492.73, "direction": "sell", "amount": 0.4}, {"trade_seq": 5308, "trade_id": "134709337", "timestamp": 1615365526701, "tick_direction": 1, "price": 0.155, "mark_price": 0.15489542, "iv": 95.92, "instrument_name": "BTC-26MAR21-48000-C", "index_price": 54497.4, "direction": "sell", "amount": 0.5}, {"trade_seq": 5307, "trade_id": "134709326", "timestamp": 1615365523353, "tick_direction": 1, "price": 0.155, "mark_price": 0.15487525, "iv": 95.95, "instrument_name": "BTC-26MAR21-48000-C", "index_price": 54499.17, "direction": "sell", "amount": 0.1}