{"trades": [{"trade_seq": 373, "trade_id": "136721173", "timestamp": 1616004759601, "tick_direction": 3, "price": 0.8245, "mark_price": 0.8238018, "iv": 464.96, "instrument_name": "BTC-26MAR21-10000-C", "index_price": 56549.51, "direction": "buy", "amount": 0.6}, {"trade_seq": 372, "trade_id": "136721127", "timestamp": 1616004754576, "tick_direction": 3, "price": 0.8245, "mark_price": 0.82379364, "iv": 468.07, "instrument_name": "BTC-26MAR21-10000-C", "index_price": 56538.41, "direction": "buy", "amount": 0.6}, {"trade_seq": 371, "trade_id": "136720936", "timestamp": 1616004732508, "tick_direction": 2, "price": 0.8245, "mark_price": 0.82359377, "iv": 479.85, "instrument_name": "BTC-26MAR21-10000-C", "index_price": 56482.65, "direction": "buy", "amount": 0.7}, {"trade_seq": 370, "trade_id": "135540654", "timestamp": 1615635384189, "tick_direction": 0, "price": 0.84, "mark_price": 0.83567129, "iv": 500.0, "instrument_name": "BTC-26MAR21-10000-C", "index_price": 59943.33, "direction": "buy", "amount": 0.2}, {"trade_seq": 369, "trade_id": "134842361", "timestamp": 1615405936844, "tick_direction": 2, "price": 0.825, "mark_price": 0.82633911, "iv": 0.0, "instrument_name": "BTC-26MAR21-10000-C", "index_price": 56888.72, "direction": "sell", "amount": 0.1}, {"trade_seq": 368, "trade_id": "134840009", "timestamp": 1615404555427, "tick_direction": 0, "price": 0.826, "mark_price": 0.82700635, "iv": 0.0, "instrument_name": "BTC-26MAR21-10000-C", "index_price": 57131.66, "direction": "buy", "amount": 0.1}, {"trade_seq": 367, "trade_id": "134839967", "timestamp": 1615404503350, "tick_direction": 0, "price": 0.8255, "mark_price": 0.82686081, "iv": 0.0, "instrument_name": "BTC-26MAR21-10000-C", "index_price": 57082.43, "direction": "sell", "amount": 0.1}, {"trade_seq": 366, "trade_id": "134839336", "timestamp": 1615404408056, "tick_direction": 0, "price": 0.825, "mark_price": 0.82730776, "iv": 0.0, "instrument_name": "BTC-26MAR21-10000-C", "index_price": 57219.74, "direction": "buy", "amount": 0.1}, {"trade_seq": 365, "trade_id": "133048159", "timestamp": 1614704194640, "tick_direction": 3, "price": 0.793, "mark_price": 0.79259153, "iv": 243.28, "instrument_name": "BTC-26MAR21-10000-C", "index_price": 47631.93, "direction": "sell", "amount": 0.9}, {"trade_seq": 364, "trade_id": "133048158", "timestamp": 1614704194640, "tick_direction": 2, "price": 0.793, "mark_price": 0.79259153, "iv": 243.28, "instrument_name": "BTC-26MAR21-10000-C", "index_price": 47631.93, "direction": "sell", "amount": 0.1}, {"trade_seq": 363, "trade_id": "132687362", "timestamp": 1614587664266, "tick_direction": 0, "price": 0.7985, "mark_price": 0.79031246, "iv": 362.94, "instrument_name": "BTC-26MAR21-10000-C", "index_price": 46968.17, "direction": "buy", "amount": 0.1}, {"trade_seq": 362, "trade_id": "132686536", "timestamp": 1614587432675, "tick_direction": 2, "price": 0.783, "mark_price": 0.79023099, "iv": 0.0, "instrument_name": "BTC-26MAR21-10000-C", "index_price": 46931.75, "direction": "buy", "amount": 0.1}, {"trade_seq": 361, "trade_id": "129312019", "timestamp": 1613830810482, "tick_direction": 0, "price": 0.834, "mark_price": 0.83220021, "iv": 275.38, "instrument_name": "BTC-26MAR21-10000-C", "index_price": 57391.49, "direction": "buy", "amount": 0.1}, {"trade_seq": 360, "trade_id": "128765141", "timestamp": 1613642925855, "tick_direction": 0, "price": 0.816, "mark_price": 0.81652719, "iv": 0.0, "instrument_name": "BTC-26MAR21-10000-C", "index_price": 51945.06, "direction": "buy", "amount": 0.1}, {"trade_seq": 359, "trade_id": "128368201", "timestamp": 1613520511327, "tick_direction": 2, "price": 0.804, "mark_price": 0.80478772, "iv": 0.0, "instrument_name": "BTC-26MAR21-10000-C", "index_price": 49387.33, "direction": "buy", "amount": 1.5}, {"trade_seq": 358, "trade_id": "128248389", "timestamp": 1613481841206, "tick_direction": 0, "price": 0.812, "mark_price": 0.80665635, "iv": 288.98, "instrument_name": "BTC-26MAR21-10000-C", "index_price": 49606.99, "direction": "buy", "amount": 0.1}, {"trade_seq": 357, "trade_id": "127989891", "timestamp": 1613422041050, "tick_direction": 0, "price": 0.8045, "mark_price": 0.80301818, "iv": 241.2, "instrument_name": "BTC-26MAR21-10000-C", "index_price": 48738.01, "direction": "buy", "amount": 0.1}, {"trade_seq": 356, "trade_id": "125061897", "timestamp": 1612527852754, "tick_direction": 0, "price": 0.747, "mark_price": 0.74807055, "iv": 137.08, "instrument_name": "BTC-26MAR21-10000-C", "index_price": 37906.96, "direction": "buy", "amount": 0.2}, {"trade_seq": 355, "trade_id": "122699888", "timestamp": 1611852321618, "tick_direction": 0, "price": 0.6995, "mark_price": 0.69980756, "iv": 163.12, "instrument_name": "BTC-26MAR21-10000-C", "index_price": 32217.58, "direction": "buy", "amount": 0.1}, {"trade_seq": 354, "trade_id": "120355687", "timestamp": 1611231227928, "tick_direction": 2, "price": 0.693, "mark_price": 0.69295366, "iv": 154.91, "instrument_name": "BTC-26MAR21-10000-C", "index_price": 31341.51, "direction": "sell", "amount": 0.1}, {"trade_seq": 353, "trade_id": "120346577", "timestamp": 1611230743609, "tick_direction": 3, "price": 0.699, "mark_price": 0.69746903, "iv": 162.95, "instrument_name": "BTC-26MAR21-10000-C", "index_price": 31822.16, "direction": "sell", "amount": 0.1}, {"trade_seq": 352, "trade_id": "120346450", "timestamp": 1611230737243, "tick_direction": 2, "price": 0.699, "mark_price": 0.69713752, "iv": 165.19, "instrument_name": "BTC-26MAR21-10000-C", "index_price": 31769.14, "direction": "sell", "amount": 0.1}, {"trade_seq": 351, "trade_id": "120346301", "timestamp": 1611230729048, "tick_direction": 3, "price": 0.6995, "mark_price": 0.6970422, "iv": 167.17, "instrument_name": "BTC-26MAR21-10000-C", "index_price": 31761.7, "direction": "sell", "amount": 0.1}, {"trade_seq": 350, "trade_id": "120345506", "timestamp": 1611230707835, "tick_direction": 3, "price": 0.6995, "mark_price": 0.6983011, "iv": 162.03, "instrument_name": "BTC-26MAR21-10000-C", "index_price": 31874.38, "direction": "sell", "amount": 0.1}, {"trade_seq": 349, "trade_id": "120345222", "timestamp": 1611230699335, "tick_direction": 3, "price": 0.6995, "mark_price": 0.69890581, "iv": 159.53, "instrument_name": "BTC-26MAR21-10000-C", "index_price": 31919.46, "direction": "sell", "amount": 0.1}, {"trade_seq": 348, "trade_id": "120345022", "timestamp": 1611230695646, "tick_direction": 2, "price": 0.6995, "mark_price": 0.6992716, "iv": 156.28, "instrument_name": "BTC-26MAR21-10000-C", "index_price": 31954.46, "direction": "sell", "amount": 0.1}, {"trade_seq": 347, "trade_id": "120300245", "timestamp": 1611223959932, "tick_direction": 2, "price": 0.7035, "mark_price": 0.70374064, "iv": 155.85, "instrument_name": "BTC-26MAR21-10000-C", "index_price": 32446.73, "direction": "sell", "amount": 0.1}, {"trade_seq": 346, "trade_id": "120151354", "timestamp": 1611193317916, "tick_direction": 2, "price": 0.7355, "mark_price": 0.72654344, "iv": 204.33, "instrument_name": "BTC-26MAR21-10000-C", "index_price": 34956.43, "direction": "buy", "amount": 5.0}, {"trade_seq": 345, "trade_id": "118495480", "timestamp": 1610726462156, "tick_direction": 0, "price": 0.7375, "mark_price": 0.73544187, "iv": 176.37, "instrument_name": "BTC-26MAR21-10000-C", "index_price": 35301.93, "direction": "sell", "amount": 0.1}, {"trade_seq": 344, "trade_id": "118495321", "timestamp": 1610726453732, "tick_direction": 3, "price": 0.737, "mark_price": 0.73609464, "iv": 171.19, "instrument_name": "BTC-26MAR21-10000-C", "index_price": 35378.83, "direction": "sell", "amount": 0.1}, {"trade_seq": 343, "trade_id": "118494846", "timestamp": 1610726444596, "tick_direction": 3, "price": 0.737, "mark_price": 0.73569551, "iv": 171.93, "instrument_name": "BTC-26MAR21-10000-C", "index_price": 35360.23, "direction": "sell", "amount": 0.1}, {"trade_seq": 342, "trade_id": "118494684", "timestamp": 1610726439833, "tick_direction": 3, "price": 0.737, "mark_price": 0.73539146, "iv": 174.17, "instrument_name": "BTC-26MAR21-10000-C", "index_price": 35304.87, "direction": "sell", "amount": 0.1}, {"trade_seq": 341, "trade_id": "118494485", "timestamp": 1610726427927, "tick_direction": 3, "price": 0.737, "mark_price": 0.73600864, "iv": 170.6, "instrument_name": "BTC-26MAR21-10000-C", "index_price": 35405.14, "direction": "sell", "amount": 0.1}, {"trade_seq": 340, "trade_id": "118494335", "timestamp": 1610726420471, "tick_direction": 3, "price": 0.737, "mark_price": 0.73592885, "iv": 171.01, "instrument_name": "BTC-26MAR21-10000-C", "index_price": 35405.04, "direction": "sell", "amount": 0.1}, {"trade_seq": 339, "trade_id": "118494323", "timestamp": 1610726419972, "tick_direction": 3, "price": 0.737, "mark_price": 0.73593174, "iv": 171.21, "instrument_name": "BTC-26MAR21-10000-C", "index_price": 35401.09, "direction": "sell", "amount": 0.1}, {"trade_seq": 338, "trade_id": "118493967", "timestamp": 1610726410673, "tick_direction": 3, "price": 0.737, "mark_price": 0.73673895, "iv": 166.6, "instrument_name": "BTC-26MAR21-10000-C", "index_price": 35496.05, "direction": "sell", "amount": 0.1}, {"trade_seq": 337, "trade_id": "118493952", "timestamp": 1610726410342, "tick_direction": 2, "price": 0.737, "mark_price": 0.73673895, "iv": 166.6, "instrument_name": "BTC-26MAR21-10000-C", "index_price": 35496.05, "direction": "sell", "amount": 0.1}, {"trade_seq": 336, "trade_id": "118488784", "timestamp": 1610726107077, "tick_direction": 1, "price": 0.739, "mark_price": 0.73665482, "iv": 178.0, "instrument_name": "BTC-26MAR21-10000-C", "index_price": 35459.21, "direction": "sell", "amount": 0.1}, {"trade_seq": 335, "trade_id": "118488673", "timestamp": 1610726103568, "tick_direction": 1, "price": 0.739, "mark_price": 0.7369462, "iv": 176.97, "instrument_name": "BTC-26MAR21-10000-C", "index_price": 35487.4, "direction": "sell", "amount": 0.1}, {"trade_seq": 334, "trade_id": "118488412", "timestamp": 1610726079876, "tick_direction": 0, "price": 0.739, "mark_price": 0.73711751, "iv": 175.72, "instrument_name": "BTC-26MAR21-10000-C", "index_price": 35525.91, "direction": "sell", "amount": 0.1}, {"trade_seq": 333, "trade_id": "118487949", "timestamp": 1610726055670, "tick_direction": 1, "price": 0.7385, "mark_price": 0.73712793, "iv": 173.16, "instrument_name": "BTC-26MAR21-10000-C", "index_price": 35535.23, "direction": "sell", "amount": 0.1}, {"trade_seq": 332, "trade_id": "118487880", "timestamp": 1610726050163, "tick_direction": 1, "price": 0.7385, "mark_price": 0.73763461, "iv": 170.54, "instrument_name": "BTC-26MAR21-10000-C", "index_price": 35584.38, "direction": "sell", "amount": 0.1}, {"trade_seq": 331, "trade_id": "118487752", "timestamp": 1610726042742, "tick_direction": 1, "price": 0.7385, "mark_price": 0.73785877, "iv": 169.02, "instrument_name": "BTC-26MAR21-10000-C", "index_price": 35631.99, "direction": "sell", "amount": 0.1}, {"trade_seq": 330, "trade_id": "118487705", "timestamp": 1610726038630, "tick_direction": 1, "price": 0.7385, "mark_price": 0.73801295, "iv": 168.12, "instrument_name": "BTC-26MAR21-10000-C", "index_price": 35652.95, "direction": "sell", "amount": 0.1}, {"trade_seq": 329, "trade_id": "118487612", "timestamp": 1610726031559, "tick_direction": 0, "price": 0.7385, "mark_price": 0.73811063, "iv": 167.54, "instrument_name": "BTC-26MAR21-10000-C", "index_price": 35663.34, "direction": "sell", "amount": 0.1}, {"trade_seq": 328, "trade_id": "118487413", "timestamp": 1610726017602, "tick_direction": 2, "price": 0.738, "mark_price": 0.73780131, "iv": 166.4, "instrument_name": "BTC-26MAR21-10000-C", "index_price": 35626.31, "direction": "sell", "amount": 0.1}, {"trade_seq": 327, "trade_id": "118232690", "timestamp": 1610659362907, "tick_direction": 1, "price": 0.7575, "mark_price": 0.75662543, "iv": 173.16, "instrument_name": "BTC-26MAR21-10000-C", "index_price": 38676.55, "direction": "sell", "amount": 0.1}, {"trade_seq": 326, "trade_id": "118232689", "timestamp": 1610659362907, "tick_direction": 0, "price": 0.7575, "mark_price": 0.75662543, "iv": 173.16, "instrument_name": "BTC-26MAR21-10000-C", "index_price": 38676.55, "direction": "sell", "amount": 0.1}, {"trade_seq": 325, "trade_id": "118232050", "timestamp": 1610659318768, "tick_direction": 2, "price": 0.757, "mark_price": 0.75629755, "iv": 173.52, "instrument_name": "BTC-26MAR21-10000-C", "index_price": 38565.88, "direction": "sell", "amount": 0.1}, {"trade_seq": 324, "trade_id": "118228647", "timestamp": 1610659120844, "tick_direction": 2, "price": 0.759, "mark_price": 0.75768013, "iv": 175.54, "instrument_name": "BTC-26MAR21-10000-C", "index_price": 38877.6, "direction": "sell", "amount": 0.1}, {"trade_seq": 323, "trade_id": "118228621", "timestamp": 1610659117230, "tick_direction": 0, "price": 0.7595, "mark_price": 0.7577881, "iv": 178.33, "instrument_name": "BTC-26MAR21-10000-C", "index_price": 38886.34, "direction": "sell", "amount": 0.1}, {"trade_seq": 322, "trade_id": "118228555", "timestamp": 1610659113102, "tick_direction": 0, "price": 0.759, "mark_price": 0.7580145, "iv": 173.34, "instrument_name": "BTC-26MAR21-10000-C", "index_price": 38928.42, "direction": "sell", "amount": 0.1}, {"trade_seq": 321, "trade_id": "117067432", "timestamp": 1610405301943, "tick_direction": 0, "price": 0.722, "mark_price": 0.72298347, "iv": 146.1, "instrument_name": "BTC-26MAR21-10000-C", "index_price": 34147.09, "direction": "sell", "amount": 0.1}, {"trade_seq": 320, "trade_id": "116719911", "timestamp": 1610374459716, "tick_direction": 2, "price": 0.6985, "mark_price": 0.70391884, "iv": 149.14, "instrument_name": "BTC-26MAR21-10000-C", "index_price": 30877.74, "direction": "sell", "amount": 0.1}, {"trade_seq": 319, "trade_id": "116572092", "timestamp": 1610362170981, "tick_direction": 1, "price": 0.7315, "mark_price": 0.7318995, "iv": 149.25, "instrument_name": "BTC-26MAR21-10000-C", "index_price": 35350.72, "direction": "buy", "amount": 0.1}, {"trade_seq": 318, "trade_id": "116572091", "timestamp": 1610362170752, "tick_direction": 1, "price": 0.7315, "mark_price": 0.7318995, "iv": 149.25, "instrument_name": "BTC-26MAR21-10000-C", "index_price": 35348.67, "direction": "buy", "amount": 0.1}, {"trade_seq": 317, "trade_id": "116572090", "timestamp": 1610362170424, "tick_direction": 1, "price": 0.7315, "mark_price": 0.7318995, "iv": 149.21, "instrument_name": "BTC-26MAR21-10000-C", "index_price": 35348.67, "direction": "buy", "amount": 0.3}, {"trade_seq": 316, "trade_id": "116572083", "timestamp": 1610362165499, "tick_direction": 0, "price": 0.7315, "mark_price": 0.73177494, "iv": 150.13, "instrument_name": "BTC-26MAR21-10000-C", "index_price": 35345.17, "direction": "buy", "amount": 0.5}, {"trade_seq": 315, "trade_id": "116570301", "timestamp": 1610361852287, "tick_direction": 1, "price": 0.731, "mark_price": 0.73181668, "iv": 145.91, "instrument_name": "BTC-26MAR21-10000-C", "index_price": 35353.44, "direction": "buy", "amount": 0.1}, {"trade_seq": 314, "trade_id": "116570300", "timestamp": 1610361851908, "tick_direction": 0, "price": 0.731, "mark_price": 0.73181668, "iv": 145.91, "instrument_name": "BTC-26MAR21-10000-C", "index_price": 35353.44, "direction": "buy", "amount": 0.1}, {"trade_seq": 313, "trade_id": "116570276", "timestamp": 1610361849709, "tick_direction": 2, "price": 0.7305, "mark_price": 0.73180446, "iv": 141.75, "instrument_name": "BTC-26MAR21-10000-C", "index_price": 35346.71, "direction": "buy", "amount": 0.5}, {"trade_seq": 312, "trade_id": "116570275", "timestamp": 1610361849649, "tick_direction": 3, "price": 0.731, "mark_price": 0.73180446, "iv": 146.01, "instrument_name": "BTC-26MAR21-10000-C", "index_price": 35346.71, "direction": "buy", "amount": 0.1}, {"trade_seq": 311, "trade_id": "116570260", "timestamp": 1610361842783, "tick_direction": 3, "price": 0.731, "mark_price": 0.73183155, "iv": 145.79, "instrument_name": "BTC-26MAR21-10000-C", "index_price": 35353.66, "direction": "buy", "amount": 0.1}, {"trade_seq": 310, "trade_id": "116569681", "timestamp": 1610361762787, "tick_direction": 2, "price": 0.731, "mark_price": 0.73216487, "iv": 143.24, "instrument_name": "BTC-26MAR21-10000-C", "index_price": 35395.84, "direction": "buy", "amount": 0.1}, {"trade_seq": 309, "trade_id": "114440664", "timestamp": 1610030782934, "tick_direction": 0, "price": 0.75, "mark_price": 0.75143322, "iv": 121.53, "instrument_name": "BTC-26MAR21-10000-C", "index_price": 38282.39, "direction": "buy", "amount": 0.2}, {"trade_seq": 308, "trade_id": "112587883", "timestamp": 1609621301538, "tick_direction": 2, "price": 0.6905, "mark_price": 0.69178765, "iv": 103.4, "instrument_name": "BTC-26MAR21-10000-C", "index_price": 30755.12, "direction": "buy", "amount": 0.1}, {"trade_seq": 307, "trade_id": "112445527", "timestamp": 1609603666687, "tick_direction": 0, "price": 0.7035, "mark_price": 0.70189332, "liquidation": "M", "iv": 128.86, "instrument_name": "BTC-26MAR21-10000-C", "index_price": 32003.46, "direction": "sell", "amount": 0.1}, {"trade_seq": 306, "trade_id": "111428512", "timestamp": 1609192750144, "tick_direction": 0, "price": 0.6385, "mark_price": 0.64268854, "iv": 0.0, "instrument_name": "BTC-26MAR21-10000-C", "index_price": 26628.55, "direction": "sell", "amount": 4.0}, {"trade_seq": 305, "trade_id": "110533112", "timestamp": 1608852564171, "tick_direction": 1, "price": 0.595, "mark_price": 0.59715698, "iv": 76.0, "instrument_name": "BTC-26MAR21-10000-C", "index_price": 23699.15, "direction": "buy", "amount": 15.0}, {"trade_seq": 304, "trade_id": "110533111", "timestamp": 1608852564170, "tick_direction": 0, "price": 0.595, "mark_price": 0.59715698, "iv": 76.0, "instrument_name": "BTC-26MAR21-10000-C", "index_price": 23699.15, "direction": "buy", "amount": 15.0}, {"trade_seq": 303, "trade_id": "108814071", "timestamp": 1608199689271, "tick_direction": 1, "price": 0.585, "mark_price": 0.58320775, "iv": 92.17, "instrument_name": "BTC-26MAR21-10000-C", "index_price": 22849.84, "direction": "sell", "amount": 0.9}, {"trade_seq": 302, "trade_id": "108814070", "timestamp": 1608199689214, "tick_direction": 1, "price": 0.585, "mark_price": 0.58320775, "iv": 92.17, "instrument_name": "BTC-26MAR21-10000-C", "index_price": 22849.84, "direction": "sell", "amount": 6.2}, {"trade_seq": 301, "trade_id": "108814069", "timestamp": 1608199689194, "tick_direction": 1, "price": 0.585, "mark_price": 0.58320775, "iv": 92.17, "instrument_name": "BTC-26MAR21-10000-C", "index_price": 22849.84, "direction": "sell", "amount": 2.9}, {"trade_seq": 300, "trade_id": "108814068", "timestamp": 1608199686994, "tick_direction": 1, "price": 0.585, "mark_price": 0.58323177, "iv": 92.14, "instrument_name": "BTC-26MAR21-10000-C", "index_price": 22848.77, "direction": "sell", "amount": 10.0}, {"trade_seq": 299, "trade_id": "108813880", "timestamp": 1608199670313, "tick_direction": 1, "price": 0.585, "mark_price": 0.58332364, "iv": 91.77, "instrument_name": "BTC-26MAR21-10000-C", "index_price": 22855.37, "direction": "sell", "amount": 2.0}, {"trade_seq": 298, "trade_id": "108813879", "timestamp": 1608199670207, "tick_direction": 1, "price": 0.585, "mark_price": 0.58332364, "iv": 91.77, "instrument_name": "BTC-26MAR21-10000-C", "index_price": 22855.37, "direction": "sell", "amount": 8.0}, {"trade_seq": 297, "trade_id": "108813867", "timestamp": 1608199668265, "tick_direction": 1, "price": 0.585, "mark_price": 0.58336647, "iv": 91.63, "instrument_name": "BTC-26MAR21-10000-C", "index_price": 22857.02, "direction": "sell", "amount": 2.0}, {"trade_seq": 296, "trade_id": "108813866", "timestamp": 1608199668202, "tick_direction": 1, "price": 0.585, "mark_price": 0.58336647, "iv": 91.63, "instrument_name": "BTC-26MAR21-10000-C", "index_price": 22857.02, "direction": "sell", "amount": 8.0}, {"trade_seq": 295, "trade_id": "108813857", "timestamp": 1608199666412, "tick_direction": 1, "price": 0.585, "mark_price": 0.58342152, "iv": 91.34, "instrument_name": "BTC-26MAR21-10000-C", "index_price": 22857.81, "direction": "sell", "amount": 7.4}, {"trade_seq": 294, "trade_id": "108813856", "timestamp": 1608199666391, "tick_direction": 1, "price": 0.585, "mark_price": 0.58343114, "iv": 91.34, "instrument_name": "BTC-26MAR21-10000-C", "index_price": 22857.81, "direction": "sell", "amount": 2.6}, {"trade_seq": 293, "trade_id": "108813830", "timestamp": 1608199661880, "tick_direction": 0, "price": 0.585, "mark_price": 0.58339404, "iv": 91.45, "instrument_name": "BTC-26MAR21-10000-C", "index_price": 22860.05, "direction": "sell", "amount": 10.0}, {"trade_seq": 292, "trade_id": "108570102", "timestamp": 1608155175375, "tick_direction": 0, "price": 0.5495, "mark_price": 0.54981782, "iv": 77.66, "instrument_name": "BTC-26MAR21-10000-C", "index_price": 21096.33, "direction": "buy", "amount": 0.2}, {"trade_seq": 291, "trade_id": "108420875", "timestamp": 1608125853358, "tick_direction": 2, "price": 0.516, "mark_price": 0.52093253, "iv": 46.53, "instrument_name": "BTC-26MAR21-10000-C", "index_price": 19840.39, "direction": "buy", "amount": 0.1}, {"trade_seq": 290, "trade_id": "108407325", "timestamp": 1608121988207, "tick_direction": 1, "price": 0.522, "mark_price": 0.52181454, "iv": 81.95, "instrument_name": "BTC-26MAR21-10000-C", "index_price": 19868.77, "direction": "sell", "amount": 0.1}, {"trade_seq": 289, "trade_id": "108407324", "timestamp": 1608121988207, "tick_direction": 1, "price": 0.522, "mark_price": 0.52181454, "iv": 81.95, "instrument_name": "BTC-26MAR21-10000-C", "index_price": 19868.77, "direction": "sell", "amount": 0.1}, {"trade_seq": 288, "trade_id": "108407323", "timestamp": 1608121988207, "tick_direction": 1, "price": 0.522, "mark_price": 0.52181454, "iv": 81.95, "instrument_name": "BTC-26MAR21-10000-C", "index_price": 19868.77, "direction": "sell", "amount": 0.1}, {"trade_seq": 287, "trade_id": "108407322", "timestamp": 1608121988207, "tick_direction": 1, "price": 0.522, "mark_price": 0.52181454, "iv": 81.95, "instrument_name": "BTC-26MAR21-10000-C", "index_price": 19868.77, "direction": "sell", "amount": 0.1}, {"trade_seq": 286, "trade_id": "108407321", "timestamp": 1608121988207, "tick_direction": 0, "price": 0.522, "mark_price": 0.52181454, "iv": 81.95, "instrument_name": "BTC-26MAR21-10000-C", "index_price": 19868.77, "direction": "sell", "amount": 0.1}, {"trade_seq": 285, "trade_id": "106969251", "timestamp": 1607453323923, "tick_direction": 2, "price": 0.4905, "mark_price": 0.49214043, "iv": 73.39, "instrument_name": "BTC-26MAR21-10000-C", "index_price": 18847.58, "direction": "buy", "amount": 0.2}, {"trade_seq": 284, "trade_id": "106356936", "timestamp": 1607085531307, "tick_direction": 2, "price": 0.5005, "mark_price": 0.49685863, "iv": 86.2, "instrument_name": "BTC-26MAR21-10000-C", "index_price": 18951.52, "direction": "buy", "amount": 0.1}, {"trade_seq": 283, "trade_id": "106166662", "timestamp": 1607003286658, "tick_direction": 0, "price": 0.51, "mark_price": 0.50839683, "iv": 83.9, "instrument_name": "BTC-26MAR21-10000-C", "index_price": 19309.61, "direction": "sell", "amount": 2.0}, {"trade_seq": 282, "trade_id": "105979835", "timestamp": 1606926759189, "tick_direction": 3, "price": 0.5, "mark_price": 0.49965097, "iv": 80.41, "instrument_name": "BTC-26MAR21-10000-C", "index_price": 18969.67, "direction": "sell", "amount": 0.2}, {"trade_seq": 281, "trade_id": "105979808", "timestamp": 1606926742173, "tick_direction": 3, "price": 0.5, "mark_price": 0.50004948, "iv": 79.72, "instrument_name": "BTC-26MAR21-10000-C", "index_price": 18978.21, "direction": "sell", "amount": 0.5}, {"trade_seq": 280, "trade_id": "105979755", "timestamp": 1606926731027, "tick_direction": 2, "price": 0.5, "mark_price": 0.49995794, "iv": 79.78, "instrument_name": "BTC-26MAR21-10000-C", "index_price": 18982.88, "direction": "sell", "amount": 0.3}, {"trade_seq": 279, "trade_id": "105467200", "timestamp": 1606821984484, "tick_direction": 2, "price": 0.5055, "mark_price": 0.50792466, "iv": 73.96, "instrument_name": "BTC-26MAR21-10000-C", "index_price": 19196.67, "direction": "buy", "amount": 0.2}, {"trade_seq": 278, "trade_id": "105192886", "timestamp": 1606747689884, "tick_direction": 1, "price": 0.5165, "mark_price": 0.51651031, "iv": 80.58, "instrument_name": "BTC-26MAR21-10000-C", "index_price": 19622.96, "direction": "buy", "amount": 0.2}, {"trade_seq": 277, "trade_id": "105192885", "timestamp": 1606747689884, "tick_direction": 0, "price": 0.5165, "mark_price": 0.51651031, "iv": 80.58, "instrument_name": "BTC-26MAR21-10000-C", "index_price": 19622.96, "direction": "buy", "amount": 0.2}, {"trade_seq": 276, "trade_id": "104358713", "timestamp": 1606452255699, "tick_direction": 0, "price": 0.447, "mark_price": 0.44837869, "iv": 74.8, "instrument_name": "BTC-26MAR21-10000-C", "index_price": 17135.75, "direction": "buy", "amount": 0.1}, {"trade_seq": 275, "trade_id": "104259431", "timestamp": 1606417111939, "tick_direction": 2, "price": 0.4425, "mark_price": 0.43319358, "iv": 86.95, "instrument_name": "BTC-26MAR21-10000-C", "index_price": 16582.3, "direction": "buy", "amount": 0.1}, {"trade_seq": 274, "trade_id": "103596702", "timestamp": 1606288708576, "tick_direction": 3, "price": 0.502, "mark_price": 0.50075006, "iv": 83.53, "instrument_name": "BTC-26MAR21-10000-C", "index_price": 18987.77, "direction": "sell", "amount": 0.5}, {"trade_seq": 273, "trade_id": "103596694", "timestamp": 1606288674490, "tick_direction": 2, "price": 0.502, "mark_price": 0.5007487, "iv": 83.53, "instrument_name": "BTC-26MAR21-10000-C", "index_price": 18989.46, "direction": "buy", "amount": 0.5}, {"trade_seq": 272, "trade_id": "103438721", "timestamp": 1606229171551, "tick_direction": 0, "price": 0.51, "mark_price": 0.51094098, "iv": 80.17, "instrument_name": "BTC-26MAR21-10000-C", "index_price": 19348.79, "direction": "buy", "amount": 0.2}, {"trade_seq": 271, "trade_id": "103400412", "timestamp": 1606220589249, "tick_direction": 0, "price": 0.5055, "mark_price": 0.50581157, "iv": 80.76, "instrument_name": "BTC-26MAR21-10000-C", "index_price": 19107.77, "direction": "buy", "amount": 1.0}, {"trade_seq": 270, "trade_id": "102585903", "timestamp": 1605920358312, "tick_direction": 0, "price": 0.493, "mark_price": 0.49545277, "iv": 75.1, "instrument_name": "BTC-26MAR21-10000-C", "index_price": 18841.92, "direction": "buy", "amount": 0.1}, {"trade_seq": 269, "trade_id": "102126030", "timestamp": 1605769866722, "tick_direction": 1, "price": 0.4755, "mark_price": 0.46173996, "iv": 91.16, "instrument_name": "BTC-26MAR21-10000-C", "index_price": 17706.61, "direction": "sell", "amount": 1.4}, {"trade_seq": 268, "trade_id": "102126029", "timestamp": 1605769866720, "tick_direction": 0, "price": 0.4755, "mark_price": 0.46173996, "iv": 91.16, "instrument_name": "BTC-26MAR21-10000-C", "index_price": 17706.61, "direction": "buy", "amount": 1.5}, {"trade_seq": 267, "trade_id": "101778341", "timestamp": 1605677768081, "tick_direction": 0, "price": 0.466, "mark_price": 0.45934597, "iv": 83.02, "instrument_name": "BTC-26MAR21-10000-C", "index_price": 17617.91, "direction": "sell", "amount": 1.0}, {"trade_seq": 266, "trade_id": "101738738", "timestamp": 1605673708506, "tick_direction": 2, "price": 0.4625, "mark_price": 0.47561682, "iv": 0.0, "instrument_name": "BTC-26MAR21-10000-C", "index_price": 18195.65, "direction": "sell", "amount": 0.4}, {"trade_seq": 265, "trade_id": "101717375", "timestamp": 1605671672591, "tick_direction": 1, "price": 0.469, "mark_price": 0.47065216, "iv": 70.77, "instrument_name": "BTC-26MAR21-10000-C", "index_price": 17993.64, "direction": "buy", "amount": 2.0}, {"trade_seq": 264, "trade_id": "101717364", "timestamp": 1605671671900, "tick_direction": 1, "price": 0.469, "mark_price": 0.47069327, "iv": 70.77, "instrument_name": "BTC-26MAR21-10000-C", "index_price": 17990.44, "direction": "buy", "amount": 3.0}, {"trade_seq": 263, "trade_id": "101717356", "timestamp": 1605671671342, "tick_direction": 1, "price": 0.469, "mark_price": 0.47069327, "iv": 70.69, "instrument_name": "BTC-26MAR21-10000-C", "index_price": 17990.44, "direction": "buy", "amount": 3.0}, {"trade_seq": 262, "trade_id": "101717343", "timestamp": 1605671670828, "tick_direction": 0, "price": 0.469, "mark_price": 0.47073863, "iv": 70.61, "instrument_name": "BTC-26MAR21-10000-C", "index_price": 17991.03, "direction": "buy", "amount": 3.0}, {"trade_seq": 261, "trade_id": "101588215", "timestamp": 1605631478720, "tick_direction": 0, "price": 0.4545, "mark_price": 0.45514618, "iv": 70.0, "instrument_name": "BTC-26MAR21-10000-C", "index_price": 17496.51, "direction": "buy", "amount": 4.7}, {"trade_seq": 260, "trade_id": "101323692", "timestamp": 1605528991000, "tick_direction": 2, "price": 0.414, "mark_price": 0.41629915, "iv": 63.36, "instrument_name": "BTC-26MAR21-10000-C", "index_price": 16287.47, "direction": "sell", "amount": 0.5}, {"trade_seq": 259, "trade_id": "100857790", "timestamp": 1605248352501, "tick_direction": 0, "price": 0.415, "mark_price": 0.4191579, "iv": 61.36, "instrument_name": "BTC-26MAR21-10000-C", "index_price": 16289.85, "direction": "buy", "amount": 4.0}, {"trade_seq": 258, "trade_id": "100567728", "timestamp": 1605131646711, "tick_direction": 0, "price": 0.402, "mark_price": 0.40244817, "iv": 64.56, "instrument_name": "BTC-26MAR21-10000-C", "index_price": 15782.26, "direction": "buy", "amount": 10.0}, {"trade_seq": 257, "trade_id": "100398236", "timestamp": 1605030979305, "tick_direction": 2, "price": 0.3835, "mark_price": 0.3858305, "iv": 62.87, "instrument_name": "BTC-26MAR21-10000-C", "index_price": 15333.63, "direction": "sell", "amount": 0.5}, {"trade_seq": 256, "trade_id": "100210602", "timestamp": 1604952132870, "tick_direction": 3, "price": 0.392, "mark_price": 0.39254396, "iv": 66.96, "instrument_name": "BTC-26MAR21-10000-C", "index_price": 15429.32, "direction": "buy", "amount": 0.5}, {"trade_seq": 255, "trade_id": "100210448", "timestamp": 1604952097198, "tick_direction": 2, "price": 0.392, "mark_price": 0.39237885, "iv": 67.21, "instrument_name": "BTC-26MAR21-10000-C", "index_price": 15422.47, "direction": "buy", "amount": 0.5}, {"trade_seq": 254, "trade_id": "99886610", "timestamp": 1604860717450, "tick_direction": 2, "price": 0.398, "mark_price": 0.3971937, "iv": 68.42, "instrument_name": "BTC-26MAR21-10000-C", "index_price": 15494.16, "direction": "sell", "amount": 0.4}, {"trade_seq": 253, "trade_id": "99871191", "timestamp": 1604856231302, "tick_direction": 0, "price": 0.4, "mark_price": 0.40022289, "iv": 67.07, "instrument_name": "BTC-26MAR21-10000-C", "index_price": 15559.54, "direction": "buy", "amount": 0.5}, {"trade_seq": 252, "trade_id": "99351422", "timestamp": 1604661701167, "tick_direction": 2, "price": 0.395, "mark_price": 0.39693476, "iv": 65.41, "instrument_name": "BTC-26MAR21-10000-C", "index_price": 15499.49, "direction": "buy", "amount": 1.2}, {"trade_seq": 251, "trade_id": "99264021", "timestamp": 1604634637251, "tick_direction": 1, "price": 0.399, "mark_price": 0.39722101, "iv": 68.31, "instrument_name": "BTC-26MAR21-10000-C", "index_price": 15569.6, "direction": "sell", "amount": 0.4}, {"trade_seq": 250, "trade_id": "99264020", "timestamp": 1604634637188, "tick_direction": 0, "price": 0.399, "mark_price": 0.39722101, "iv": 68.31, "instrument_name": "BTC-26MAR21-10000-C", "index_price": 15569.6, "direction": "sell", "amount": 1.6}, {"trade_seq": 249, "trade_id": "99110515", "timestamp": 1604601955304, "tick_direction": 2, "price": 0.373, "mark_price": 0.37649724, "iv": 63.19, "instrument_name": "BTC-26MAR21-10000-C", "index_price": 14919.31, "direction": "sell", "amount": 0.1}, {"trade_seq": 248, "trade_id": "99106992", "timestamp": 1604600925338, "tick_direction": 2, "price": 0.379, "mark_price": 0.37803827, "iv": 67.76, "instrument_name": "BTC-26MAR21-10000-C", "index_price": 14948.72, "direction": "sell", "amount": 0.1}, {"trade_seq": 247, "trade_id": "99104109", "timestamp": 1604599928247, "tick_direction": 2, "price": 0.38, "mark_price": 0.37997503, "iv": 67.04, "instrument_name": "BTC-26MAR21-10000-C", "index_price": 15001.91, "direction": "sell", "amount": 0.1}, {"trade_seq": 246, "trade_id": "99081380", "timestamp": 1604597126394, "tick_direction": 0, "price": 0.386, "mark_price": 0.38581423, "iv": 67.9, "instrument_name": "BTC-26MAR21-10000-C", "index_price": 15163.53, "direction": "sell", "amount": 0.3}, {"trade_seq": 245, "trade_id": "98114905", "timestamp": 1604212649883, "tick_direction": 2, "price": 0.333, "mark_price": 0.32963217, "iv": 66.85, "instrument_name": "BTC-26MAR21-10000-C", "index_price": 13751.01, "direction": "sell", "amount": 1.0}, {"trade_seq": 244, "trade_id": "97998251", "timestamp": 1604145212627, "tick_direction": 0, "price": 0.337, "mark_price": 0.33908346, "iv": 62.55, "instrument_name": "BTC-26MAR21-10000-C", "index_price": 13946.4, "direction": "buy", "amount": 2.0}, {"trade_seq": 243, "trade_id": "97836959", "timestamp": 1604097333341, "tick_direction": 0, "price": 0.326, "mark_price": 0.32284975, "iv": 65.17, "instrument_name": "BTC-26MAR21-10000-C", "index_price": 13594.46, "direction": "buy", "amount": 0.9}, {"trade_seq": 242, "trade_id": "97727764", "timestamp": 1604048511142, "tick_direction": 3, "price": 0.304, "mark_price": 0.30521211, "iv": 60.83, "instrument_name": "BTC-26MAR21-10000-C", "index_price": 13227.27, "direction": "buy", "amount": 0.1}, {"trade_seq": 241, "trade_id": "97727301", "timestamp": 1604048346070, "tick_direction": 3, "price": 0.304, "mark_price": 0.3068806, "iv": 59.78, "instrument_name": "BTC-26MAR21-10000-C", "index_price": 13261.88, "direction": "buy", "amount": 0.1}, {"trade_seq": 240, "trade_id": "97727300", "timestamp": 1604048346070, "tick_direction": 3, "price": 0.304, "mark_price": 0.3068806, "iv": 59.78, "instrument_name": "BTC-26MAR21-10000-C", "index_price": 13261.88, "direction": "buy", "amount": 0.1}, {"trade_seq": 239, "trade_id": "97727299", "timestamp": 1604048346070, "tick_direction": 3, "price": 0.304, "mark_price": 0.3068806, "iv": 59.78, "instrument_name": "BTC-26MAR21-10000-C", "index_price": 13261.88, "direction": "buy", "amount": 0.1}, {"trade_seq": 238, "trade_id": "97727267", "timestamp": 1604048332171, "tick_direction": 3, "price": 0.304, "mark_price": 0.30684531, "iv": 59.79, "instrument_name": "BTC-26MAR21-10000-C", "index_price": 13261.43, "direction": "buy", "amount": 0.1}, {"trade_seq": 237, "trade_id": "97727242", "timestamp": 1604048320626, "tick_direction": 3, "price": 0.304, "mark_price": 0.30677576, "iv": 59.85, "instrument_name": "BTC-26MAR21-10000-C", "index_price": 13261.43, "direction": "buy", "amount": 0.1}, {"trade_seq": 236, "trade_id": "97727237", "timestamp": 1604048318596, "tick_direction": 2, "price": 0.304, "mark_price": 0.30666483, "iv": 59.88, "instrument_name": "BTC-26MAR21-10000-C", "index_price": 13261.44, "direction": "buy", "amount": 0.1}, {"trade_seq": 235, "trade_id": "97052549", "timestamp": 1603789223189, "tick_direction": 0, "price": 0.3065, "mark_price": 0.30992878, "iv": 61.43, "instrument_name": "BTC-26MAR21-10000-C", "index_price": 13154.09, "direction": "buy", "amount": 2.0}, {"trade_seq": 234, "trade_id": "97052519", "timestamp": 1603789186339, "tick_direction": 0, "price": 0.305, "mark_price": 0.30963761, "iv": 60.67, "instrument_name": "BTC-26MAR21-10000-C", "index_price": 13149.93, "direction": "buy", "amount": 1.0}, {"trade_seq": 233, "trade_id": "96982077", "timestamp": 1603732295739, "tick_direction": 2, "price": 0.2965, "mark_price": 0.3017127, "iv": 60.69, "instrument_name": "BTC-26MAR21-10000-C", "index_price": 12925.89, "direction": "sell", "amount": 2.5}, {"trade_seq": 232, "trade_id": "96974337", "timestamp": 1603731094351, "tick_direction": 2, "price": 0.298, "mark_price": 0.30159168, "iv": 61.67, "instrument_name": "BTC-26MAR21-10000-C", "index_price": 12913.08, "direction": "sell", "amount": 4.5}, {"trade_seq": 231, "trade_id": "96974336", "timestamp": 1603731094351, "tick_direction": 2, "price": 0.2985, "mark_price": 0.30159168, "iv": 61.97, "instrument_name": "BTC-26MAR21-10000-C", "index_price": 12913.08, "direction": "sell", "amount": 1.5}, {"trade_seq": 230, "trade_id": "96710537", "timestamp": 1603551756150, "tick_direction": 1, "price": 0.313, "mark_price": 0.31498884, "iv": 63.28, "instrument_name": "BTC-26MAR21-10000-C", "index_price": 13131.46, "direction": "buy", "amount": 0.4}, {"trade_seq": 229, "trade_id": "96710536", "timestamp": 1603551756150, "tick_direction": 1, "price": 0.313, "mark_price": 0.31498884, "iv": 63.28, "instrument_name": "BTC-26MAR21-10000-C", "index_price": 13131.46, "direction": "buy", "amount": 0.2}, {"trade_seq": 228, "trade_id": "96710535", "timestamp": 1603551756150, "tick_direction": 0, "price": 0.313, "mark_price": 0.31498884, "iv": 63.28, "instrument_name": "BTC-26MAR21-10000-C", "index_price": 13131.46, "direction": "buy", "amount": 0.2}, {"trade_seq": 227, "trade_id": "96709763", "timestamp": 1603551672714, "tick_direction": 1, "price": 0.3125, "mark_price": 0.31452254, "iv": 63.34, "instrument_name": "BTC-26MAR21-10000-C", "index_price": 13120.87, "direction": "buy", "amount": 0.2}, {"trade_seq": 226, "trade_id": "96709762", "timestamp": 1603551672714, "tick_direction": 1, "price": 0.3125, "mark_price": 0.31452254, "iv": 63.34, "instrument_name": "BTC-26MAR21-10000-C", "index_price": 13120.87, "direction": "buy", "amount": 0.2}, {"trade_seq": 225, "trade_id": "96709761", "timestamp": 1603551672714, "tick_direction": 0, "price": 0.3125, "mark_price": 0.31452254, "iv": 63.34, "instrument_name": "BTC-26MAR21-10000-C", "index_price": 13120.87, "direction": "buy", "amount": 0.2}, {"trade_seq": 224, "trade_id": "96542058", "timestamp": 1603414670055, "tick_direction": 0, "price": 0.31, "mark_price": 0.30699686, "iv": 67.47, "instrument_name": "BTC-26MAR21-10000-C", "index_price": 12922.16, "direction": "buy", "amount": 0.2}, {"trade_seq": 223, "trade_id": "96400066", "timestamp": 1603362480239, "tick_direction": 0, "price": 0.309, "mark_price": 0.31025127, "iv": 65.31, "instrument_name": "BTC-26MAR21-10000-C", "index_price": 12984.51, "direction": "buy", "amount": 1.0}, {"trade_seq": 222, "trade_id": "96103382", "timestamp": 1603281835047, "tick_direction": 0, "price": 0.2755, "mark_price": 0.27390258, "iv": 60.47, "instrument_name": "BTC-26MAR21-10000-C", "index_price": 12343.3, "direction": "buy", "amount": 0.2}, {"trade_seq": 221, "trade_id": "96103381", "timestamp": 1603281835047, "tick_direction": 0, "price": 0.275, "mark_price": 0.27390258, "iv": 60.2, "instrument_name": "BTC-26MAR21-10000-C", "index_price": 12343.3, "direction": "buy", "amount": 0.1}, {"trade_seq": 220, "trade_id": "96100405", "timestamp": 1603281440571, "tick_direction": 1, "price": 0.2715, "mark_price": 0.27482493, "iv": 57.79, "instrument_name": "BTC-26MAR21-10000-C", "index_price": 12363.44, "direction": "buy", "amount": 0.4}, {"trade_seq": 219, "trade_id": "96100404", "timestamp": 1603281440571, "tick_direction": 0, "price": 0.2715, "mark_price": 0.27482493, "iv": 57.79, "instrument_name": "BTC-26MAR21-10000-C", "index_price": 12363.44, "direction": "buy", "amount": 0.4}, {"trade_seq": 218, "trade_id": "96097344", "timestamp": 1603280916458, "tick_direction": 1, "price": 0.27, "mark_price": 0.27331021, "iv": 57.81, "instrument_name": "BTC-26MAR21-10000-C", "index_price": 12324.07, "direction": "buy", "amount": 0.4}, {"trade_seq": 217, "trade_id": "96097343", "timestamp": 1603280916458, "tick_direction": 1, "price": 0.27, "mark_price": 0.27331021, "iv": 57.81, "instrument_name": "BTC-26MAR21-10000-C", "index_price": 12324.07, "direction": "buy", "amount": 0.4}, {"trade_seq": 216, "trade_id": "96097342", "timestamp": 1603280916458, "tick_direction": 1, "price": 0.27, "mark_price": 0.27331021, "iv": 57.81, "instrument_name": "BTC-26MAR21-10000-C", "index_price": 12324.07, "direction": "buy", "amount": 0.2}, {"trade_seq": 215, "trade_id": "96097341", "timestamp": 1603280916458, "tick_direction": 0, "price": 0.27, "mark_price": 0.27331021, "iv": 57.81, "instrument_name": "BTC-26MAR21-10000-C", "index_price": 12324.07, "direction": "buy", "amount": 0.2}, {"trade_seq": 214, "trade_id": "96097058", "timestamp": 1603280911508, "tick_direction": 0, "price": 0.2695, "mark_price": 0.27300465, "iv": 57.69, "instrument_name": "BTC-26MAR21-10000-C", "index_price": 12321.49, "direction": "buy", "amount": 0.1}, {"trade_seq": 213, "trade_id": "96096774", "timestamp": 1603280902807, "tick_direction": 1, "price": 0.269, "mark_price": 0.2721699, "iv": 57.82, "instrument_name": "BTC-26MAR21-10000-C", "index_price": 12305.03, "direction": "buy", "amount": 0.2}, {"trade_seq": 212, "trade_id": "96096773", "timestamp": 1603280902807, "tick_direction": 0, "price": 0.269, "mark_price": 0.2721699, "iv": 57.82, "instrument_name": "BTC-26MAR21-10000-C", "index_price": 12305.03, "direction": "buy", "amount": 0.2}, {"trade_seq": 211, "trade_id": "96096544", "timestamp": 1603280902082, "tick_direction": 1, "price": 0.2685, "mark_price": 0.2721699, "iv": 57.54, "instrument_name": "BTC-26MAR21-10000-C", "index_price": 12302.58, "direction": "buy", "amount": 0.2}, {"trade_seq": 210, "trade_id": "96096543", "timestamp": 1603280902082, "tick_direction": 0, "price": 0.2685, "mark_price": 0.2721699, "iv": 57.54, "instrument_name": "BTC-26MAR21-10000-C", "index_price": 12302.58, "direction": "buy", "amount": 0.2}, {"trade_seq": 209, "trade_id": "96093419", "timestamp": 1603279954807, "tick_direction": 1, "price": 0.268, "mark_price": 0.26785503, "iv": 59.66, "instrument_name": "BTC-26MAR21-10000-C", "index_price": 12198.82, "direction": "sell", "amount": 0.8}, {"trade_seq": 208, "trade_id": "96093418", "timestamp": 1603279954803, "tick_direction": 0, "price": 0.268, "mark_price": 0.26785503, "iv": 59.66, "instrument_name": "BTC-26MAR21-10000-C", "index_price": 12198.82, "direction": "buy", "amount": 0.2}, {"trade_seq": 207, "trade_id": "95996691", "timestamp": 1603225332712, "tick_direction": 0, "price": 0.2595, "mark_price": 0.25139862, "iv": 62.45, "instrument_name": "BTC-26MAR21-10000-C", "index_price": 11893.05, "direction": "buy", "amount": 0.1}, {"trade_seq": 206, "trade_id": "95982228", "timestamp": 1603218472643, "tick_direction": 2, "price": 0.229, "mark_price": 0.25580974, "iv": 44.94, "instrument_name": "BTC-26MAR21-10000-C", "index_price": 11944.7, "direction": "sell", "amount": 1.0}, {"trade_seq": 205, "trade_id": "95956216", "timestamp": 1603209242304, "tick_direction": 2, "price": 0.251, "mark_price": 0.25465956, "iv": 57.21, "instrument_name": "BTC-26MAR21-10000-C", "index_price": 11929.72, "direction": "buy", "amount": 1.0}, {"trade_seq": 204, "trade_id": "95938393", "timestamp": 1603203849578, "tick_direction": 0, "price": 0.252, "mark_price": 0.25341736, "iv": 57.84, "instrument_name": "BTC-26MAR21-10000-C", "index_price": 11952.18, "direction": "buy", "amount": 1.0}, {"trade_seq": 203, "trade_id": "95705190", "timestamp": 1603003422117, "tick_direction": 0, "price": 0.2315, "mark_price": 0.23436449, "iv": 58.36, "instrument_name": "BTC-26MAR21-10000-C", "index_price": 11443.75, "direction": "buy", "amount": 5.0}, {"trade_seq": 202, "trade_id": "95700641", "timestamp": 1602991641688, "tick_direction": 2, "price": 0.228, "mark_price": 0.23260563, "iv": 57.71, "instrument_name": "BTC-26MAR21-10000-C", "index_price": 11389.32, "direction": "sell", "amount": 0.1}, {"trade_seq": 201, "trade_id": "94939405", "timestamp": 1602337268223, "tick_direction": 0, "price": 0.244, "mark_price": 0.24331802, "iv": 64.46, "instrument_name": "BTC-26MAR21-10000-C", "index_price": 11330.31, "direction": "buy", "amount": 0.1}, {"trade_seq": 200, "trade_id": "94731696", "timestamp": 1602168629444, "tick_direction": 0, "price": 0.2265, "mark_price": 0.22634777, "iv": 65.69, "instrument_name": "BTC-26MAR21-10000-C", "index_price": 10900.89, "direction": "buy", "amount": 6.0}, {"trade_seq": 199, "trade_id": "94718877", "timestamp": 1602167639791, "tick_direction": 0, "price": 0.219, "mark_price": 0.22000271, "iv": 65.14, "instrument_name": "BTC-26MAR21-10000-C", "index_price": 10762.29, "direction": "buy", "amount": 0.1}, {"trade_seq": 198, "trade_id": "94583296", "timestamp": 1602012255256, "tick_direction": 2, "price": 0.2085, "mark_price": 0.21148909, "iv": 63.89, "instrument_name": "BTC-26MAR21-10000-C", "index_price": 10557.36, "direction": "buy", "amount": 1.0}, {"trade_seq": 197, "trade_id": "94518251", "timestamp": 1601982331764, "tick_direction": 2, "price": 0.2135, "mark_price": 0.2158688, "iv": 64.0, "instrument_name": "BTC-26MAR21-10000-C", "index_price": 10673.65, "direction": "buy", "amount": 4.0}, {"trade_seq": 196, "trade_id": "94499447", "timestamp": 1601969501503, "tick_direction": 0, "price": 0.219, "mark_price": 0.21804745, "iv": 64.96, "instrument_name": "BTC-26MAR21-10000-C", "index_price": 10748.39, "direction": "sell", "amount": 1.2}, {"trade_seq": 195, "trade_id": "94499057", "timestamp": 1601969245142, "tick_direction": 2, "price": 0.2155, "mark_price": 0.21817533, "iv": 63.34, "instrument_name": "BTC-26MAR21-10000-C", "index_price": 10760.63, "direction": "sell", "amount": 0.1}, {"trade_seq": 194, "trade_id": "94465607", "timestamp": 1601929616544, "tick_direction": 1, "price": 0.217, "mark_price": 0.21862465, "iv": 64.01, "instrument_name": "BTC-26MAR21-10000-C", "index_price": 10751.12, "direction": "buy", "amount": 0.1}, {"trade_seq": 193, "trade_id": "94465606", "timestamp": 1601929616544, "tick_direction": 1, "price": 0.217, "mark_price": 0.21862465, "iv": 64.01, "instrument_name": "BTC-26MAR21-10000-C", "index_price": 10751.12, "direction": "buy", "amount": 0.1}, {"trade_seq": 192, "trade_id": "94465605", "timestamp": 1601929616544, "tick_direction": 1, "price": 0.217, "mark_price": 0.21862465, "iv": 64.01, "instrument_name": "BTC-26MAR21-10000-C", "index_price": 10751.12, "direction": "buy", "amount": 0.1}, {"trade_seq": 191, "trade_id": "94465604", "timestamp": 1601929616544, "tick_direction": 0, "price": 0.217, "mark_price": 0.21862465, "iv": 64.01, "instrument_name": "BTC-26MAR21-10000-C", "index_price": 10751.12, "direction": "buy", "amount": 0.1}, {"trade_seq": 190, "trade_id": "94465419", "timestamp": 1601929556047, "tick_direction": 2, "price": 0.215, "mark_price": 0.21864513, "iv": 63.22, "instrument_name": "BTC-26MAR21-10000-C", "index_price": 10750.17, "direction": "sell", "amount": 0.1}, {"trade_seq": 189, "trade_id": "94433354", "timestamp": 1601886035490, "tick_direction": 0, "price": 0.217, "mark_price": 0.21563214, "iv": 64.92, "instrument_name": "BTC-26MAR21-10000-C", "index_price": 10691.27, "direction": "buy", "amount": 0.1}, {"trade_seq": 188, "trade_id": "94194170", "timestamp": 1601613795967, "tick_direction": 2, "price": 0.214, "mark_price": 0.21240655, "iv": 63.86, "instrument_name": "BTC-26MAR21-10000-C", "index_price": 10642.29, "direction": "buy", "amount": 2.0}, {"trade_seq": 187, "trade_id": "94194096", "timestamp": 1601613713373, "tick_direction": 3, "price": 0.2145, "mark_price": 0.21273918, "iv": 63.94, "instrument_name": "BTC-26MAR21-10000-C", "index_price": 10647.15, "direction": "buy", "amount": 1.9}, {"trade_seq": 186, "trade_id": "94194095", "timestamp": 1601613713373, "tick_direction": 2, "price": 0.2145, "mark_price": 0.21273918, "iv": 63.94, "instrument_name": "BTC-26MAR21-10000-C", "index_price": 10647.15, "direction": "buy", "amount": 0.1}, {"trade_seq": 185, "trade_id": "93861921", "timestamp": 1601303580053, "tick_direction": 0, "price": 0.227, "mark_price": 0.22928909, "iv": 63.49, "instrument_name": "BTC-26MAR21-10000-C", "index_price": 10911.72, "direction": "sell", "amount": 0.1}, {"trade_seq": 184, "trade_id": "93474111", "timestamp": 1600930638884, "tick_direction": 0, "price": 0.21, "mark_price": 0.21130192, "iv": 66.92, "instrument_name": "BTC-26MAR21-10000-C", "index_price": 10288.16, "direction": "sell", "amount": 0.1}, {"trade_seq": 183, "trade_id": "93422051", "timestamp": 1600893042885, "tick_direction": 2, "price": 0.205, "mark_price": 0.2060268, "iv": 65.52, "instrument_name": "BTC-26MAR21-10000-C", "index_price": 10253.71, "direction": "sell", "amount": 0.6}, {"trade_seq": 182, "trade_id": "93265997", "timestamp": 1600757785983, "tick_direction": 2, "price": 0.218, "mark_price": 0.21641046, "iv": 67.42, "instrument_name": "BTC-26MAR21-10000-C", "index_price": 10409.37, "direction": "sell", "amount": 0.1}, {"trade_seq": 181, "trade_id": "93153017", "timestamp": 1600688407830, "tick_direction": 2, "price": 0.2255, "mark_price": 0.22618554, "iv": 66.52, "instrument_name": "BTC-26MAR21-10000-C", "index_price": 10589.58, "direction": "sell", "amount": 0.2}, {"trade_seq": 180, "trade_id": "93143754", "timestamp": 1600685528447, "tick_direction": 2, "price": 0.2275, "mark_price": 0.22874238, "iv": 66.22, "instrument_name": "BTC-26MAR21-10000-C", "index_price": 10652.14, "direction": "sell", "amount": 0.2}, {"trade_seq": 179, "trade_id": "93048499", "timestamp": 1600606959537, "tick_direction": 2, "price": 0.24, "mark_price": 0.24197818, "iv": 67.38, "instrument_name": "BTC-26MAR21-10000-C", "index_price": 10841.04, "direction": "sell", "amount": 10.0}, {"trade_seq": 178, "trade_id": "93035820", "timestamp": 1600596772252, "tick_direction": 2, "price": 0.2465, "mark_price": 0.24773844, "iv": 68.02, "instrument_name": "BTC-26MAR21-10000-C", "index_price": 10959.98, "direction": "sell", "amount": 0.1}, {"trade_seq": 177, "trade_id": "92780099", "timestamp": 1600315015128, "tick_direction": 1, "price": 0.254, "mark_price": 0.25430726, "iv": 71.51, "instrument_name": "BTC-26MAR21-10000-C", "index_price": 10886.78, "direction": "sell", "amount": 2.8}, {"trade_seq": 176, "trade_id": "92780086", "timestamp": 1600315006672, "tick_direction": 1, "price": 0.254, "mark_price": 0.2543329, "iv": 71.5, "instrument_name": "BTC-26MAR21-10000-C", "index_price": 10886.94, "direction": "sell", "amount": 0.2}, {"trade_seq": 175, "trade_id": "92780044", "timestamp": 1600315002108, "tick_direction": 1, "price": 0.254, "mark_price": 0.25454039, "iv": 71.45, "instrument_name": "BTC-26MAR21-10000-C", "index_price": 10890.76, "direction": "sell", "amount": 0.2}, {"trade_seq": 174, "trade_id": "92780042", "timestamp": 1600315001957, "tick_direction": 1, "price": 0.254, "mark_price": 0.25454039, "iv": 71.41, "instrument_name": "BTC-26MAR21-10000-C", "index_price": 10890.76, "direction": "sell", "amount": 0.2}, {"trade_seq": 173, "trade_id": "92780041", "timestamp": 1600315001937, "tick_direction": 1, "price": 0.254, "mark_price": 0.25454039, "iv": 71.41, "instrument_name": "BTC-26MAR21-10000-C", "index_price": 10890.76, "direction": "sell", "amount": 0.3}, {"trade_seq": 172, "trade_id": "92780034", "timestamp": 1600315000965, "tick_direction": 1, "price": 0.254, "mark_price": 0.25453794, "iv": 71.41, "instrument_name": "BTC-26MAR21-10000-C", "index_price": 10892.74, "direction": "sell", "amount": 0.6}, {"trade_seq": 171, "trade_id": "92779987", "timestamp": 1600315000830, "tick_direction": 1, "price": 0.254, "mark_price": 0.25453794, "iv": 71.41, "instrument_name": "BTC-26MAR21-10000-C", "index_price": 10892.74, "direction": "sell", "amount": 0.2}, {"trade_seq": 170, "trade_id": "92779984", "timestamp": 1600315000802, "tick_direction": 1, "price": 0.254, "mark_price": 0.25453794, "iv": 71.41, "instrument_name": "BTC-26MAR21-10000-C", "index_price": 10892.74, "direction": "sell", "amount": 0.2}, {"trade_seq": 169, "trade_id": "92779960", "timestamp": 1600314996603, "tick_direction": 1, "price": 0.254, "mark_price": 0.25452417, "iv": 71.42, "instrument_name": "BTC-26MAR21-10000-C", "index_price": 10892.79, "direction": "sell", "amount": 7.8}, {"trade_seq": 168, "trade_id": "92779885", "timestamp": 1600314915274, "tick_direction": 1, "price": 0.254, "mark_price": 0.25411465, "iv": 71.53, "instrument_name": "BTC-26MAR21-10000-C", "index_price": 10894.76, "direction": "sell", "amount": 10.2}, {"trade_seq": 167, "trade_id": "92590166", "timestamp": 1600177879920, "tick_direction": 0, "price": 0.254, "mark_price": 0.25440026, "iv": 72.67, "instrument_name": "BTC-26MAR21-10000-C", "index_price": 10850.44, "direction": "sell", "amount": 1.0}, {"trade_seq": 166, "trade_id": "92474895", "timestamp": 1600089100209, "tick_direction": 0, "price": 0.245, "mark_price": 0.24211065, "iv": 73.69, "instrument_name": "BTC-26MAR21-10000-C", "index_price": 10587.65, "direction": "buy", "amount": 4.9}, {"trade_seq": 165, "trade_id": "92474894", "timestamp": 1600089100209, "tick_direction": 0, "price": 0.2415, "mark_price": 0.24211065, "iv": 72.37, "instrument_name": "BTC-26MAR21-10000-C", "index_price": 10587.65, "direction": "buy", "amount": 0.1}, {"trade_seq": 164, "trade_id": "92414033", "timestamp": 1600018439819, "tick_direction": 0, "price": 0.2335, "mark_price": 0.22985233, "iv": 74.76, "instrument_name": "BTC-26MAR21-10000-C", "index_price": 10228.07, "direction": "buy", "amount": 0.1}, {"trade_seq": 163, "trade_id": "92408676", "timestamp": 1600014528033, "tick_direction": 0, "price": 0.229, "mark_price": 0.23337684, "iv": 72.7, "instrument_name": "BTC-26MAR21-10000-C", "index_price": 10258.44, "direction": "buy", "amount": 0.1}, {"trade_seq": 162, "trade_id": "92276520", "timestamp": 1599837591996, "tick_direction": 2, "price": 0.228, "mark_price": 0.24160432, "iv": 71.28, "instrument_name": "BTC-26MAR21-10000-C", "index_price": 10329.6, "direction": "sell", "amount": 1.5}, {"trade_seq": 161, "trade_id": "92163149", "timestamp": 1599740436771, "tick_direction": 0, "price": 0.249, "mark_price": 0.24787197, "iv": 77.57, "instrument_name": "BTC-26MAR21-10000-C", "index_price": 10316.76, "direction": "buy", "amount": 0.9}, {"trade_seq": 160, "trade_id": "92163148", "timestamp": 1599740436771, "tick_direction": 0, "price": 0.2485, "mark_price": 0.24787197, "iv": 77.38, "instrument_name": "BTC-26MAR21-10000-C", "index_price": 10316.76, "direction": "buy", "amount": 0.1}, {"trade_seq": 159, "trade_id": "92051809", "timestamp": 1599638127654, "tick_direction": 0, "price": 0.247, "mark_price": 0.24502602, "iv": 78.15, "instrument_name": "BTC-26MAR21-10000-C", "index_price": 10192.92, "direction": "buy", "amount": 1.0}, {"trade_seq": 158, "trade_id": "92051698", "timestamp": 1599637985682, "tick_direction": 0, "price": 0.2465, "mark_price": 0.24506915, "iv": 77.93, "instrument_name": "BTC-26MAR21-10000-C", "index_price": 10196.24, "direction": "buy", "amount": 0.1}, {"trade_seq": 157, "trade_id": "92003501", "timestamp": 1599604466952, "tick_direction": 2, "price": 0.239, "mark_price": 0.24449915, "iv": 75.36, "instrument_name": "BTC-26MAR21-10000-C", "index_price": 10164.99, "direction": "buy", "amount": 0.1}, {"trade_seq": 156, "trade_id": "91971972", "timestamp": 1599592867705, "tick_direction": 3, "price": 0.2395, "mark_price": 0.23690854, "iv": 78.18, "instrument_name": "BTC-26MAR21-10000-C", "index_price": 9996.46, "direction": "buy", "amount": 5.9}, {"trade_seq": 155, "trade_id": "91971971", "timestamp": 1599592867705, "tick_direction": 2, "price": 0.2395, "mark_price": 0.23690854, "iv": 78.18, "instrument_name": "BTC-26MAR21-10000-C", "index_price": 9996.46, "direction": "buy", "amount": 0.1}, {"trade_seq": 154, "trade_id": "91839342", "timestamp": 1599523618774, "tick_direction": 0, "price": 0.2545, "mark_price": 0.25195294, "iv": 77.75, "instrument_name": "BTC-26MAR21-10000-C", "index_price": 10385.05, "direction": "sell", "amount": 0.5}, {"trade_seq": 153, "trade_id": "91758887", "timestamp": 1599483035410, "tick_direction": 2, "price": 0.2285, "mark_price": 0.2265795, "iv": 76.27, "instrument_name": "BTC-26MAR21-10000-C", "index_price": 9884.17, "direction": "sell", "amount": 0.2}, {"trade_seq": 152, "trade_id": "91753668", "timestamp": 1599482072413, "tick_direction": 2, "price": 0.2305, "mark_price": 0.22912639, "iv": 76.16, "instrument_name": "BTC-26MAR21-10000-C", "index_price": 9933.93, "direction": "sell", "amount": 0.2}, {"trade_seq": 151, "trade_id": "91753281", "timestamp": 1599482047857, "tick_direction": 2, "price": 0.2315, "mark_price": 0.23002857, "iv": 76.14, "instrument_name": "BTC-26MAR21-10000-C", "index_price": 9960.03, "direction": "sell", "amount": 0.2}, {"trade_seq": 150, "trade_id": "91732186", "timestamp": 1599476637639, "tick_direction": 2, "price": 0.2355, "mark_price": 0.23683552, "iv": 75.41, "instrument_name": "BTC-26MAR21-10000-C", "index_price": 10121.35, "direction": "buy", "amount": 0.1}, {"trade_seq": 149, "trade_id": "91686324", "timestamp": 1599437621320, "tick_direction": 1, "price": 0.2455, "mark_price": 0.2428279, "iv": 77.02, "instrument_name": "BTC-26MAR21-10000-C", "index_price": 10265.75, "direction": "buy", "amount": 1.4}, {"trade_seq": 148, "trade_id": "91686323", "timestamp": 1599437621320, "tick_direction": 0, "price": 0.2455, "mark_price": 0.2428279, "iv": 77.02, "instrument_name": "BTC-26MAR21-10000-C", "index_price": 10265.75, "direction": "buy", "amount": 0.1}, {"trade_seq": 147, "trade_id": "91682919", "timestamp": 1599435053957, "tick_direction": 3, "price": 0.244, "mark_price": 0.23928589, "iv": 77.12, "instrument_name": "BTC-26MAR21-10000-C", "index_price": 10225.31, "direction": "buy", "amount": 0.9}, {"trade_seq": 146, "trade_id": "91682918", "timestamp": 1599435053957, "tick_direction": 2, "price": 0.244, "mark_price": 0.23928589, "iv": 77.12, "instrument_name": "BTC-26MAR21-10000-C", "index_price": 10225.31, "direction": "buy", "amount": 0.1}, {"trade_seq": 145, "trade_id": "91670031", "timestamp": 1599428472151, "tick_direction": 1, "price": 0.2485, "mark_price": 0.24487214, "iv": 77.29, "instrument_name": "BTC-26MAR21-10000-C", "index_price": 10336.96, "direction": "buy", "amount": 0.4}, {"trade_seq": 144, "trade_id": "91670030", "timestamp": 1599428472151, "tick_direction": 0, "price": 0.2485, "mark_price": 0.24487214, "iv": 77.29, "instrument_name": "BTC-26MAR21-10000-C", "index_price": 10336.96, "direction": "buy", "amount": 0.1}, {"trade_seq": 143, "trade_id": "91663157", "timestamp": 1599419585949, "tick_direction": 1, "price": 0.245, "mark_price": 0.24108791, "iv": 77.15, "instrument_name": "BTC-26MAR21-10000-C", "index_price": 10254.03, "direction": "buy", "amount": 5.9}, {"trade_seq": 142, "trade_id": "91663156", "timestamp": 1599419585949, "tick_direction": 0, "price": 0.245, "mark_price": 0.24108791, "iv": 77.15, "instrument_name": "BTC-26MAR21-10000-C", "index_price": 10254.03, "direction": "buy", "amount": 0.1}, {"trade_seq": 141, "trade_id": "91651847", "timestamp": 1599406249166, "tick_direction": 2, "price": 0.2335, "mark_price": 0.2370478, "iv": 74.36, "instrument_name": "BTC-26MAR21-10000-C", "index_price": 10161.21, "direction": "sell", "amount": 0.1}, {"trade_seq": 140, "trade_id": "91631890", "timestamp": 1599388828577, "tick_direction": 1, "price": 0.2385, "mark_price": 0.2368732, "iv": 75.32, "instrument_name": "BTC-26MAR21-10000-C", "index_price": 10197.7, "direction": "buy", "amount": 18.1}, {"trade_seq": 139, "trade_id": "91631889", "timestamp": 1599388828577, "tick_direction": 0, "price": 0.2385, "mark_price": 0.2368732, "iv": 75.32, "instrument_name": "BTC-26MAR21-10000-C", "index_price": 10197.7, "direction": "buy", "amount": 0.1}, {"trade_seq": 138, "trade_id": "91568213", "timestamp": 1599347060796, "tick_direction": 2, "price": 0.2335, "mark_price": 0.23378914, "iv": 75.42, "instrument_name": "BTC-26MAR21-10000-C", "index_price": 10062.59, "direction": "buy", "amount": 0.1}, {"trade_seq": 137, "trade_id": "91553138", "timestamp": 1599342631784, "tick_direction": 0, "price": 0.235, "mark_price": 0.23387314, "iv": 76.06, "instrument_name": "BTC-26MAR21-10000-C", "index_price": 10064.69, "direction": "buy", "amount": 0.1}, {"trade_seq": 136, "trade_id": "91486114", "timestamp": 1599331990930, "tick_direction": 2, "price": 0.23, "mark_price": 0.23040014, "iv": 74.99, "instrument_name": "BTC-26MAR21-10000-C", "index_price": 9996.43, "direction": "sell", "amount": 0.2}, {"trade_seq": 135, "trade_id": "91485977", "timestamp": 1599331987805, "tick_direction": 2, "price": 0.2305, "mark_price": 0.23051157, "iv": 75.08, "instrument_name": "BTC-26MAR21-10000-C", "index_price": 10001.77, "direction": "sell", "amount": 0.2}, {"trade_seq": 134, "trade_id": "91437908", "timestamp": 1599324626145, "tick_direction": 3, "price": 0.2355, "mark_price": 0.23570479, "iv": 74.81, "instrument_name": "BTC-26MAR21-10000-C", "index_price": 10135.92, "direction": "sell", "amount": 0.2}, {"trade_seq": 133, "trade_id": "91437907", "timestamp": 1599324626145, "tick_direction": 3, "price": 0.2355, "mark_price": 0.23570479, "iv": 74.81, "instrument_name": "BTC-26MAR21-10000-C", "index_price": 10135.92, "direction": "sell", "amount": 0.2}, {"trade_seq": 132, "trade_id": "91437906", "timestamp": 1599324626145, "tick_direction": 2, "price": 0.2355, "mark_price": 0.23570479, "iv": 74.81, "instrument_name": "BTC-26MAR21-10000-C", "index_price": 10135.92, "direction": "sell", "amount": 0.2}, {"trade_seq": 131, "trade_id": "91432636", "timestamp": 1599323871668, "tick_direction": 2, "price": 0.2395, "mark_price": 0.24014748, "iv": 75.07, "instrument_name": "BTC-26MAR21-10000-C", "index_price": 10218.0, "direction": "sell", "amount": 0.2}, {"trade_seq": 130, "trade_id": "91430608", "timestamp": 1599323152529, "tick_direction": 2, "price": 0.2405, "mark_price": 0.24086741, "iv": 75.13, "instrument_name": "BTC-26MAR21-10000-C", "index_price": 10235.67, "direction": "sell", "amount": 0.1}, {"trade_seq": 129, "trade_id": "91414819", "timestamp": 1599315522506, "tick_direction": 2, "price": 0.2425, "mark_price": 0.24091174, "iv": 75.52, "instrument_name": "BTC-26MAR21-10000-C", "index_price": 10264.33, "direction": "sell", "amount": 0.1}, {"trade_seq": 128, "trade_id": "91052715", "timestamp": 1599207594992, "tick_direction": 1, "price": 0.244, "mark_price": 0.25356624, "iv": 74.54, "instrument_name": "BTC-26MAR21-10000-C", "index_price": 10398.99, "direction": "sell", "amount": 2.0}, {"trade_seq": 127, "trade_id": "91023603", "timestamp": 1599203266810, "tick_direction": 0, "price": 0.244, "mark_price": 0.24170586, "iv": 77.35, "instrument_name": "BTC-26MAR21-10000-C", "index_price": 10241.47, "direction": "buy", "amount": 0.7}, {"trade_seq": 126, "trade_id": "91023471", "timestamp": 1599203208676, "tick_direction": 0, "price": 0.2435, "mark_price": 0.24142988, "iv": 77.26, "instrument_name": "BTC-26MAR21-10000-C", "index_price": 10231.09, "direction": "buy", "amount": 0.1}, {"trade_seq": 125, "trade_id": "90961721", "timestamp": 1599179008544, "tick_direction": 3, "price": 0.2375, "mark_price": 0.23269156, "iv": 73.48, "instrument_name": "BTC-26MAR21-10000-C", "index_price": 10322.15, "direction": "buy", "amount": 2.4}, {"trade_seq": 124, "trade_id": "90961720", "timestamp": 1599179008544, "tick_direction": 2, "price": 0.2375, "mark_price": 0.23269156, "iv": 73.48, "instrument_name": "BTC-26MAR21-10000-C", "index_price": 10322.15, "direction": "buy", "amount": 0.1}, {"trade_seq": 123, "trade_id": "90877684", "timestamp": 1599175629653, "tick_direction": 2, "price": 0.24, "mark_price": 0.24231074, "iv": 71.32, "instrument_name": "BTC-26MAR21-10000-C", "index_price": 10472.29, "direction": "sell", "amount": 6.0}, {"trade_seq": 122, "trade_id": "90773754", "timestamp": 1599147486919, "tick_direction": 2, "price": 0.25, "mark_price": 0.24870244, "iv": 74.18, "instrument_name": "BTC-26MAR21-10000-C", "index_price": 10522.96, "direction": "sell", "amount": 0.5}, {"trade_seq": 121, "trade_id": "90652600", "timestamp": 1599135108947, "tick_direction": 2, "price": 0.2705, "mark_price": 0.27371371, "iv": 72.54, "instrument_name": "BTC-26MAR21-10000-C", "index_price": 11104.49, "direction": "sell", "amount": 0.2}, {"trade_seq": 120, "trade_id": "90647405", "timestamp": 1599134991716, "tick_direction": 2, "price": 0.2755, "mark_price": 0.2776512, "iv": 73.04, "instrument_name": "BTC-26MAR21-10000-C", "index_price": 11200.07, "direction": "sell", "amount": 0.2}, {"trade_seq": 119, "trade_id": "90512030", "timestamp": 1599058426364, "tick_direction": 2, "price": 0.2795, "mark_price": 0.28805557, "iv": 72.1, "instrument_name": "BTC-26MAR21-10000-C", "index_price": 11286.72, "direction": "sell", "amount": 0.2}, {"trade_seq": 118, "trade_id": "90511406", "timestamp": 1599058310686, "tick_direction": 3, "price": 0.2805, "mark_price": 0.2872861, "iv": 72.12, "instrument_name": "BTC-26MAR21-10000-C", "index_price": 11305.94, "direction": "sell", "amount": 0.2}, {"trade_seq": 117, "trade_id": "90511405", "timestamp": 1599058310686, "tick_direction": 2, "price": 0.2805, "mark_price": 0.2872861, "iv": 72.12, "instrument_name": "BTC-26MAR21-10000-C", "index_price": 11305.94, "direction": "sell", "amount": 0.2}, {"trade_seq": 116, "trade_id": "90486603", "timestamp": 1599049614093, "tick_direction": 2, "price": 0.2855, "mark_price": 0.28790278, "iv": 72.62, "instrument_name": "BTC-26MAR21-10000-C", "index_price": 11407.64, "direction": "sell", "amount": 0.2}, {"trade_seq": 115, "trade_id": "90483765", "timestamp": 1599048827385, "tick_direction": 2, "price": 0.2875, "mark_price": 0.28863626, "iv": 72.89, "instrument_name": "BTC-26MAR21-10000-C", "index_price": 11430.18, "direction": "sell", "amount": 0.2}, {"trade_seq": 114, "trade_id": "90483712", "timestamp": 1599048788393, "tick_direction": 2, "price": 0.2905, "mark_price": 0.28865798, "iv": 74.04, "instrument_name": "BTC-26MAR21-10000-C", "index_price": 11431.8, "direction": "sell", "amount": 0.2}, {"trade_seq": 113, "trade_id": "90483708", "timestamp": 1599048774375, "tick_direction": 2, "price": 0.2975, "mark_price": 0.28868307, "iv": 76.82, "instrument_name": "BTC-26MAR21-10000-C", "index_price": 11432.04, "direction": "sell", "amount": 0.2}, {"trade_seq": 112, "trade_id": "90483698", "timestamp": 1599048767158, "tick_direction": 1, "price": 0.2995, "mark_price": 0.28867571, "iv": 77.61, "instrument_name": "BTC-26MAR21-10000-C", "index_price": 11431.57, "direction": "sell", "amount": 0.2}, {"trade_seq": 111, "trade_id": "90250117", "timestamp": 1598944062461, "tick_direction": 0, "price": 0.2995, "mark_price": 0.30536028, "iv": 69.22, "instrument_name": "BTC-26MAR21-10000-C", "index_price": 11909.95, "direction": "buy", "amount": 0.2}, {"trade_seq": 110, "trade_id": "90246010", "timestamp": 1598943333537, "tick_direction": 0, "price": 0.2975, "mark_price": 0.30346891, "iv": 69.26, "instrument_name": "BTC-26MAR21-10000-C", "index_price": 11867.74, "direction": "buy", "amount": 0.2}, {"trade_seq": 109, "trade_id": "90241501", "timestamp": 1598941514720, "tick_direction": 0, "price": 0.2955, "mark_price": 0.30174989, "iv": 69.13, "instrument_name": "BTC-26MAR21-10000-C", "index_price": 11825.12, "direction": "buy", "amount": 0.2}, {"trade_seq": 108, "trade_id": "89500348", "timestamp": 1598358315156, "tick_direction": 2, "price": 0.293, "mark_price": 0.29521668, "iv": 72.8, "instrument_name": "BTC-26MAR21-10000-C", "index_price": 11477.45, "direction": "sell", "amount": 0.2}, {"trade_seq": 107, "trade_id": "89305191", "timestamp": 1598098335804, "tick_direction": 0, "price": 0.3015, "mark_price": 0.30427556, "iv": 73.59, "instrument_name": "BTC-26MAR21-10000-C", "index_price": 11587.6, "direction": "buy", "amount": 0.5}, {"trade_seq": 106, "trade_id": "89305189", "timestamp": 1598098330833, "tick_direction": 0, "price": 0.301, "mark_price": 0.30425259, "iv": 73.4, "instrument_name": "BTC-26MAR21-10000-C", "index_price": 11587.45, "direction": "buy", "amount": 0.5}, {"trade_seq": 105, "trade_id": "89303760", "timestamp": 1598095899013, "tick_direction": 0, "price": 0.3005, "mark_price": 0.30139786, "iv": 73.36, "instrument_name": "BTC-26MAR21-10000-C", "index_price": 11562.42, "direction": "buy", "amount": 0.5}, {"trade_seq": 104, "trade_id": "89297372", "timestamp": 1598085147933, "tick_direction": 3, "price": 0.3, "mark_price": 0.30322399, "iv": 72.45, "instrument_name": "BTC-26MAR21-10000-C", "index_price": 11602.41, "direction": "buy", "amount": 0.2}, {"trade_seq": 103, "trade_id": "89297371", "timestamp": 1598085147933, "tick_direction": 3, "price": 0.3, "mark_price": 0.30322399, "iv": 72.45, "instrument_name": "BTC-26MAR21-10000-C", "index_price": 11602.41, "direction": "buy", "amount": 0.2}, {"trade_seq": 102, "trade_id": "89297370", "timestamp": 1598085147933, "tick_direction": 3, "price": 0.3, "mark_price": 0.30322399, "iv": 72.45, "instrument_name": "BTC-26MAR21-10000-C", "index_price": 11602.41, "direction": "buy", "amount": 0.2}, {"trade_seq": 101, "trade_id": "89297369", "timestamp": 1598085147933, "tick_direction": 2, "price": 0.3, "mark_price": 0.30322399, "iv": 72.45, "instrument_name": "BTC-26MAR21-10000-C", "index_price": 11602.41, "direction": "buy", "amount": 0.1}, {"trade_seq": 100, "trade_id": "89221217", "timestamp": 1598035289780, "tick_direction": 0, "price": 0.326, "mark_price": 0.30805831, "iv": 81.72, "instrument_name": "BTC-26MAR21-10000-C", "index_price": 11635.58, "direction": "sell", "amount": 0.9}, {"trade_seq": 99, "trade_id": "88337779", "timestamp": 1597420165261, "tick_direction": 1, "price": 0.3055, "mark_price": 0.30586679, "iv": 69.87, "instrument_name": "BTC-26MAR21-10000-C", "index_price": 11704.53, "direction": "buy", "amount": 0.1}, {"trade_seq": 98, "trade_id": "88337453", "timestamp": 1597419616011, "tick_direction": 0, "price": 0.3055, "mark_price": 0.30602932, "iv": 69.73, "instrument_name": "BTC-26MAR21-10000-C", "index_price": 11712.09, "direction": "buy", "amount": 0.1}, {"trade_seq": 97, "trade_id": "88336776", "timestamp": 1597418641005, "tick_direction": 1, "price": 0.305, "mark_price": 0.30516253, "iv": 69.74, "instrument_name": "BTC-26MAR21-10000-C", "index_price": 11702.14, "direction": "buy", "amount": 0.2}, {"trade_seq": 96, "trade_id": "88336746", "timestamp": 1597418608317, "tick_direction": 0, "price": 0.305, "mark_price": 0.30508923, "iv": 69.75, "instrument_name": "BTC-26MAR21-10000-C", "index_price": 11700.86, "direction": "buy", "amount": 0.2}, {"trade_seq": 95, "trade_id": "88241412", "timestamp": 1597352643364, "tick_direction": 0, "price": 0.2925, "mark_price": 0.29781843, "iv": 65.22, "instrument_name": "BTC-26MAR21-10000-C", "index_price": 11712.08, "direction": "buy", "amount": 0.5}, {"trade_seq": 94, "trade_id": "87944997", "timestamp": 1597176989194, "tick_direction": 2, "price": 0.2855, "mark_price": 0.28711636, "iv": 68.9, "instrument_name": "BTC-26MAR21-10000-C", "index_price": 11308.71, "direction": "sell", "amount": 0.2}, {"trade_seq": 93, "trade_id": "87910611", "timestamp": 1597163806383, "tick_direction": 2, "price": 0.2875, "mark_price": 0.28963674, "iv": 68.68, "instrument_name": "BTC-26MAR21-10000-C", "index_price": 11363.41, "direction": "sell", "amount": 0.2}, {"trade_seq": 92, "trade_id": "87848188", "timestamp": 1597150436295, "tick_direction": 2, "price": 0.2985, "mark_price": 0.30155469, "iv": 67.84, "instrument_name": "BTC-26MAR21-10000-C", "index_price": 11659.8, "direction": "sell", "amount": 0.3}, {"trade_seq": 91, "trade_id": "87846452", "timestamp": 1597149862341, "tick_direction": 2, "price": 0.2995, "mark_price": 0.30302525, "iv": 67.79, "instrument_name": "BTC-26MAR21-10000-C", "index_price": 11681.06, "direction": "sell", "amount": 0.3}, {"trade_seq": 90, "trade_id": "87673555", "timestamp": 1597036686875, "tick_direction": 0, "price": 0.311, "mark_price": 0.32120034, "iv": 66.95, "instrument_name": "BTC-26MAR21-10000-C", "index_price": 11981.99, "direction": "sell", "amount": 0.5}, {"trade_seq": 89, "trade_id": "87601616", "timestamp": 1596982248323, "tick_direction": 0, "price": 0.2985, "mark_price": 0.30261599, "iv": 68.93, "instrument_name": "BTC-26MAR21-10000-C", "index_price": 11564.05, "direction": "sell", "amount": 1.8}, {"trade_seq": 88, "trade_id": "87044025", "timestamp": 1596559447888, "tick_direction": 0, "price": 0.2785, "mark_price": 0.28275094, "iv": 67.12, "instrument_name": "BTC-26MAR21-10000-C", "index_price": 11174.9, "direction": "sell", "amount": 10.0}, {"trade_seq": 87, "trade_id": "87021916", "timestamp": 1596542029407, "tick_direction": 2, "price": 0.2705, "mark_price": 0.27370052, "iv": 65.6, "instrument_name": "BTC-26MAR21-10000-C", "index_price": 11097.17, "direction": "sell", "amount": 0.3}, {"trade_seq": 86, "trade_id": "87020779", "timestamp": 1596542006292, "tick_direction": 2, "price": 0.2755, "mark_price": 0.27434314, "iv": 67.14, "instrument_name": "BTC-26MAR21-10000-C", "index_price": 11109.91, "direction": "sell", "amount": 0.2}, {"trade_seq": 85, "trade_id": "87005497", "timestamp": 1596536365802, "tick_direction": 0, "price": 0.279, "mark_price": 0.27962893, "iv": 66.29, "instrument_name": "BTC-26MAR21-10000-C", "index_price": 11247.56, "direction": "sell", "amount": 0.5}, {"trade_seq": 84, "trade_id": "86811251", "timestamp": 1596404137174, "tick_direction": 2, "price": 0.276, "mark_price": 0.27753854, "iv": 67.07, "instrument_name": "BTC-26MAR21-10000-C", "index_price": 11085.46, "direction": "sell", "amount": 5.0}, {"trade_seq": 83, "trade_id": "86564993", "timestamp": 1596321940055, "tick_direction": 0, "price": 0.3035, "mark_price": 0.31118231, "iv": 65.49, "instrument_name": "BTC-26MAR21-10000-C", "index_price": 11766.35, "direction": "buy", "amount": 0.1}, {"trade_seq": 82, "trade_id": "86401888", "timestamp": 1596241546688, "tick_direction": 0, "price": 0.2845, "mark_price": 0.2858336, "iv": 65.85, "instrument_name": "BTC-26MAR21-10000-C", "index_price": 11294.1, "direction": "sell", "amount": 0.1}, {"trade_seq": 81, "trade_id": "86268416", "timestamp": 1596166484903, "tick_direction": 3, "price": 0.276, "mark_price": 0.27700577, "iv": 66.6, "instrument_name": "BTC-26MAR21-10000-C", "index_price": 11023.04, "direction": "sell", "amount": 1.0}, {"trade_seq": 80, "trade_id": "86266743", "timestamp": 1596163622666, "tick_direction": 2, "price": 0.276, "mark_price": 0.27625275, "iv": 66.77, "instrument_name": "BTC-26MAR21-10000-C", "index_price": 11010.71, "direction": "sell", "amount": 1.0}, {"trade_seq": 79, "trade_id": "86241239", "timestamp": 1596142866495, "tick_direction": 2, "price": 0.283, "mark_price": 0.28240154, "iv": 67.38, "instrument_name": "BTC-26MAR21-10000-C", "index_price": 11162.5, "direction": "sell", "amount": 3.0}, {"trade_seq": 78, "trade_id": "86241225", "timestamp": 1596142849194, "tick_direction": 0, "price": 0.2835, "mark_price": 0.28233259, "iv": 67.59, "instrument_name": "BTC-26MAR21-10000-C", "index_price": 11159.71, "direction": "sell", "amount": 2.7}, {"trade_seq": 77, "trade_id": "86182984", "timestamp": 1596094260601, "tick_direction": 2, "price": 0.275, "mark_price": 0.27586283, "iv": 67.05, "instrument_name": "BTC-26MAR21-10000-C", "index_price": 10963.11, "direction": "sell", "amount": 0.2}, {"trade_seq": 76, "trade_id": "86125358", "timestamp": 1596059173928, "tick_direction": 0, "price": 0.289, "mark_price": 0.28792387, "iv": 67.91, "instrument_name": "BTC-26MAR21-10000-C", "index_price": 11253.87, "direction": "buy", "amount": 0.5}, {"trade_seq": 75, "trade_id": "85971890", "timestamp": 1595966766850, "tick_direction": 0, "price": 0.2805, "mark_price": 0.2849432, "iv": 68.02, "instrument_name": "BTC-26MAR21-10000-C", "index_price": 11001.33, "direction": "sell", "amount": 10.0}, {"trade_seq": 74, "trade_id": "85530750", "timestamp": 1595855001036, "tick_direction": 2, "price": 0.247, "mark_price": 0.25374773, "iv": 65.95, "instrument_name": "BTC-26MAR21-10000-C", "index_price": 10293.68, "direction": "sell", "amount": 0.2}, {"trade_seq": 73, "trade_id": "85529734", "timestamp": 1595854705428, "tick_direction": 2, "price": 0.2495, "mark_price": 0.25329257, "iv": 66.96, "instrument_name": "BTC-26MAR21-10000-C", "index_price": 10288.32, "direction": "sell", "amount": 0.2}, {"trade_seq": 72, "trade_id": "85511623", "timestamp": 1595847878866, "tick_direction": 2, "price": 0.26, "mark_price": 0.26287363, "iv": 70.32, "instrument_name": "BTC-26MAR21-10000-C", "index_price": 10300.0, "direction": "buy", "amount": 0.5}, {"trade_seq": 71, "trade_id": "85469100", "timestamp": 1595830330189, "tick_direction": 0, "price": 0.263, "mark_price": 0.26446923, "iv": 71.37, "instrument_name": "BTC-26MAR21-10000-C", "index_price": 10286.72, "direction": "buy", "amount": 1.0}, {"trade_seq": 70, "trade_id": "85445538", "timestamp": 1595824196198, "tick_direction": 0, "price": 0.258, "mark_price": 0.26490713, "iv": 71.0, "instrument_name": "BTC-26MAR21-10000-C", "index_price": 10221.93, "direction": "sell", "amount": 11.0}, {"trade_seq": 69, "trade_id": "85354628", "timestamp": 1595777834343, "tick_direction": 0, "price": 0.2335, "mark_price": 0.23647047, "iv": 68.09, "instrument_name": "BTC-26MAR21-10000-C", "index_price": 9934.36, "direction": "sell", "amount": 0.1}, {"trade_seq": 68, "trade_id": "84967964", "timestamp": 1595348678852, "tick_direction": 0, "price": 0.222, "mark_price": 0.2209587, "iv": 72.71, "instrument_name": "BTC-26MAR21-10000-C", "index_price": 9351.58, "direction": "buy", "block_trade_id": "1552", "amount": 30.0}, {"trade_seq": 67, "trade_id": "84892746", "timestamp": 1595256681009, "tick_direction": 0, "price": 0.214, "mark_price": 0.21249595, "iv": 72.61, "instrument_name": "BTC-26MAR21-10000-C", "index_price": 9171.39, "direction": "buy", "amount": 12.8}, {"trade_seq": 66, "trade_id": "84888895", "timestamp": 1595247696170, "tick_direction": 0, "price": 0.2135, "mark_price": 0.21150003, "iv": 72.52, "instrument_name": "BTC-26MAR21-10000-C", "index_price": 9162.99, "direction": "buy", "amount": 10.0}, {"trade_seq": 65, "trade_id": "84887164", "timestamp": 1595244050218, "tick_direction": 1, "price": 0.2125, "mark_price": 0.21170254, "iv": 72.21, "instrument_name": "BTC-26MAR21-10000-C", "index_price": 9160.48, "direction": "buy", "amount": 0.4}, {"trade_seq": 64, "trade_id": "84887163", "timestamp": 1595244050111, "tick_direction": 0, "price": 0.2125, "mark_price": 0.21170254, "iv": 72.21, "instrument_name": "BTC-26MAR21-10000-C", "index_price": 9160.48, "direction": "buy", "amount": 10.0}, {"trade_seq": 63, "trade_id": "84882170", "timestamp": 1595239487042, "tick_direction": 2, "price": 0.212, "mark_price": 0.21414682, "iv": 71.67, "instrument_name": "BTC-26MAR21-10000-C", "index_price": 9186.21, "direction": "sell", "amount": 0.5}, {"trade_seq": 62, "trade_id": "84879862", "timestamp": 1595228077105, "tick_direction": 0, "price": 0.2125, "mark_price": 0.212503, "iv": 71.84, "instrument_name": "BTC-26MAR21-10000-C", "index_price": 9183.7, "direction": "buy", "amount": 2.0}, {"trade_seq": 61, "trade_id": "84861632", "timestamp": 1595188543051, "tick_direction": 3, "price": 0.2115, "mark_price": 0.21089656, "iv": 71.75, "instrument_name": "BTC-26MAR21-10000-C", "index_price": 9168.2, "direction": "buy", "amount": 10.1}, {"trade_seq": 60, "trade_id": "84861531", "timestamp": 1595188328597, "tick_direction": 2, "price": 0.2115, "mark_price": 0.2105704, "iv": 71.79, "instrument_name": "BTC-26MAR21-10000-C", "index_price": 9165.14, "direction": "buy", "amount": 0.1}, {"trade_seq": 59, "trade_id": "84854743", "timestamp": 1595172660802, "tick_direction": 2, "price": 0.212, "mark_price": 0.21340645, "iv": 72.29, "instrument_name": "BTC-26MAR21-10000-C", "index_price": 9138.3, "direction": "buy", "amount": 13.5}, {"trade_seq": 58, "trade_id": "84809685", "timestamp": 1595021186268, "tick_direction": 2, "price": 0.2155, "mark_price": 0.21689642, "iv": 73.09, "instrument_name": "BTC-26MAR21-10000-C", "index_price": 9157.49, "direction": "sell", "amount": 0.2}, {"trade_seq": 57, "trade_id": "84807549", "timestamp": 1595015214481, "tick_direction": 2, "price": 0.22, "mark_price": 0.22089555, "iv": 74.28, "instrument_name": "BTC-26MAR21-10000-C", "index_price": 9166.88, "direction": "sell", "amount": 1.0}, {"trade_seq": 56, "trade_id": "84804776", "timestamp": 1595004855754, "tick_direction": 2, "price": 0.2225, "mark_price": 0.22124621, "iv": 75.19, "instrument_name": "BTC-26MAR21-10000-C", "index_price": 9146.61, "direction": "sell", "amount": 2.0}, {"trade_seq": 55, "trade_id": "84804416", "timestamp": 1595004075138, "tick_direction": 3, "price": 0.223, "mark_price": 0.22256424, "iv": 75.28, "instrument_name": "BTC-26MAR21-10000-C", "index_price": 9151.28, "direction": "buy", "amount": 0.9}, {"trade_seq": 54, "trade_id": "84804415", "timestamp": 1595004075138, "tick_direction": 2, "price": 0.223, "mark_price": 0.22256424, "iv": 75.28, "instrument_name": "BTC-26MAR21-10000-C", "index_price": 9151.28, "direction": "buy", "amount": 0.1}, {"trade_seq": 53, "trade_id": "84711379", "timestamp": 1594830992944, "tick_direction": 2, "price": 0.2235, "mark_price": 0.22577539, "iv": 74.56, "instrument_name": "BTC-26MAR21-10000-C", "index_price": 9192.74, "direction": "sell", "amount": 0.2}, {"trade_seq": 52, "trade_id": "84670893", "timestamp": 1594734032526, "tick_direction": 2, "price": 0.225, "mark_price": 0.2265548, "iv": 74.67, "instrument_name": "BTC-26MAR21-10000-C", "index_price": 9213.18, "direction": "buy", "amount": 0.5}, {"trade_seq": 51, "trade_id": "84668295", "timestamp": 1594729511749, "tick_direction": 0, "price": 0.229, "mark_price": 0.22654029, "iv": 75.84, "instrument_name": "BTC-26MAR21-10000-C", "index_price": 9223.78, "direction": "buy", "amount": 2.0}, {"trade_seq": 50, "trade_id": "84666560", "timestamp": 1594727618100, "tick_direction": 0, "price": 0.226, "mark_price": 0.22488766, "iv": 74.87, "instrument_name": "BTC-26MAR21-10000-C", "index_price": 9224.43, "direction": "buy", "amount": 10.0}, {"trade_seq": 49, "trade_id": "84658422", "timestamp": 1594725612373, "tick_direction": 2, "price": 0.225, "mark_price": 0.22573188, "iv": 75.37, "instrument_name": "BTC-26MAR21-10000-C", "index_price": 9166.06, "direction": "sell", "amount": 0.5}, {"trade_seq": 48, "trade_id": "84642595", "timestamp": 1594697972778, "tick_direction": 2, "price": 0.2255, "mark_price": 0.2255171, "iv": 74.8, "instrument_name": "BTC-26MAR21-10000-C", "index_price": 9222.41, "direction": "buy", "amount": 2.0}, {"trade_seq": 47, "trade_id": "84637559", "timestamp": 1594682765509, "tick_direction": 0, "price": 0.2305, "mark_price": 0.22769395, "iv": 76.31, "instrument_name": "BTC-26MAR21-10000-C", "index_price": 9229.38, "direction": "buy", "amount": 0.1}, {"trade_seq": 46, "trade_id": "84628993", "timestamp": 1594668842558, "tick_direction": 2, "price": 0.2275, "mark_price": 0.22867448, "iv": 75.52, "instrument_name": "BTC-26MAR21-10000-C", "index_price": 9211.76, "direction": "sell", "amount": 0.4}, {"trade_seq": 45, "trade_id": "84616461", "timestamp": 1594651681917, "tick_direction": 0, "price": 0.2325, "mark_price": 0.2304448, "iv": 75.68, "instrument_name": "BTC-26MAR21-10000-C", "index_price": 9321.52, "direction": "buy", "amount": 0.2}, {"trade_seq": 44, "trade_id": "84531091", "timestamp": 1594502808909, "tick_direction": 0, "price": 0.2295, "mark_price": 0.22728855, "iv": 76.06, "instrument_name": "BTC-26MAR21-10000-C", "index_price": 9214.95, "direction": "buy", "amount": 0.1}, {"trade_seq": 43, "trade_id": "84500812", "timestamp": 1594423171675, "tick_direction": 0, "price": 0.229, "mark_price": 0.22836395, "iv": 74.97, "instrument_name": "BTC-26MAR21-10000-C", "index_price": 9279.04, "direction": "buy", "amount": 7.5}, {"trade_seq": 42, "trade_id": "84466609", "timestamp": 1594365663647, "tick_direction": 2, "price": 0.2275, "mark_price": 0.22874222, "iv": 75.91, "instrument_name": "BTC-26MAR21-10000-C", "index_price": 9144.27, "direction": "sell", "amount": 0.6}, {"trade_seq": 41, "trade_id": "84369697", "timestamp": 1594230698221, "tick_direction": 0, "price": 0.2405, "mark_price": 0.23675517, "iv": 76.36, "instrument_name": "BTC-26MAR21-10000-C", "index_price": 9429.13, "direction": "buy", "amount": 1.0}, {"trade_seq": 40, "trade_id": "84368417", "timestamp": 1594226670042, "tick_direction": 0, "price": 0.2395, "mark_price": 0.2364897, "iv": 76.17, "instrument_name": "BTC-26MAR21-10000-C", "index_price": 9415.27, "direction": "buy", "amount": 1.0}, {"trade_seq": 39, "trade_id": "84341815", "timestamp": 1594207863685, "tick_direction": 0, "price": 0.234, "mark_price": 0.23051027, "iv": 76.04, "instrument_name": "BTC-26MAR21-10000-C", "index_price": 9293.44, "direction": "buy", "amount": 0.2}, {"trade_seq": 38, "trade_id": "84307500", "timestamp": 1594144850237, "tick_direction": 2, "price": 0.2285, "mark_price": 0.22753087, "iv": 74.51, "instrument_name": "BTC-26MAR21-10000-C", "index_price": 9284.06, "direction": "buy", "amount": 1.0}, {"trade_seq": 37, "trade_id": "84303994", "timestamp": 1594133663650, "tick_direction": 2, "price": 0.2325, "mark_price": 0.22927491, "iv": 76.03, "instrument_name": "BTC-26MAR21-10000-C", "index_price": 9255.18, "direction": "buy", "amount": 1.0}, {"trade_seq": 36, "trade_id": "84299955", "timestamp": 1594126739170, "tick_direction": 0, "price": 0.2345, "mark_price": 0.23115505, "iv": 76.33, "instrument_name": "BTC-26MAR21-10000-C", "index_price": 9270.63, "direction": "buy", "amount": 1.0}, {"trade_seq": 35, "trade_id": "84293443", "timestamp": 1594113978301, "tick_direction": 0, "price": 0.231, "mark_price": 0.22932837, "iv": 75.59, "instrument_name": "BTC-26MAR21-10000-C", "index_price": 9245.46, "direction": "buy", "amount": 2.0}, {"trade_seq": 34, "trade_id": "84292791", "timestamp": 1594113558826, "tick_direction": 2, "price": 0.2265, "mark_price": 0.22875942, "iv": 74.16, "instrument_name": "BTC-26MAR21-10000-C", "index_price": 9252.16, "direction": "sell", "amount": 3.0}, {"trade_seq": 33, "trade_id": "84290848", "timestamp": 1594108951677, "tick_direction": 2, "price": 0.2285, "mark_price": 0.2288764, "iv": 74.7, "instrument_name": "BTC-26MAR21-10000-C", "index_price": 9252.22, "direction": "buy", "amount": 2.0}, {"trade_seq": 32, "trade_id": "84288258", "timestamp": 1594102897160, "tick_direction": 0, "price": 0.231, "mark_price": 0.2292407, "iv": 75.38, "instrument_name": "BTC-26MAR21-10000-C", "index_price": 9261.81, "direction": "buy", "amount": 2.0}, {"trade_seq": 31, "trade_id": "84257437", "timestamp": 1594061007177, "tick_direction": 0, "price": 0.229, "mark_price": 0.23008069, "iv": 74.2, "instrument_name": "BTC-26MAR21-10000-C", "index_price": 9297.67, "direction": "sell", "amount": 5.0}, {"trade_seq": 30, "trade_id": "84225645", "timestamp": 1594033130854, "tick_direction": 0, "price": 0.2265, "mark_price": 0.22516814, "iv": 74.8, "instrument_name": "BTC-26MAR21-10000-C", "index_price": 9193.0, "direction": "buy", "amount": 0.1}, {"trade_seq": 29, "trade_id": "84174692", "timestamp": 1593962199242, "tick_direction": 3, "price": 0.219, "mark_price": 0.22130909, "iv": 74.19, "instrument_name": "BTC-26MAR21-10000-C", "index_price": 9056.32, "direction": "sell", "amount": 4.9}, {"trade_seq": 28, "trade_id": "84174691", "timestamp": 1593962199242, "tick_direction": 2, "price": 0.219, "mark_price": 0.22130909, "iv": 74.19, "instrument_name": "BTC-26MAR21-10000-C", "index_price": 9056.32, "direction": "sell", "amount": 0.1}, {"trade_seq": 27, "trade_id": "84144830", "timestamp": 1593892564758, "tick_direction": 1, "price": 0.229, "mark_price": 0.22549911, "iv": 76.03, "instrument_name": "BTC-26MAR21-10000-C", "index_price": 9132.71, "direction": "buy", "amount": 1.2}, {"trade_seq": 26, "trade_id": "84144829", "timestamp": 1593892564758, "tick_direction": 0, "price": 0.229, "mark_price": 0.22549911, "iv": 76.03, "instrument_name": "BTC-26MAR21-10000-C", "index_price": 9132.71, "direction": "buy", "amount": 0.1}, {"trade_seq": 25, "trade_id": "84118446", "timestamp": 1593844328460, "tick_direction": 3, "price": 0.2255, "mark_price": 0.2227493, "iv": 75.58, "instrument_name": "BTC-26MAR21-10000-C", "index_price": 9086.09, "direction": "buy", "amount": 1.9}, {"trade_seq": 24, "trade_id": "84118445", "timestamp": 1593844328460, "tick_direction": 2, "price": 0.2255, "mark_price": 0.2227493, "iv": 75.58, "instrument_name": "BTC-26MAR21-10000-C", "index_price": 9086.09, "direction": "buy", "amount": 0.1}, {"trade_seq": 23, "trade_id": "84087735", "timestamp": 1593772905334, "tick_direction": 0, "price": 0.2265, "mark_price": 0.22357404, "iv": 75.69, "instrument_name": "BTC-26MAR21-10000-C", "index_price": 9081.14, "direction": "buy", "amount": 20.0}, {"trade_seq": 22, "trade_id": "84024397", "timestamp": 1593702975330, "tick_direction": 2, "price": 0.2215, "mark_price": 0.22354567, "iv": 74.47, "instrument_name": "BTC-26MAR21-10000-C", "index_price": 9061.27, "direction": "sell", "amount": 1.0}, {"trade_seq": 21, "trade_id": "83986313", "timestamp": 1593664191166, "tick_direction": 0, "price": 0.232, "mark_price": 0.23025786, "iv": 75.27, "instrument_name": "BTC-26MAR21-10000-C", "index_price": 9242.01, "direction": "buy", "amount": 0.9}, {"trade_seq": 20, "trade_id": "83986312", "timestamp": 1593664191166, "tick_direction": 0, "price": 0.2315, "mark_price": 0.23025786, "iv": 75.12, "instrument_name": "BTC-26MAR21-10000-C", "index_price": 9242.01, "direction": "buy", "amount": 0.1}, {"trade_seq": 19, "trade_id": "83973172", "timestamp": 1593637677401, "tick_direction": 2, "price": 0.2275, "mark_price": 0.22845543, "iv": 73.89, "instrument_name": "BTC-26MAR21-10000-C", "index_price": 9237.35, "direction": "sell", "amount": 4.7}, {"trade_seq": 18, "trade_id": "83973135", "timestamp": 1593637604042, "tick_direction": 0, "price": 0.2295, "mark_price": 0.23011545, "iv": 74.48, "instrument_name": "BTC-26MAR21-10000-C", "index_price": 9238.11, "direction": "sell", "amount": 1.0}, {"trade_seq": 17, "trade_id": "83892217", "timestamp": 1593526457390, "tick_direction": 0, "price": 0.228, "mark_price": 0.22576706, "iv": 75.22, "instrument_name": "BTC-26MAR21-10000-C", "index_price": 9142.92, "direction": "buy", "amount": 1.8}, {"trade_seq": 16, "trade_id": "83821677", "timestamp": 1593428545894, "tick_direction": 1, "price": 0.227, "mark_price": 0.22607762, "iv": 75.48, "instrument_name": "BTC-26MAR21-10000-C", "index_price": 9102.42, "direction": "buy", "amount": 0.4}, {"trade_seq": 15, "trade_id": "83821676", "timestamp": 1593428545894, "tick_direction": 0, "price": 0.227, "mark_price": 0.22607762, "iv": 75.48, "instrument_name": "BTC-26MAR21-10000-C", "index_price": 9102.42, "direction": "buy", "amount": 0.1}, {"trade_seq": 14, "trade_id": "83752723", "timestamp": 1593333131942, "tick_direction": 2, "price": 0.2215, "mark_price": 0.21962302, "iv": 75.03, "instrument_name": "BTC-26MAR21-10000-C", "index_price": 9005.76, "direction": "buy", "amount": 0.1}, {"trade_seq": 13, "trade_id": "83742771", "timestamp": 1593315268134, "tick_direction": 2, "price": 0.2245, "mark_price": 0.22050803, "iv": 76.28, "instrument_name": "BTC-26MAR21-10000-C", "index_price": 8962.98, "direction": "buy", "amount": 1.0}, {"trade_seq": 12, "trade_id": "83723067", "timestamp": 1593296176460, "tick_direction": 2, "price": 0.228, "mark_price": 0.22389112, "iv": 76.36, "instrument_name": "BTC-26MAR21-10000-C", "index_price": 9045.8, "direction": "buy", "amount": 0.1}, {"trade_seq": 11, "trade_id": "83594511", "timestamp": 1593181249373, "tick_direction": 3, "price": 0.2295, "mark_price": 0.23013903, "iv": 75.98, "instrument_name": "BTC-26MAR21-10000-C", "index_price": 9076.77, "direction": "sell", "amount": 0.2}, {"trade_seq": 10, "trade_id": "83594510", "timestamp": 1593181249373, "tick_direction": 2, "price": 0.2295, "mark_price": 0.23013903, "iv": 75.98, "instrument_name": "BTC-26MAR21-10000-C", "index_price": 9076.77, "direction": "sell", "amount": 0.5}, {"trade_seq": 9, "trade_id": "83515051", "timestamp": 1593130781213, "tick_direction": 1, "price": 0.2355, "mark_price": 0.23673133, "iv": 75.82, "instrument_name": "BTC-26MAR21-10000-C", "index_price": 9198.82, "direction": "sell", "amount": 0.5}, {"trade_seq": 8, "trade_id": "83493439", "timestamp": 1593108747129, "tick_direction": 0, "price": 0.2355, "mark_price": 0.2396353, "iv": 74.86, "instrument_name": "BTC-26MAR21-10000-C", "index_price": 9270.35, "direction": "sell", "amount": 1.0}, {"trade_seq": 7, "trade_id": "83483139", "timestamp": 1593097208805, "tick_direction": 0, "price": 0.2325, "mark_price": 0.23692085, "iv": 74.57, "instrument_name": "BTC-26MAR21-10000-C", "index_price": 9245.25, "direction": "sell", "amount": 1.0}, {"trade_seq": 6, "trade_id": "83476474", "timestamp": 1593091763238, "tick_direction": 3, "price": 0.2295, "mark_price": 0.2347262, "iv": 73.86, "instrument_name": "BTC-26MAR21-10000-C", "index_price": 9226.82, "direction": "sell", "amount": 14.7}, {"trade_seq": 5, "trade_id": "83476473", "timestamp": 1593091763238, "tick_direction": 2, "price": 0.2295, "mark_price": 0.2347262, "iv": 73.86, "instrument_name": "BTC-26MAR21-10000-C", "index_price": 9226.82, "direction": "sell", "amount": 7.0}, {"trade_seq": 4, "trade_id": "83476469", "timestamp": 1593091648933, "tick_direction": 2, "price": 0.2305, "mark_price": 0.23565511, "iv": 74.15, "instrument_name": "BTC-26MAR21-10000-C", "index_price": 9227.01, "direction": "buy", "amount": 0.1}, {"trade_seq": 3, "trade_id": "83476452", "timestamp": 1593091629012, "tick_direction": 3, "price": 0.231, "mark_price": 0.23570523, "iv": 74.3, "instrument_name": "BTC-26MAR21-10000-C", "index_price": 9227.4, "direction": "sell", "amount": 20.0}, {"trade_seq": 2, "trade_id": "83476451", "timestamp": 1593091629012, "tick_direction": 2, "price": 0.231, "mark_price": 0.23570523, "iv": 74.3, "instrument_name": "BTC-26MAR21-10000-C", "index_price": 9227.4, "direction": "sell", "amount": 7.0}, {"trade_seq": 1, "trade_id": "83476274", "timestamp": 1593091314657, "tick_direction": 1, "price": 0.2345, "mark_price": 0.23674724, "iv": 75.41, "instrument_name": "BTC-26MAR21-10000-C", "index_price": 9218.47, "direction": "sell", "amount": 11.3}], "has_more": false}