{"trades": [{"trade_seq": 1367, "trade_id": "237665601", "timestamp": 1670949751157, "tick_direction": 3, "price": 0.0005, "mark_price": 0.00018218, "iv": 116.72, "instrument_name": "BTC-30DEC22-34000-C", "index_price": 17798.21, "direction": "buy", "amount": 2.7}, {"trade_seq": 1366, "trade_id": "237665600", "timestamp": 1670949751157, "tick_direction": 2, "price": 0.0005, "mark_price": 0.00018218, "iv": 116.72, "instrument_name": "BTC-30DEC22-34000-C", "index_price": 17798.21, "direction": "buy", "amount": 0.1}, {"trade_seq": 1365, "trade_id": "237548911", "timestamp": 1670767745389, "tick_direction": 1, "price": 0.0005, "mark_price": 0.0002007, "iv": 115.51, "instrument_name": "BTC-30DEC22-34000-C", "index_price": 17148.7, "direction": "buy", "amount": 0.3}, {"trade_seq": 1364, "trade_id": "237536116", "timestamp": 1670697091774, "tick_direction": 0, "price": 0.0005, "mark_price": 0.00026049, "iv": 112.71, "instrument_name": "BTC-30DEC22-34000-C", "index_price": 17192.74, "direction": "buy", "amount": 1.0}, {"trade_seq": 1363, "trade_id": "237372896", "timestamp": 1670344333915, "tick_direction": 3, "price": 0.0002, "mark_price": 0.0001677, "iv": 94.7, "instrument_name": "BTC-30DEC22-34000-C", "index_price": 17013.57, "direction": "buy", "combo_id": "BTC-CS-30DEC22-32000_34000", "block_trade_id": "58216", "amount": 27.5}, {"trade_seq": 1362, "trade_id": "237372610", "timestamp": 1670343889404, "tick_direction": 2, "price": 0.0002, "mark_price": 0.0001642, "iv": 94.87, "instrument_name": "BTC-30DEC22-34000-C", "index_price": 16992.38, "direction": "sell", "combo_id": "BTC-CS-30DEC22-34000_36000", "block_trade_id": "58215", "amount": 40.1}, {"trade_seq": 1361, "trade_id": "237014158", "timestamp": 1669837668515, "tick_direction": 3, "price": 0.0005, "mark_price": 0.00052756, "iv": 92.65, "instrument_name": "BTC-30DEC22-34000-C", "index_price": 17040.43, "direction": "sell", "amount": 1.0}, {"trade_seq": 1360, "trade_id": "236981841", "timestamp": 1669817825837, "tick_direction": 3, "price": 0.0005, "mark_price": 0.0004561, "iv": 93.8, "instrument_name": "BTC-30DEC22-34000-C", "index_price": 16830.41, "direction": "buy", "amount": 1.0}, {"trade_seq": 1359, "trade_id": "236971120", "timestamp": 1669796304344, "tick_direction": 3, "price": 0.0005, "mark_price": 0.00050405, "iv": 92.82, "instrument_name": "BTC-30DEC22-34000-C", "index_price": 16900.94, "direction": "buy", "amount": 1.0}, {"trade_seq": 1358, "trade_id": "236734228", "timestamp": 1669382984544, "tick_direction": 3, "price": 0.0005, "mark_price": 0.00072149, "iv": 89.12, "instrument_name": "BTC-30DEC22-34000-C", "index_price": 16495.8, "direction": "sell", "amount": 4.0}, {"trade_seq": 1357, "trade_id": "236702010", "timestamp": 1669334597979, "tick_direction": 3, "price": 0.0005, "mark_price": 0.00072004, "iv": 88.12, "instrument_name": "BTC-30DEC22-34000-C", "index_price": 16573.78, "direction": "sell", "amount": 3.0}, {"trade_seq": 1356, "trade_id": "236702009", "timestamp": 1669334597979, "tick_direction": 2, "price": 0.0005, "mark_price": 0.00072004, "iv": 88.12, "instrument_name": "BTC-30DEC22-34000-C", "index_price": 16573.78, "direction": "sell", "amount": 5.0}, {"trade_seq": 1355, "trade_id": "236575662", "timestamp": 1669145617695, "tick_direction": 0, "price": 0.001, "mark_price": 0.00091521, "iv": 95.2, "instrument_name": "BTC-30DEC22-34000-C", "index_price": 16176.88, "direction": "sell", "amount": 10.0}, {"trade_seq": 1354, "trade_id": "236374618", "timestamp": 1668935775106, "tick_direction": 3, "price": 0.0005, "mark_price": 0.0008498, "iv": 83.02, "instrument_name": "BTC-30DEC22-34000-C", "index_price": 16607.29, "direction": "sell", "amount": 5.0}, {"trade_seq": 1353, "trade_id": "236353770", "timestamp": 1668864532118, "tick_direction": 2, "price": 0.0005, "mark_price": 0.00071902, "iv": 82.18, "instrument_name": "BTC-30DEC22-34000-C", "index_price": 16629.19, "direction": "sell", "amount": 0.1}, {"trade_seq": 1352, "trade_id": "236341256", "timestamp": 1668823690433, "tick_direction": 3, "price": 0.001, "mark_price": 0.00121843, "iv": 88.34, "instrument_name": "BTC-30DEC22-34000-C", "index_price": 16613.96, "direction": "sell", "amount": 3.0}, {"trade_seq": 1351, "trade_id": "236321428", "timestamp": 1668785214617, "tick_direction": 2, "price": 0.001, "mark_price": 0.00122841, "iv": 87.59, "instrument_name": "BTC-30DEC22-34000-C", "index_price": 16656.11, "direction": "sell", "amount": 3.0}, {"trade_seq": 1350, "trade_id": "236312356", "timestamp": 1668775248346, "tick_direction": 0, "price": 0.0015, "mark_price": 0.0012328, "iv": 91.13, "instrument_name": "BTC-30DEC22-34000-C", "index_price": 16755.47, "direction": "buy", "amount": 1.0}, {"trade_seq": 1349, "trade_id": "236267956", "timestamp": 1668726976949, "tick_direction": 3, "price": 0.001, "mark_price": 0.0012921, "iv": 86.83, "instrument_name": "BTC-30DEC22-34000-C", "index_price": 16675.99, "direction": "sell", "amount": 21.0}, {"trade_seq": 1348, "trade_id": "236267955", "timestamp": 1668726976949, "tick_direction": 2, "price": 0.001, "mark_price": 0.0012921, "iv": 86.83, "instrument_name": "BTC-30DEC22-34000-C", "index_price": 16675.99, "direction": "sell", "amount": 3.0}, {"trade_seq": 1347, "trade_id": "236151964", "timestamp": 1668608278761, "tick_direction": 1, "price": 0.002, "mark_price": 0.00195502, "iv": 94.45, "instrument_name": "BTC-30DEC22-34000-C", "index_price": 16470.12, "direction": "buy", "amount": 2.0}, {"trade_seq": 1346, "trade_id": "236137533", "timestamp": 1668604203146, "tick_direction": 1, "price": 0.002, "mark_price": 0.00146127, "iv": 93.67, "instrument_name": "BTC-30DEC22-34000-C", "index_price": 16586.22, "direction": "sell", "amount": 16.1}, {"trade_seq": 1345, "trade_id": "236137532", "timestamp": 1668604203132, "tick_direction": 1, "price": 0.002, "mark_price": 0.00146127, "iv": 93.67, "instrument_name": "BTC-30DEC22-34000-C", "index_price": 16586.22, "direction": "buy", "amount": 1.9}, {"trade_seq": 1344, "trade_id": "236137531", "timestamp": 1668604203132, "tick_direction": 0, "price": 0.002, "mark_price": 0.00146127, "iv": 93.67, "instrument_name": "BTC-30DEC22-34000-C", "index_price": 16586.22, "direction": "buy", "amount": 2.0}, {"trade_seq": 1343, "trade_id": "236103261", "timestamp": 1668581664786, "tick_direction": 2, "price": 0.0015, "mark_price": 0.00144716, "iv": 88.43, "instrument_name": "BTC-30DEC22-34000-C", "index_price": 16855.86, "direction": "buy", "amount": 8.0}, {"trade_seq": 1342, "trade_id": "236035156", "timestamp": 1668519206575, "tick_direction": 1, "price": 0.002, "mark_price": 0.00186365, "iv": 89.73, "instrument_name": "BTC-30DEC22-34000-C", "index_price": 17071.51, "direction": "sell", "amount": 0.5}, {"trade_seq": 1341, "trade_id": "236035155", "timestamp": 1668519206572, "tick_direction": 1, "price": 0.002, "mark_price": 0.00186365, "iv": 89.73, "instrument_name": "BTC-30DEC22-34000-C", "index_price": 17071.51, "direction": "buy", "amount": 1.4}, {"trade_seq": 1340, "trade_id": "236035154", "timestamp": 1668519206572, "tick_direction": 1, "price": 0.002, "mark_price": 0.00186365, "iv": 89.73, "instrument_name": "BTC-30DEC22-34000-C", "index_price": 17071.51, "direction": "buy", "amount": 0.1}, {"trade_seq": 1339, "trade_id": "235837045", "timestamp": 1668422768909, "tick_direction": 0, "price": 0.002, "mark_price": 0.00172715, "iv": 90.28, "instrument_name": "BTC-30DEC22-34000-C", "index_price": 16784.97, "direction": "buy", "amount": 3.0}, {"trade_seq": 1338, "trade_id": "235832072", "timestamp": 1668419791489, "tick_direction": 2, "price": 0.0015, "mark_price": 0.00170932, "iv": 87.13, "instrument_name": "BTC-30DEC22-34000-C", "index_price": 16752.48, "direction": "sell", "amount": 8.3}, {"trade_seq": 1337, "trade_id": "235700987", "timestamp": 1668345640562, "tick_direction": 1, "price": 0.002, "mark_price": 0.0019809, "iv": 90.55, "instrument_name": "BTC-30DEC22-34000-C", "index_price": 16601.96, "direction": "sell", "amount": 0.1}, {"trade_seq": 1336, "trade_id": "235526108", "timestamp": 1668188396747, "tick_direction": 1, "price": 0.002, "mark_price": 0.00142965, "iv": 88.41, "instrument_name": "BTC-30DEC22-34000-C", "index_price": 16731.66, "direction": "buy", "amount": 7.6}, {"trade_seq": 1335, "trade_id": "235526047", "timestamp": 1668188384493, "tick_direction": 0, "price": 0.002, "mark_price": 0.00143006, "iv": 88.38, "instrument_name": "BTC-30DEC22-34000-C", "index_price": 16740.09, "direction": "buy", "amount": 7.7}, {"trade_seq": 1334, "trade_id": "235480380", "timestamp": 1668177991752, "tick_direction": 2, "price": 0.0015, "mark_price": 0.00161844, "iv": 84.79, "instrument_name": "BTC-30DEC22-34000-C", "index_price": 16733.86, "direction": "buy", "amount": 0.1}, {"trade_seq": 1333, "trade_id": "235474054", "timestamp": 1668177207108, "tick_direction": 1, "price": 0.002, "mark_price": 0.00153874, "iv": 89.27, "instrument_name": "BTC-30DEC22-34000-C", "index_price": 16542.14, "direction": "buy", "amount": 2.9}, {"trade_seq": 1332, "trade_id": "235474053", "timestamp": 1668177207108, "tick_direction": 0, "price": 0.002, "mark_price": 0.00153874, "iv": 89.27, "instrument_name": "BTC-30DEC22-34000-C", "index_price": 16542.14, "direction": "buy", "amount": 0.1}, {"trade_seq": 1331, "trade_id": "235330091", "timestamp": 1668141993098, "tick_direction": 2, "price": 0.001, "mark_price": 0.00140079, "iv": 78.72, "instrument_name": "BTC-30DEC22-34000-C", "index_price": 16985.42, "direction": "sell", "amount": 0.5}, {"trade_seq": 1330, "trade_id": "234734332", "timestamp": 1668030165362, "tick_direction": 3, "price": 0.002, "mark_price": 0.00129296, "iv": 91.77, "instrument_name": "BTC-30DEC22-34000-C", "index_price": 15803.15, "direction": "buy", "amount": 0.2}, {"trade_seq": 1329, "trade_id": "234423661", "timestamp": 1667991576113, "tick_direction": 2, "price": 0.002, "mark_price": 0.00211069, "iv": 79.74, "instrument_name": "BTC-30DEC22-34000-C", "index_price": 17649.31, "direction": "sell", "amount": 0.1}, {"trade_seq": 1328, "trade_id": "234255096", "timestamp": 1667940223799, "tick_direction": 3, "price": 0.0025, "mark_price": 0.00292034, "iv": 78.43, "instrument_name": "BTC-30DEC22-34000-C", "index_price": 18259.56, "direction": "sell", "amount": 7.5}, {"trade_seq": 1327, "trade_id": "234255094", "timestamp": 1667940223633, "tick_direction": 3, "price": 0.0025, "mark_price": 0.00292133, "iv": 78.43, "instrument_name": "BTC-30DEC22-34000-C", "index_price": 18259.56, "direction": "sell", "amount": 7.5}, {"trade_seq": 1326, "trade_id": "234255092", "timestamp": 1667940223405, "tick_direction": 2, "price": 0.0025, "mark_price": 0.00292133, "iv": 78.43, "instrument_name": "BTC-30DEC22-34000-C", "index_price": 18259.56, "direction": "sell", "amount": 8.1}, {"trade_seq": 1325, "trade_id": "234230854", "timestamp": 1667937451818, "tick_direction": 0, "price": 0.0035, "mark_price": 0.00301759, "iv": 81.84, "instrument_name": "BTC-30DEC22-34000-C", "index_price": 18383.2, "direction": "buy", "amount": 5.4}, {"trade_seq": 1324, "trade_id": "234148039", "timestamp": 1667932641930, "tick_direction": 1, "price": 0.003, "mark_price": 0.00247811, "iv": 76.73, "instrument_name": "BTC-30DEC22-34000-C", "index_price": 18902.48, "direction": "buy", "amount": 5.2}, {"trade_seq": 1323, "trade_id": "234148038", "timestamp": 1667932641930, "tick_direction": 0, "price": 0.003, "mark_price": 0.00247811, "iv": 76.73, "instrument_name": "BTC-30DEC22-34000-C", "index_price": 18902.48, "direction": "buy", "amount": 4.8}, {"trade_seq": 1322, "trade_id": "234095095", "timestamp": 1667928647249, "tick_direction": 3, "price": 0.0025, "mark_price": 0.00219753, "iv": 69.87, "instrument_name": "BTC-30DEC22-34000-C", "index_price": 19763.81, "direction": "buy", "amount": 0.1}, {"trade_seq": 1321, "trade_id": "234074136", "timestamp": 1667925757420, "tick_direction": 3, "price": 0.0025, "mark_price": 0.00251217, "iv": 65.24, "instrument_name": "BTC-30DEC22-34000-C", "index_price": 20641.77, "direction": "buy", "amount": 0.1}, {"trade_seq": 1320, "trade_id": "233898842", "timestamp": 1667862041812, "tick_direction": 3, "price": 0.0025, "mark_price": 0.00212901, "iv": 65.76, "instrument_name": "BTC-30DEC22-34000-C", "index_price": 20459.62, "direction": "buy", "amount": 0.8}, {"trade_seq": 1319, "trade_id": "233821752", "timestamp": 1667780572099, "tick_direction": 3, "price": 0.0025, "mark_price": 0.00298028, "iv": 62.77, "instrument_name": "BTC-30DEC22-34000-C", "index_price": 20932.27, "direction": "sell", "amount": 0.1}, {"trade_seq": 1318, "trade_id": "233821749", "timestamp": 1667780571958, "tick_direction": 3, "price": 0.0025, "mark_price": 0.00298028, "iv": 62.77, "instrument_name": "BTC-30DEC22-34000-C", "index_price": 20932.27, "direction": "sell", "amount": 0.1}, {"trade_seq": 1317, "trade_id": "233821748", "timestamp": 1667780571947, "tick_direction": 3, "price": 0.0025, "mark_price": 0.00298028, "iv": 62.77, "instrument_name": "BTC-30DEC22-34000-C", "index_price": 20932.27, "direction": "sell", "amount": 0.2}, {"trade_seq": 1316, "trade_id": "233821747", "timestamp": 1667780571933, "tick_direction": 2, "price": 0.0025, "mark_price": 0.00298028, "iv": 62.77, "instrument_name": "BTC-30DEC22-34000-C", "index_price": 20932.27, "direction": "sell", "amount": 0.3}, {"trade_seq": 1315, "trade_id": "233658633", "timestamp": 1667587295954, "tick_direction": 3, "price": 0.003, "mark_price": 0.00301216, "iv": 63.26, "instrument_name": "BTC-30DEC22-34000-C", "index_price": 20939.41, "direction": "buy", "amount": 0.1}, {"trade_seq": 1314, "trade_id": "233658632", "timestamp": 1667587295954, "tick_direction": 2, "price": 0.003, "mark_price": 0.00301216, "iv": 63.26, "instrument_name": "BTC-30DEC22-34000-C", "index_price": 20939.41, "direction": "buy", "amount": 0.1}, {"trade_seq": 1313, "trade_id": "233611995", "timestamp": 1667573791268, "tick_direction": 1, "price": 0.0035, "mark_price": 0.00327717, "iv": 63.36, "instrument_name": "BTC-30DEC22-34000-C", "index_price": 21212.94, "direction": "buy", "amount": 0.1}, {"trade_seq": 1312, "trade_id": "233611994", "timestamp": 1667573791244, "tick_direction": 1, "price": 0.0035, "mark_price": 0.00327717, "iv": 63.36, "instrument_name": "BTC-30DEC22-34000-C", "index_price": 21212.94, "direction": "buy", "amount": 0.1}, {"trade_seq": 1311, "trade_id": "233611992", "timestamp": 1667573791064, "tick_direction": 1, "price": 0.0035, "mark_price": 0.00327717, "iv": 63.36, "instrument_name": "BTC-30DEC22-34000-C", "index_price": 21212.94, "direction": "buy", "amount": 0.1}, {"trade_seq": 1310, "trade_id": "233611991", "timestamp": 1667573790977, "tick_direction": 1, "price": 0.0035, "mark_price": 0.00327717, "iv": 63.36, "instrument_name": "BTC-30DEC22-34000-C", "index_price": 21212.94, "direction": "buy", "amount": 0.1}, {"trade_seq": 1309, "trade_id": "233611990", "timestamp": 1667573790954, "tick_direction": 1, "price": 0.0035, "mark_price": 0.00327717, "iv": 63.36, "instrument_name": "BTC-30DEC22-34000-C", "index_price": 21212.94, "direction": "buy", "amount": 0.1}, {"trade_seq": 1308, "trade_id": "233611986", "timestamp": 1667573790870, "tick_direction": 1, "price": 0.0035, "mark_price": 0.00327717, "iv": 63.36, "instrument_name": "BTC-30DEC22-34000-C", "index_price": 21212.94, "direction": "buy", "amount": 0.1}, {"trade_seq": 1307, "trade_id": "233611975", "timestamp": 1667573790801, "tick_direction": 1, "price": 0.0035, "mark_price": 0.00327749, "iv": 63.36, "instrument_name": "BTC-30DEC22-34000-C", "index_price": 21212.94, "direction": "buy", "amount": 0.1}, {"trade_seq": 1306, "trade_id": "233611965", "timestamp": 1667573790768, "tick_direction": 1, "price": 0.0035, "mark_price": 0.00327749, "iv": 63.36, "instrument_name": "BTC-30DEC22-34000-C", "index_price": 21212.94, "direction": "buy", "amount": 0.1}, {"trade_seq": 1305, "trade_id": "233611948", "timestamp": 1667573790488, "tick_direction": 1, "price": 0.0035, "mark_price": 0.00327749, "iv": 63.36, "instrument_name": "BTC-30DEC22-34000-C", "index_price": 21212.94, "direction": "buy", "amount": 0.1}, {"trade_seq": 1304, "trade_id": "233611947", "timestamp": 1667573789538, "tick_direction": 1, "price": 0.0035, "mark_price": 0.0032782, "iv": 63.36, "instrument_name": "BTC-30DEC22-34000-C", "index_price": 21212.96, "direction": "buy", "amount": 0.1}, {"trade_seq": 1303, "trade_id": "233611946", "timestamp": 1667573788550, "tick_direction": 1, "price": 0.0035, "mark_price": 0.00327842, "iv": 63.36, "instrument_name": "BTC-30DEC22-34000-C", "index_price": 21213.21, "direction": "buy", "amount": 0.1}, {"trade_seq": 1302, "trade_id": "233611945", "timestamp": 1667573787561, "tick_direction": 1, "price": 0.0035, "mark_price": 0.00327873, "iv": 63.36, "instrument_name": "BTC-30DEC22-34000-C", "index_price": 21213.14, "direction": "buy", "amount": 0.1}, {"trade_seq": 1301, "trade_id": "233611944", "timestamp": 1667573786573, "tick_direction": 0, "price": 0.0035, "mark_price": 0.00328157, "iv": 63.36, "instrument_name": "BTC-30DEC22-34000-C", "index_price": 21213.11, "direction": "buy", "amount": 0.1}, {"trade_seq": 1300, "trade_id": "233500595", "timestamp": 1667488388634, "tick_direction": 3, "price": 0.002, "mark_price": 0.00193171, "iv": 62.0, "instrument_name": "BTC-30DEC22-34000-C", "index_price": 20278.7, "direction": "buy", "amount": 0.1}, {"trade_seq": 1299, "trade_id": "233461209", "timestamp": 1667449383731, "tick_direction": 3, "price": 0.002, "mark_price": 0.00223213, "iv": 61.51, "instrument_name": "BTC-30DEC22-34000-C", "index_price": 20330.86, "direction": "sell", "amount": 0.2}, {"trade_seq": 1298, "trade_id": "233453979", "timestamp": 1667438698598, "tick_direction": 3, "price": 0.002, "mark_price": 0.00228373, "iv": 62.01, "instrument_name": "BTC-30DEC22-34000-C", "index_price": 20222.33, "direction": "sell", "amount": 0.6}, {"trade_seq": 1297, "trade_id": "233451497", "timestamp": 1667434709024, "tick_direction": 3, "price": 0.002, "mark_price": 0.00225479, "iv": 62.38, "instrument_name": "BTC-30DEC22-34000-C", "index_price": 20144.19, "direction": "sell", "amount": 4.9}, {"trade_seq": 1296, "trade_id": "233451496", "timestamp": 1667434709024, "tick_direction": 2, "price": 0.002, "mark_price": 0.00225479, "iv": 62.38, "instrument_name": "BTC-30DEC22-34000-C", "index_price": 20144.19, "direction": "sell", "amount": 0.1}, {"trade_seq": 1295, "trade_id": "233374711", "timestamp": 1667383523940, "tick_direction": 2, "price": 0.0035, "mark_price": 0.00365574, "iv": 66.31, "instrument_name": "BTC-30DEC22-34000-C", "index_price": 20392.21, "direction": "sell", "amount": 4.9}, {"trade_seq": 1294, "trade_id": "233351305", "timestamp": 1667330965259, "tick_direction": 1, "price": 0.004, "mark_price": 0.00373843, "iv": 67.14, "instrument_name": "BTC-30DEC22-34000-C", "index_price": 20463.91, "direction": "buy", "amount": 0.5}, {"trade_seq": 1293, "trade_id": "233351304", "timestamp": 1667330965259, "tick_direction": 0, "price": 0.004, "mark_price": 0.00373843, "iv": 67.14, "instrument_name": "BTC-30DEC22-34000-C", "index_price": 20463.91, "direction": "buy", "amount": 0.1}, {"trade_seq": 1292, "trade_id": "233346084", "timestamp": 1667321120203, "tick_direction": 2, "price": 0.0035, "mark_price": 0.00376274, "iv": 65.68, "instrument_name": "BTC-30DEC22-34000-C", "index_price": 20451.54, "direction": "sell", "amount": 0.1}, {"trade_seq": 1291, "trade_id": "233258017", "timestamp": 1667210377412, "tick_direction": 1, "price": 0.005, "mark_price": 0.0049675, "iv": 67.65, "instrument_name": "BTC-30DEC22-34000-C", "index_price": 20714.36, "direction": "buy", "amount": 0.2}, {"trade_seq": 1290, "trade_id": "233258016", "timestamp": 1667210377412, "tick_direction": 0, "price": 0.005, "mark_price": 0.0049675, "iv": 67.65, "instrument_name": "BTC-30DEC22-34000-C", "index_price": 20714.36, "direction": "buy", "amount": 0.1}, {"trade_seq": 1289, "trade_id": "233240697", "timestamp": 1667184966022, "tick_direction": 2, "price": 0.0045, "mark_price": 0.00477887, "iv": 67.51, "instrument_name": "BTC-30DEC22-34000-C", "index_price": 20477.96, "direction": "sell", "amount": 0.2}, {"trade_seq": 1288, "trade_id": "233233635", "timestamp": 1667174948117, "tick_direction": 1, "price": 0.0045, "mark_price": 0.00425433, "iv": 66.47, "instrument_name": "BTC-30DEC22-34000-C", "index_price": 20658.0, "direction": "buy", "amount": 0.1}, {"trade_seq": 1287, "trade_id": "233210314", "timestamp": 1667131400638, "tick_direction": 0, "price": 0.0045, "mark_price": 0.00446476, "iv": 65.65, "instrument_name": "BTC-30DEC22-34000-C", "index_price": 20768.27, "direction": "buy", "amount": 0.2}, {"trade_seq": 1286, "trade_id": "233197932", "timestamp": 1667114053847, "tick_direction": 0, "price": 0.004, "mark_price": 0.00397051, "iv": 63.46, "instrument_name": "BTC-30DEC22-34000-C", "index_price": 20918.61, "direction": "buy", "amount": 0.2}, {"trade_seq": 1285, "trade_id": "233186602", "timestamp": 1667080669702, "tick_direction": 2, "price": 0.0035, "mark_price": 0.00395189, "iv": 62.12, "instrument_name": "BTC-30DEC22-34000-C", "index_price": 20863.01, "direction": "sell", "amount": 0.1}, {"trade_seq": 1284, "trade_id": "233186109", "timestamp": 1667080042258, "tick_direction": 1, "price": 0.004, "mark_price": 0.00402994, "iv": 63.38, "instrument_name": "BTC-30DEC22-34000-C", "index_price": 20893.58, "direction": "sell", "amount": 0.1}, {"trade_seq": 1283, "trade_id": "233186033", "timestamp": 1667079997539, "tick_direction": 1, "price": 0.004, "mark_price": 0.00403262, "iv": 63.38, "instrument_name": "BTC-30DEC22-34000-C", "index_price": 20893.77, "direction": "sell", "amount": 0.2}, {"trade_seq": 1282, "trade_id": "233178693", "timestamp": 1667065034063, "tick_direction": 0, "price": 0.004, "mark_price": 0.00401685, "iv": 63.23, "instrument_name": "BTC-30DEC22-34000-C", "index_price": 20917.9, "direction": "buy", "amount": 0.2}, {"trade_seq": 1281, "trade_id": "233112208", "timestamp": 1666976578844, "tick_direction": 2, "price": 0.0035, "mark_price": 0.00350994, "iv": 62.18, "instrument_name": "BTC-30DEC22-34000-C", "index_price": 20723.83, "direction": "buy", "amount": 0.1}, {"trade_seq": 1280, "trade_id": "233065048", "timestamp": 1666953629332, "tick_direction": 0, "price": 0.0036, "mark_price": 0.00344013, "iv": 65.0, "instrument_name": "BTC-30DEC22-34000-C", "index_price": 20195.01, "direction": "buy", "block_trade_id": "54089", "amount": 50.0}, {"trade_seq": 1279, "trade_id": "233056619", "timestamp": 1666946000315, "tick_direction": 2, "price": 0.003, "mark_price": 0.00354336, "iv": 63.33, "instrument_name": "BTC-30DEC22-34000-C", "index_price": 20139.64, "direction": "sell", "amount": 0.8}, {"trade_seq": 1278, "trade_id": "233015873", "timestamp": 1666905538332, "tick_direction": 3, "price": 0.0045, "mark_price": 0.00442045, "iv": 66.47, "instrument_name": "BTC-30DEC22-34000-C", "index_price": 20340.11, "direction": "buy", "amount": 0.2}, {"trade_seq": 1277, "trade_id": "233015868", "timestamp": 1666905536317, "tick_direction": 2, "price": 0.0045, "mark_price": 0.0044198, "iv": 66.47, "instrument_name": "BTC-30DEC22-34000-C", "index_price": 20339.07, "direction": "buy", "amount": 0.1}, {"trade_seq": 1276, "trade_id": "232811036", "timestamp": 1666773463086, "tick_direction": 1, "price": 0.0055, "mark_price": 0.00574865, "iv": 66.8, "instrument_name": "BTC-30DEC22-34000-C", "index_price": 20587.98, "direction": "buy", "amount": 0.9}, {"trade_seq": 1275, "trade_id": "232810757", "timestamp": 1666773461754, "tick_direction": 1, "price": 0.0055, "mark_price": 0.00569293, "iv": 66.89, "instrument_name": "BTC-30DEC22-34000-C", "index_price": 20570.51, "direction": "buy", "amount": 3.1}, {"trade_seq": 1274, "trade_id": "232810756", "timestamp": 1666773461754, "tick_direction": 0, "price": 0.0055, "mark_price": 0.00569293, "iv": 66.89, "instrument_name": "BTC-30DEC22-34000-C", "index_price": 20570.51, "direction": "buy", "amount": 1.0}, {"trade_seq": 1273, "trade_id": "232794414", "timestamp": 1666767439320, "tick_direction": 1, "price": 0.0045, "mark_price": 0.00447808, "iv": 66.28, "instrument_name": "BTC-30DEC22-34000-C", "index_price": 20217.87, "direction": "sell", "amount": 0.1}, {"trade_seq": 1272, "trade_id": "232794413", "timestamp": 1666767439309, "tick_direction": 1, "price": 0.0045, "mark_price": 0.00447808, "iv": 66.28, "instrument_name": "BTC-30DEC22-34000-C", "index_price": 20217.87, "direction": "sell", "amount": 0.1}, {"trade_seq": 1271, "trade_id": "232794412", "timestamp": 1666767439300, "tick_direction": 1, "price": 0.0045, "mark_price": 0.00447808, "iv": 66.28, "instrument_name": "BTC-30DEC22-34000-C", "index_price": 20217.87, "direction": "sell", "amount": 0.2}, {"trade_seq": 1270, "trade_id": "232794411", "timestamp": 1666767439291, "tick_direction": 1, "price": 0.0045, "mark_price": 0.00447808, "iv": 66.28, "instrument_name": "BTC-30DEC22-34000-C", "index_price": 20217.87, "direction": "sell", "amount": 0.2}, {"trade_seq": 1269, "trade_id": "232794410", "timestamp": 1666767439281, "tick_direction": 1, "price": 0.0045, "mark_price": 0.00447808, "iv": 66.28, "instrument_name": "BTC-30DEC22-34000-C", "index_price": 20217.87, "direction": "sell", "amount": 0.4}, {"trade_seq": 1268, "trade_id": "232794409", "timestamp": 1666767439241, "tick_direction": 1, "price": 0.0045, "mark_price": 0.00447808, "iv": 66.28, "instrument_name": "BTC-30DEC22-34000-C", "index_price": 20218.0, "direction": "sell", "amount": 0.6}, {"trade_seq": 1267, "trade_id": "232794133", "timestamp": 1666766826491, "tick_direction": 1, "price": 0.0045, "mark_price": 0.00454701, "iv": 66.16, "instrument_name": "BTC-30DEC22-34000-C", "index_price": 20238.18, "direction": "sell", "amount": 0.1}, {"trade_seq": 1266, "trade_id": "232794132", "timestamp": 1666766824466, "tick_direction": 1, "price": 0.0045, "mark_price": 0.00454439, "iv": 66.17, "instrument_name": "BTC-30DEC22-34000-C", "index_price": 20238.16, "direction": "sell", "amount": 0.1}, {"trade_seq": 1265, "trade_id": "232794131", "timestamp": 1666766824455, "tick_direction": 1, "price": 0.0045, "mark_price": 0.00454439, "iv": 66.17, "instrument_name": "BTC-30DEC22-34000-C", "index_price": 20238.16, "direction": "sell", "amount": 0.1}, {"trade_seq": 1264, "trade_id": "232788164", "timestamp": 1666761239050, "tick_direction": 1, "price": 0.0045, "mark_price": 0.00448891, "iv": 66.59, "instrument_name": "BTC-30DEC22-34000-C", "index_price": 20142.16, "direction": "buy", "amount": 0.1}, {"trade_seq": 1263, "trade_id": "232788160", "timestamp": 1666761239021, "tick_direction": 1, "price": 0.0045, "mark_price": 0.00448891, "iv": 66.59, "instrument_name": "BTC-30DEC22-34000-C", "index_price": 20142.16, "direction": "buy", "amount": 0.1}, {"trade_seq": 1262, "trade_id": "232788159", "timestamp": 1666761238984, "tick_direction": 1, "price": 0.0045, "mark_price": 0.00448891, "iv": 66.59, "instrument_name": "BTC-30DEC22-34000-C", "index_price": 20142.16, "direction": "buy", "amount": 0.1}, {"trade_seq": 1261, "trade_id": "232788139", "timestamp": 1666761229605, "tick_direction": 1, "price": 0.0045, "mark_price": 0.00449713, "iv": 66.58, "instrument_name": "BTC-30DEC22-34000-C", "index_price": 20144.92, "direction": "buy", "amount": 0.1}, {"trade_seq": 1260, "trade_id": "232788132", "timestamp": 1666761227662, "tick_direction": 1, "price": 0.0045, "mark_price": 0.00450003, "iv": 66.57, "instrument_name": "BTC-30DEC22-34000-C", "index_price": 20146.11, "direction": "buy", "amount": 0.1}, {"trade_seq": 1259, "trade_id": "232788129", "timestamp": 1666761227356, "tick_direction": 1, "price": 0.0045, "mark_price": 0.00449987, "iv": 66.57, "instrument_name": "BTC-30DEC22-34000-C", "index_price": 20146.11, "direction": "buy", "amount": 0.2}, {"trade_seq": 1258, "trade_id": "232788128", "timestamp": 1666761227343, "tick_direction": 1, "price": 0.0045, "mark_price": 0.00449987, "iv": 66.57, "instrument_name": "BTC-30DEC22-34000-C", "index_price": 20146.11, "direction": "buy", "amount": 0.2}, {"trade_seq": 1257, "trade_id": "232788127", "timestamp": 1666761226906, "tick_direction": 1, "price": 0.0045, "mark_price": 0.00449987, "iv": 66.58, "instrument_name": "BTC-30DEC22-34000-C", "index_price": 20145.89, "direction": "buy", "amount": 0.4}, {"trade_seq": 1256, "trade_id": "232788125", "timestamp": 1666761222838, "tick_direction": 1, "price": 0.0045, "mark_price": 0.0045048, "iv": 66.57, "instrument_name": "BTC-30DEC22-34000-C", "index_price": 20147.65, "direction": "buy", "amount": 0.6}, {"trade_seq": 1255, "trade_id": "232788121", "timestamp": 1666761220811, "tick_direction": 1, "price": 0.0045, "mark_price": 0.00450534, "iv": 66.57, "instrument_name": "BTC-30DEC22-34000-C", "index_price": 20147.49, "direction": "buy", "amount": 1.0}, {"trade_seq": 1254, "trade_id": "232779868", "timestamp": 1666754794730, "tick_direction": 0, "price": 0.0045, "mark_price": 0.00433208, "iv": 66.03, "instrument_name": "BTC-30DEC22-34000-C", "index_price": 20248.37, "direction": "buy", "amount": 0.1}, {"trade_seq": 1253, "trade_id": "232772438", "timestamp": 1666748552040, "tick_direction": 3, "price": 0.005, "mark_price": 0.00489727, "iv": 67.26, "instrument_name": "BTC-30DEC22-34000-C", "index_price": 20247.6, "direction": "buy", "amount": 0.3}, {"trade_seq": 1252, "trade_id": "232772428", "timestamp": 1666748551586, "tick_direction": 3, "price": 0.005, "mark_price": 0.00489727, "iv": 67.26, "instrument_name": "BTC-30DEC22-34000-C", "index_price": 20240.74, "direction": "buy", "amount": 0.1}, {"trade_seq": 1251, "trade_id": "232772427", "timestamp": 1666748551514, "tick_direction": 3, "price": 0.005, "mark_price": 0.00489727, "iv": 67.26, "instrument_name": "BTC-30DEC22-34000-C", "index_price": 20240.74, "direction": "buy", "amount": 0.1}, {"trade_seq": 1250, "trade_id": "232772404", "timestamp": 1666748551080, "tick_direction": 3, "price": 0.005, "mark_price": 0.00485805, "iv": 67.26, "instrument_name": "BTC-30DEC22-34000-C", "index_price": 20240.74, "direction": "buy", "amount": 0.2}, {"trade_seq": 1249, "trade_id": "232772394", "timestamp": 1666748550734, "tick_direction": 2, "price": 0.005, "mark_price": 0.00485805, "iv": 67.26, "instrument_name": "BTC-30DEC22-34000-C", "index_price": 20240.74, "direction": "buy", "amount": 0.1}, {"trade_seq": 1248, "trade_id": "232724931", "timestamp": 1666724643374, "tick_direction": 0, "price": 0.006, "mark_price": 0.00581357, "iv": 68.92, "instrument_name": "BTC-30DEC22-34000-C", "index_price": 20347.0, "direction": "buy", "amount": 6.9}, {"trade_seq": 1247, "trade_id": "232718994", "timestamp": 1666722910343, "tick_direction": 1, "price": 0.0055, "mark_price": 0.00544164, "iv": 67.42, "instrument_name": "BTC-30DEC22-34000-C", "index_price": 20410.51, "direction": "buy", "amount": 0.1}, {"trade_seq": 1246, "trade_id": "232718937", "timestamp": 1666722901004, "tick_direction": 0, "price": 0.0055, "mark_price": 0.00541935, "iv": 67.46, "instrument_name": "BTC-30DEC22-34000-C", "index_price": 20403.09, "direction": "buy", "amount": 1.0}, {"trade_seq": 1245, "trade_id": "232708636", "timestamp": 1666720481727, "tick_direction": 1, "price": 0.005, "mark_price": 0.00498527, "iv": 67.92, "instrument_name": "BTC-30DEC22-34000-C", "index_price": 20090.81, "direction": "sell", "amount": 0.4}, {"trade_seq": 1244, "trade_id": "232708635", "timestamp": 1666720481699, "tick_direction": 1, "price": 0.005, "mark_price": 0.00498527, "iv": 67.92, "instrument_name": "BTC-30DEC22-34000-C", "index_price": 20090.81, "direction": "sell", "amount": 0.9}, {"trade_seq": 1243, "trade_id": "232708632", "timestamp": 1666720481640, "tick_direction": 0, "price": 0.005, "mark_price": 0.00498422, "iv": 67.92, "instrument_name": "BTC-30DEC22-34000-C", "index_price": 20090.81, "direction": "sell", "amount": 1.7}, {"trade_seq": 1242, "trade_id": "232586276", "timestamp": 1666595376633, "tick_direction": 3, "price": 0.003, "mark_price": 0.00351355, "iv": 65.34, "instrument_name": "BTC-30DEC22-34000-C", "index_price": 19330.54, "direction": "sell", "amount": 1.0}, {"trade_seq": 1241, "trade_id": "232495730", "timestamp": 1666371579959, "tick_direction": 3, "price": 0.0035, "mark_price": 0.00296015, "iv": 66.65, "instrument_name": "BTC-30DEC22-34000-C", "index_price": 19130.1, "direction": "buy", "amount": 0.4}, {"trade_seq": 1240, "trade_id": "232495729", "timestamp": 1666371579959, "tick_direction": 3, "price": 0.0035, "mark_price": 0.00296015, "iv": 66.65, "instrument_name": "BTC-30DEC22-34000-C", "index_price": 19130.1, "direction": "buy", "amount": 8.9}, {"trade_seq": 1239, "trade_id": "232495728", "timestamp": 1666371579959, "tick_direction": 3, "price": 0.0035, "mark_price": 0.00296015, "iv": 66.65, "instrument_name": "BTC-30DEC22-34000-C", "index_price": 19130.1, "direction": "buy", "amount": 1.0}, {"trade_seq": 1238, "trade_id": "232495727", "timestamp": 1666371579959, "tick_direction": 3, "price": 0.0035, "mark_price": 0.00296015, "iv": 66.65, "instrument_name": "BTC-30DEC22-34000-C", "index_price": 19130.1, "direction": "buy", "amount": 4.7}, {"trade_seq": 1237, "trade_id": "232381176", "timestamp": 1666268546468, "tick_direction": 3, "price": 0.0035, "mark_price": 0.00351486, "iv": 65.55, "instrument_name": "BTC-30DEC22-34000-C", "index_price": 19252.91, "direction": "sell", "amount": 3.4}, {"trade_seq": 1236, "trade_id": "232379861", "timestamp": 1666266376271, "tick_direction": 3, "price": 0.0035, "mark_price": 0.00345919, "iv": 65.79, "instrument_name": "BTC-30DEC22-34000-C", "index_price": 19200.68, "direction": "sell", "amount": 5.7}, {"trade_seq": 1235, "trade_id": "232373674", "timestamp": 1666258664108, "tick_direction": 3, "price": 0.0035, "mark_price": 0.00346541, "iv": 65.91, "instrument_name": "BTC-30DEC22-34000-C", "index_price": 19155.69, "direction": "buy", "amount": 0.1}, {"trade_seq": 1234, "trade_id": "232373667", "timestamp": 1666258658306, "tick_direction": 3, "price": 0.0035, "mark_price": 0.00346979, "iv": 65.91, "instrument_name": "BTC-30DEC22-34000-C", "index_price": 19156.59, "direction": "buy", "amount": 0.1}, {"trade_seq": 1233, "trade_id": "232373666", "timestamp": 1666258654791, "tick_direction": 3, "price": 0.0035, "mark_price": 0.00347189, "iv": 65.91, "instrument_name": "BTC-30DEC22-34000-C", "index_price": 19156.45, "direction": "buy", "amount": 0.1}, {"trade_seq": 1232, "trade_id": "232373664", "timestamp": 1666258646135, "tick_direction": 3, "price": 0.0035, "mark_price": 0.00347626, "iv": 65.9, "instrument_name": "BTC-30DEC22-34000-C", "index_price": 19157.16, "direction": "buy", "amount": 0.2}, {"trade_seq": 1231, "trade_id": "232373662", "timestamp": 1666258635975, "tick_direction": 3, "price": 0.0035, "mark_price": 0.00348134, "iv": 65.9, "instrument_name": "BTC-30DEC22-34000-C", "index_price": 19157.26, "direction": "buy", "amount": 0.2}, {"trade_seq": 1230, "trade_id": "232373652", "timestamp": 1666258621789, "tick_direction": 3, "price": 0.0035, "mark_price": 0.00348842, "iv": 65.9, "instrument_name": "BTC-30DEC22-34000-C", "index_price": 19156.84, "direction": "buy", "amount": 0.1}, {"trade_seq": 1229, "trade_id": "232373649", "timestamp": 1666258615677, "tick_direction": 3, "price": 0.0035, "mark_price": 0.00349167, "iv": 65.9, "instrument_name": "BTC-30DEC22-34000-C", "index_price": 19156.97, "direction": "buy", "amount": 0.1}, {"trade_seq": 1228, "trade_id": "232373648", "timestamp": 1666258609589, "tick_direction": 3, "price": 0.0035, "mark_price": 0.00349388, "iv": 65.91, "instrument_name": "BTC-30DEC22-34000-C", "index_price": 19156.79, "direction": "buy", "amount": 0.1}, {"trade_seq": 1227, "trade_id": "232370869", "timestamp": 1666253956332, "tick_direction": 3, "price": 0.0035, "mark_price": 0.00333609, "iv": 65.98, "instrument_name": "BTC-30DEC22-34000-C", "index_price": 19140.26, "direction": "buy", "amount": 0.1}, {"trade_seq": 1226, "trade_id": "232370868", "timestamp": 1666253948570, "tick_direction": 3, "price": 0.0035, "mark_price": 0.00333915, "iv": 65.97, "instrument_name": "BTC-30DEC22-34000-C", "index_price": 19140.87, "direction": "buy", "amount": 0.1}, {"trade_seq": 1225, "trade_id": "232370866", "timestamp": 1666253946543, "tick_direction": 3, "price": 0.0035, "mark_price": 0.00333968, "iv": 65.97, "instrument_name": "BTC-30DEC22-34000-C", "index_price": 19140.84, "direction": "buy", "amount": 0.2}, {"trade_seq": 1224, "trade_id": "232370864", "timestamp": 1666253944531, "tick_direction": 3, "price": 0.0035, "mark_price": 0.00334021, "iv": 65.97, "instrument_name": "BTC-30DEC22-34000-C", "index_price": 19140.71, "direction": "buy", "amount": 0.2}, {"trade_seq": 1223, "trade_id": "232370859", "timestamp": 1666253938445, "tick_direction": 3, "price": 0.0035, "mark_price": 0.00334117, "iv": 65.97, "instrument_name": "BTC-30DEC22-34000-C", "index_price": 19140.64, "direction": "buy", "amount": 0.2}, {"trade_seq": 1222, "trade_id": "232370858", "timestamp": 1666253935529, "tick_direction": 3, "price": 0.0035, "mark_price": 0.00334055, "iv": 65.98, "instrument_name": "BTC-30DEC22-34000-C", "index_price": 19140.29, "direction": "buy", "amount": 0.1}, {"trade_seq": 1221, "trade_id": "232370856", "timestamp": 1666253933670, "tick_direction": 3, "price": 0.0035, "mark_price": 0.0033406, "iv": 65.98, "instrument_name": "BTC-30DEC22-34000-C", "index_price": 19140.01, "direction": "buy", "amount": 0.1}, {"trade_seq": 1220, "trade_id": "232370854", "timestamp": 1666253932373, "tick_direction": 3, "price": 0.0035, "mark_price": 0.00334111, "iv": 65.98, "instrument_name": "BTC-30DEC22-34000-C", "index_price": 19140.2, "direction": "buy", "amount": 0.1}, {"trade_seq": 1219, "trade_id": "232370852", "timestamp": 1666253930501, "tick_direction": 3, "price": 0.0035, "mark_price": 0.00334149, "iv": 65.98, "instrument_name": "BTC-30DEC22-34000-C", "index_price": 19139.99, "direction": "buy", "amount": 0.1}, {"trade_seq": 1218, "trade_id": "232370851", "timestamp": 1666253930418, "tick_direction": 3, "price": 0.0035, "mark_price": 0.00334149, "iv": 65.98, "instrument_name": "BTC-30DEC22-34000-C", "index_price": 19139.99, "direction": "buy", "amount": 0.1}, {"trade_seq": 1217, "trade_id": "232370841", "timestamp": 1666253926259, "tick_direction": 3, "price": 0.0035, "mark_price": 0.00334565, "iv": 65.97, "instrument_name": "BTC-30DEC22-34000-C", "index_price": 19141.54, "direction": "buy", "amount": 0.1}, {"trade_seq": 1216, "trade_id": "232370836", "timestamp": 1666253924223, "tick_direction": 3, "price": 0.0035, "mark_price": 0.00334613, "iv": 65.97, "instrument_name": "BTC-30DEC22-34000-C", "index_price": 19142.88, "direction": "buy", "amount": 0.1}, {"trade_seq": 1215, "trade_id": "232370819", "timestamp": 1666253907825, "tick_direction": 3, "price": 0.0035, "mark_price": 0.00333724, "iv": 66.0, "instrument_name": "BTC-30DEC22-34000-C", "index_price": 19136.79, "direction": "buy", "amount": 0.1}, {"trade_seq": 1214, "trade_id": "232370818", "timestamp": 1666253907797, "tick_direction": 3, "price": 0.0035, "mark_price": 0.00333724, "iv": 66.0, "instrument_name": "BTC-30DEC22-34000-C", "index_price": 19136.79, "direction": "buy", "amount": 0.1}, {"trade_seq": 1213, "trade_id": "232370817", "timestamp": 1666253907759, "tick_direction": 3, "price": 0.0035, "mark_price": 0.00333724, "iv": 66.0, "instrument_name": "BTC-30DEC22-34000-C", "index_price": 19136.79, "direction": "buy", "amount": 0.2}, {"trade_seq": 1212, "trade_id": "232370816", "timestamp": 1666253907739, "tick_direction": 3, "price": 0.0035, "mark_price": 0.00333724, "iv": 66.0, "instrument_name": "BTC-30DEC22-34000-C", "index_price": 19136.79, "direction": "buy", "amount": 0.3}, {"trade_seq": 1211, "trade_id": "232370803", "timestamp": 1666253907525, "tick_direction": 3, "price": 0.0035, "mark_price": 0.00333762, "iv": 66.0, "instrument_name": "BTC-30DEC22-34000-C", "index_price": 19136.79, "direction": "buy", "amount": 0.2}, {"trade_seq": 1210, "trade_id": "232370795", "timestamp": 1666253907484, "tick_direction": 3, "price": 0.0035, "mark_price": 0.00333762, "iv": 66.0, "instrument_name": "BTC-30DEC22-34000-C", "index_price": 19136.79, "direction": "buy", "amount": 0.1}, {"trade_seq": 1209, "trade_id": "232370719", "timestamp": 1666253723191, "tick_direction": 3, "price": 0.0035, "mark_price": 0.00337054, "iv": 66.02, "instrument_name": "BTC-30DEC22-34000-C", "index_price": 19132.72, "direction": "buy", "amount": 0.1}, {"trade_seq": 1208, "trade_id": "232370717", "timestamp": 1666253722687, "tick_direction": 3, "price": 0.0035, "mark_price": 0.00337054, "iv": 66.02, "instrument_name": "BTC-30DEC22-34000-C", "index_price": 19132.8, "direction": "buy", "amount": 0.1}, {"trade_seq": 1207, "trade_id": "232370716", "timestamp": 1666253721398, "tick_direction": 3, "price": 0.0035, "mark_price": 0.00337072, "iv": 66.02, "instrument_name": "BTC-30DEC22-34000-C", "index_price": 19132.77, "direction": "buy", "amount": 0.1}, {"trade_seq": 1206, "trade_id": "232370712", "timestamp": 1666253713689, "tick_direction": 3, "price": 0.0035, "mark_price": 0.00337413, "iv": 66.02, "instrument_name": "BTC-30DEC22-34000-C", "index_price": 19133.8, "direction": "buy", "amount": 0.1}, {"trade_seq": 1205, "trade_id": "232370705", "timestamp": 1666253704312, "tick_direction": 3, "price": 0.0035, "mark_price": 0.00337289, "iv": 66.03, "instrument_name": "BTC-30DEC22-34000-C", "index_price": 19131.76, "direction": "buy", "amount": 0.1}, {"trade_seq": 1204, "trade_id": "232370687", "timestamp": 1666253700646, "tick_direction": 3, "price": 0.0035, "mark_price": 0.00337275, "iv": 66.04, "instrument_name": "BTC-30DEC22-34000-C", "index_price": 19130.91, "direction": "buy", "amount": 0.1}, {"trade_seq": 1203, "trade_id": "232370679", "timestamp": 1666253695097, "tick_direction": 3, "price": 0.0035, "mark_price": 0.00337407, "iv": 66.04, "instrument_name": "BTC-30DEC22-34000-C", "index_price": 19130.84, "direction": "buy", "amount": 0.1}, {"trade_seq": 1202, "trade_id": "232370677", "timestamp": 1666253689024, "tick_direction": 3, "price": 0.0035, "mark_price": 0.00337595, "iv": 66.04, "instrument_name": "BTC-30DEC22-34000-C", "index_price": 19131.03, "direction": "buy", "amount": 0.1}, {"trade_seq": 1201, "trade_id": "232370674", "timestamp": 1666253680585, "tick_direction": 3, "price": 0.0035, "mark_price": 0.00337797, "iv": 66.04, "instrument_name": "BTC-30DEC22-34000-C", "index_price": 19131.04, "direction": "buy", "amount": 0.1}, {"trade_seq": 1200, "trade_id": "232370671", "timestamp": 1666253678884, "tick_direction": 3, "price": 0.0035, "mark_price": 0.00337882, "iv": 66.04, "instrument_name": "BTC-30DEC22-34000-C", "index_price": 19131.07, "direction": "buy", "amount": 0.1}, {"trade_seq": 1199, "trade_id": "232370670", "timestamp": 1666253673719, "tick_direction": 3, "price": 0.0035, "mark_price": 0.00338066, "iv": 66.03, "instrument_name": "BTC-30DEC22-34000-C", "index_price": 19131.34, "direction": "buy", "amount": 0.1}, {"trade_seq": 1198, "trade_id": "232370666", "timestamp": 1666253670403, "tick_direction": 3, "price": 0.0035, "mark_price": 0.00338179, "iv": 66.03, "instrument_name": "BTC-30DEC22-34000-C", "index_price": 19131.57, "direction": "buy", "amount": 0.1}, {"trade_seq": 1197, "trade_id": "232370665", "timestamp": 1666253668758, "tick_direction": 3, "price": 0.0035, "mark_price": 0.003382, "iv": 66.03, "instrument_name": "BTC-30DEC22-34000-C", "index_price": 19131.45, "direction": "buy", "amount": 0.1}, {"trade_seq": 1196, "trade_id": "232370664", "timestamp": 1666253668479, "tick_direction": 3, "price": 0.0035, "mark_price": 0.003382, "iv": 66.03, "instrument_name": "BTC-30DEC22-34000-C", "index_price": 19131.45, "direction": "buy", "amount": 0.2}, {"trade_seq": 1195, "trade_id": "232370663", "timestamp": 1666253666744, "tick_direction": 3, "price": 0.0035, "mark_price": 0.00338256, "iv": 66.03, "instrument_name": "BTC-30DEC22-34000-C", "index_price": 19131.3, "direction": "buy", "amount": 0.1}, {"trade_seq": 1194, "trade_id": "232370662", "timestamp": 1666253662681, "tick_direction": 3, "price": 0.0035, "mark_price": 0.00338358, "iv": 66.03, "instrument_name": "BTC-30DEC22-34000-C", "index_price": 19131.49, "direction": "buy", "amount": 0.1}, {"trade_seq": 1193, "trade_id": "232370661", "timestamp": 1666253662681, "tick_direction": 3, "price": 0.0035, "mark_price": 0.00338358, "iv": 66.03, "instrument_name": "BTC-30DEC22-34000-C", "index_price": 19131.49, "direction": "buy", "amount": 0.1}, {"trade_seq": 1192, "trade_id": "232370652", "timestamp": 1666253653089, "tick_direction": 3, "price": 0.0035, "mark_price": 0.00338847, "iv": 66.03, "instrument_name": "BTC-30DEC22-34000-C", "index_price": 19132.41, "direction": "buy", "amount": 0.1}, {"trade_seq": 1191, "trade_id": "232370651", "timestamp": 1666253652439, "tick_direction": 3, "price": 0.0035, "mark_price": 0.00338847, "iv": 66.03, "instrument_name": "BTC-30DEC22-34000-C", "index_price": 19132.41, "direction": "buy", "amount": 0.1}, {"trade_seq": 1190, "trade_id": "232370650", "timestamp": 1666253652135, "tick_direction": 3, "price": 0.0035, "mark_price": 0.00338897, "iv": 66.03, "instrument_name": "BTC-30DEC22-34000-C", "index_price": 19132.59, "direction": "buy", "amount": 0.2}, {"trade_seq": 1189, "trade_id": "232370641", "timestamp": 1666253634038, "tick_direction": 3, "price": 0.0035, "mark_price": 0.00339095, "iv": 66.04, "instrument_name": "BTC-30DEC22-34000-C", "index_price": 19131.49, "direction": "buy", "amount": 0.1}, {"trade_seq": 1188, "trade_id": "232370640", "timestamp": 1666253634023, "tick_direction": 3, "price": 0.0035, "mark_price": 0.00339095, "iv": 66.04, "instrument_name": "BTC-30DEC22-34000-C", "index_price": 19131.49, "direction": "buy", "amount": 0.1}, {"trade_seq": 1187, "trade_id": "232370639", "timestamp": 1666253634003, "tick_direction": 3, "price": 0.0035, "mark_price": 0.00339095, "iv": 66.04, "instrument_name": "BTC-30DEC22-34000-C", "index_price": 19131.49, "direction": "buy", "amount": 0.2}, {"trade_seq": 1186, "trade_id": "232370635", "timestamp": 1666253626473, "tick_direction": 3, "price": 0.0035, "mark_price": 0.00339444, "iv": 66.03, "instrument_name": "BTC-30DEC22-34000-C", "index_price": 19132.93, "direction": "buy", "amount": 0.1}, {"trade_seq": 1185, "trade_id": "232370227", "timestamp": 1666253068303, "tick_direction": 2, "price": 0.0035, "mark_price": 0.00348858, "iv": 65.9, "instrument_name": "BTC-30DEC22-34000-C", "index_price": 19157.14, "direction": "buy", "amount": 0.7}, {"trade_seq": 1184, "trade_id": "232221394", "timestamp": 1666079287613, "tick_direction": 1, "price": 0.0045, "mark_price": 0.00454776, "iv": 65.35, "instrument_name": "BTC-30DEC22-34000-C", "index_price": 19648.33, "direction": "buy", "amount": 0.1}, {"trade_seq": 1183, "trade_id": "232218943", "timestamp": 1666078030854, "tick_direction": 0, "price": 0.0045, "mark_price": 0.00453037, "iv": 65.57, "instrument_name": "BTC-30DEC22-34000-C", "index_price": 19606.0, "direction": "sell", "amount": 5.1}, {"trade_seq": 1182, "trade_id": "232181181", "timestamp": 1666018728238, "tick_direction": 3, "price": 0.004, "mark_price": 0.00400612, "iv": 64.67, "instrument_name": "BTC-30DEC22-34000-C", "index_price": 19463.97, "direction": "sell", "amount": 5.0}, {"trade_seq": 1181, "trade_id": "232172530", "timestamp": 1666013454017, "tick_direction": 3, "price": 0.004, "mark_price": 0.00380258, "iv": 63.99, "instrument_name": "BTC-30DEC22-34000-C", "index_price": 19601.71, "direction": "buy", "amount": 2.0}, {"trade_seq": 1180, "trade_id": "232168631", "timestamp": 1666010020236, "tick_direction": 2, "price": 0.004, "mark_price": 0.00430111, "iv": 64.47, "instrument_name": "BTC-30DEC22-34000-C", "index_price": 19499.57, "direction": "sell", "amount": 2.0}, {"trade_seq": 1179, "trade_id": "232024063", "timestamp": 1665749791570, "tick_direction": 2, "price": 0.0045, "mark_price": 0.00493536, "iv": 63.91, "instrument_name": "BTC-30DEC22-34000-C", "index_price": 19613.56, "direction": "sell", "amount": 1.0}, {"trade_seq": 1178, "trade_id": "231981542", "timestamp": 1665715068551, "tick_direction": 1, "price": 0.006, "mark_price": 0.00610414, "iv": 66.03, "instrument_name": "BTC-30DEC22-34000-C", "index_price": 19827.73, "direction": "sell", "amount": 1.0}, {"trade_seq": 1177, "trade_id": "231975525", "timestamp": 1665712533870, "tick_direction": 1, "price": 0.006, "mark_price": 0.00607413, "iv": 65.51, "instrument_name": "BTC-30DEC22-34000-C", "index_price": 19925.19, "direction": "buy", "amount": 0.1}, {"trade_seq": 1176, "trade_id": "231975521", "timestamp": 1665712533113, "tick_direction": 1, "price": 0.006, "mark_price": 0.00607413, "iv": 65.53, "instrument_name": "BTC-30DEC22-34000-C", "index_price": 19922.34, "direction": "buy", "amount": 0.1}, {"trade_seq": 1175, "trade_id": "231975520", "timestamp": 1665712533067, "tick_direction": 1, "price": 0.006, "mark_price": 0.00607413, "iv": 65.53, "instrument_name": "BTC-30DEC22-34000-C", "index_price": 19922.34, "direction": "buy", "amount": 0.1}, {"trade_seq": 1174, "trade_id": "231975488", "timestamp": 1665712529151, "tick_direction": 1, "price": 0.006, "mark_price": 0.00608211, "iv": 65.51, "instrument_name": "BTC-30DEC22-34000-C", "index_price": 19922.3, "direction": "buy", "amount": 0.1}, {"trade_seq": 1173, "trade_id": "231975487", "timestamp": 1665712529102, "tick_direction": 1, "price": 0.006, "mark_price": 0.00608211, "iv": 65.54, "instrument_name": "BTC-30DEC22-34000-C", "index_price": 19924.71, "direction": "buy", "amount": 0.2}, {"trade_seq": 1172, "trade_id": "231975476", "timestamp": 1665712528594, "tick_direction": 1, "price": 0.006, "mark_price": 0.00606666, "iv": 65.54, "instrument_name": "BTC-30DEC22-34000-C", "index_price": 19924.71, "direction": "buy", "amount": 0.2}, {"trade_seq": 1171, "trade_id": "231975471", "timestamp": 1665712528547, "tick_direction": 1, "price": 0.006, "mark_price": 0.00606666, "iv": 65.54, "instrument_name": "BTC-30DEC22-34000-C", "index_price": 19924.71, "direction": "buy", "amount": 0.1}, {"trade_seq": 1170, "trade_id": "231975469", "timestamp": 1665712528512, "tick_direction": 0, "price": 0.006, "mark_price": 0.00606666, "iv": 65.54, "instrument_name": "BTC-30DEC22-34000-C", "index_price": 19924.71, "direction": "buy", "amount": 0.1}, {"trade_seq": 1169, "trade_id": "231935537", "timestamp": 1665682865175, "tick_direction": 1, "price": 0.0055, "mark_price": 0.00513621, "iv": 67.96, "instrument_name": "BTC-30DEC22-34000-C", "index_price": 19182.06, "direction": "sell", "amount": 7.0}, {"trade_seq": 1168, "trade_id": "231935536", "timestamp": 1665682864964, "tick_direction": 0, "price": 0.0055, "mark_price": 0.00513621, "iv": 67.96, "instrument_name": "BTC-30DEC22-34000-C", "index_price": 19182.06, "direction": "buy", "amount": 8.0}, {"trade_seq": 1167, "trade_id": "231888864", "timestamp": 1665669639866, "tick_direction": 3, "price": 0.004, "mark_price": 0.00447287, "iv": 68.08, "instrument_name": "BTC-30DEC22-34000-C", "index_price": 18403.89, "direction": "sell", "amount": 0.9}, {"trade_seq": 1166, "trade_id": "231888863", "timestamp": 1665669639866, "tick_direction": 2, "price": 0.004, "mark_price": 0.00447287, "iv": 68.08, "instrument_name": "BTC-30DEC22-34000-C", "index_price": 18403.89, "direction": "sell", "amount": 0.1}, {"trade_seq": 1165, "trade_id": "231803863", "timestamp": 1665639060248, "tick_direction": 1, "price": 0.006, "mark_price": 0.00592869, "iv": 69.39, "instrument_name": "BTC-30DEC22-34000-C", "index_price": 19073.72, "direction": "buy", "amount": 0.1}, {"trade_seq": 1164, "trade_id": "231803861", "timestamp": 1665639060240, "tick_direction": 1, "price": 0.006, "mark_price": 0.00592869, "iv": 69.39, "instrument_name": "BTC-30DEC22-34000-C", "index_price": 19073.72, "direction": "buy", "amount": 0.1}, {"trade_seq": 1163, "trade_id": "231803855", "timestamp": 1665639059957, "tick_direction": 1, "price": 0.006, "mark_price": 0.00592869, "iv": 69.39, "instrument_name": "BTC-30DEC22-34000-C", "index_price": 19073.72, "direction": "buy", "amount": 0.1}, {"trade_seq": 1162, "trade_id": "231803844", "timestamp": 1665639059056, "tick_direction": 1, "price": 0.006, "mark_price": 0.00592848, "iv": 69.39, "instrument_name": "BTC-30DEC22-34000-C", "index_price": 19073.64, "direction": "buy", "amount": 0.1}, {"trade_seq": 1161, "trade_id": "231803843", "timestamp": 1665639050956, "tick_direction": 1, "price": 0.006, "mark_price": 0.00592793, "iv": 69.39, "instrument_name": "BTC-30DEC22-34000-C", "index_price": 19073.53, "direction": "buy", "amount": 0.1}, {"trade_seq": 1160, "trade_id": "231803842", "timestamp": 1665639050087, "tick_direction": 1, "price": 0.006, "mark_price": 0.00592791, "iv": 69.39, "instrument_name": "BTC-30DEC22-34000-C", "index_price": 19073.37, "direction": "buy", "amount": 0.1}, {"trade_seq": 1159, "trade_id": "231803841", "timestamp": 1665639048931, "tick_direction": 1, "price": 0.006, "mark_price": 0.00592821, "iv": 69.39, "instrument_name": "BTC-30DEC22-34000-C", "index_price": 19073.49, "direction": "buy", "amount": 0.2}, {"trade_seq": 1158, "trade_id": "231803838", "timestamp": 1665639042842, "tick_direction": 1, "price": 0.006, "mark_price": 0.00592818, "iv": 69.39, "instrument_name": "BTC-30DEC22-34000-C", "index_price": 19073.42, "direction": "buy", "amount": 0.1}, {"trade_seq": 1157, "trade_id": "231803837", "timestamp": 1665639034721, "tick_direction": 0, "price": 0.006, "mark_price": 0.00593001, "iv": 69.39, "instrument_name": "BTC-30DEC22-34000-C", "index_price": 19074.02, "direction": "buy", "amount": 0.1}, {"trade_seq": 1156, "trade_id": "231750758", "timestamp": 1665548605051, "tick_direction": 3, "price": 0.0055, "mark_price": 0.00540063, "iv": 67.6, "instrument_name": "BTC-30DEC22-34000-C", "index_price": 19109.74, "direction": "buy", "amount": 1.0}, {"trade_seq": 1155, "trade_id": "231722622", "timestamp": 1665504714849, "tick_direction": 3, "price": 0.006, "mark_price": 0.00596064, "iv": 68.46, "instrument_name": "BTC-30DEC22-34000-C", "index_price": 19104.17, "direction": "sell", "amount": 0.4}, {"trade_seq": 1154, "trade_id": "231722431", "timestamp": 1665504568619, "tick_direction": 3, "price": 0.006, "mark_price": 0.00593113, "iv": 68.5, "instrument_name": "BTC-30DEC22-34000-C", "index_price": 19096.88, "direction": "sell", "amount": 0.5}, {"trade_seq": 1153, "trade_id": "231690186", "timestamp": 1665483024895, "tick_direction": 3, "price": 0.006, "mark_price": 0.00575068, "iv": 68.58, "instrument_name": "BTC-30DEC22-34000-C", "index_price": 19068.41, "direction": "buy", "amount": 11.4}, {"trade_seq": 1152, "trade_id": "231690185", "timestamp": 1665483024895, "tick_direction": 3, "price": 0.006, "mark_price": 0.00575068, "iv": 68.58, "instrument_name": "BTC-30DEC22-34000-C", "index_price": 19068.41, "direction": "buy", "amount": 4.0}, {"trade_seq": 1151, "trade_id": "231690184", "timestamp": 1665483024895, "tick_direction": 3, "price": 0.006, "mark_price": 0.00575068, "iv": 68.58, "instrument_name": "BTC-30DEC22-34000-C", "index_price": 19068.41, "direction": "buy", "amount": 1.0}, {"trade_seq": 1150, "trade_id": "231564176", "timestamp": 1665365321010, "tick_direction": 2, "price": 0.006, "mark_price": 0.00602352, "iv": 65.87, "instrument_name": "BTC-30DEC22-34000-C", "index_price": 19500.67, "direction": "sell", "amount": 0.1}, {"trade_seq": 1149, "trade_id": "231490569", "timestamp": 1665224642841, "tick_direction": 2, "price": 0.007, "mark_price": 0.00689237, "iv": 67.1, "instrument_name": "BTC-30DEC22-34000-C", "index_price": 19514.16, "direction": "sell", "amount": 2.5}, {"trade_seq": 1148, "trade_id": "231419020", "timestamp": 1665148637990, "tick_direction": 1, "price": 0.0085, "mark_price": 0.00787471, "iv": 68.71, "instrument_name": "BTC-30DEC22-34000-C", "index_price": 19640.3, "direction": "buy", "amount": 7.6}, {"trade_seq": 1147, "trade_id": "231418996", "timestamp": 1665148600839, "tick_direction": 1, "price": 0.0085, "mark_price": 0.00776481, "iv": 68.79, "instrument_name": "BTC-30DEC22-34000-C", "index_price": 19620.7, "direction": "buy", "amount": 5.1}, {"trade_seq": 1146, "trade_id": "231418995", "timestamp": 1665148600839, "tick_direction": 1, "price": 0.0085, "mark_price": 0.00776481, "iv": 68.79, "instrument_name": "BTC-30DEC22-34000-C", "index_price": 19620.7, "direction": "buy", "amount": 14.0}, {"trade_seq": 1145, "trade_id": "231418994", "timestamp": 1665148600839, "tick_direction": 0, "price": 0.0085, "mark_price": 0.00776481, "iv": 68.79, "instrument_name": "BTC-30DEC22-34000-C", "index_price": 19620.7, "direction": "buy", "amount": 0.9}, {"trade_seq": 1144, "trade_id": "231418890", "timestamp": 1665148513610, "tick_direction": 3, "price": 0.008, "mark_price": 0.00763249, "iv": 67.96, "instrument_name": "BTC-30DEC22-34000-C", "index_price": 19617.65, "direction": "sell", "amount": 6.8}, {"trade_seq": 1143, "trade_id": "231418889", "timestamp": 1665148513139, "tick_direction": 2, "price": 0.008, "mark_price": 0.00763249, "iv": 67.96, "instrument_name": "BTC-30DEC22-34000-C", "index_price": 19617.65, "direction": "buy", "amount": 5.6}, {"trade_seq": 1142, "trade_id": "231386304", "timestamp": 1665145535894, "tick_direction": 1, "price": 0.0085, "mark_price": 0.00829077, "iv": 66.69, "instrument_name": "BTC-30DEC22-34000-C", "index_price": 20038.19, "direction": "buy", "amount": 0.3}, {"trade_seq": 1141, "trade_id": "231386303", "timestamp": 1665145535861, "tick_direction": 1, "price": 0.0085, "mark_price": 0.00829077, "iv": 66.69, "instrument_name": "BTC-30DEC22-34000-C", "index_price": 20038.19, "direction": "buy", "amount": 0.5}, {"trade_seq": 1140, "trade_id": "231386256", "timestamp": 1665145535028, "tick_direction": 1, "price": 0.0085, "mark_price": 0.00825745, "iv": 66.74, "instrument_name": "BTC-30DEC22-34000-C", "index_price": 20026.86, "direction": "buy", "amount": 0.1}, {"trade_seq": 1139, "trade_id": "231386239", "timestamp": 1665145534795, "tick_direction": 1, "price": 0.0085, "mark_price": 0.00825745, "iv": 66.74, "instrument_name": "BTC-30DEC22-34000-C", "index_price": 20026.86, "direction": "buy", "amount": 0.1}, {"trade_seq": 1138, "trade_id": "231386238", "timestamp": 1665145534772, "tick_direction": 1, "price": 0.0085, "mark_price": 0.00825745, "iv": 66.74, "instrument_name": "BTC-30DEC22-34000-C", "index_price": 20026.86, "direction": "buy", "amount": 0.1}, {"trade_seq": 1137, "trade_id": "231386231", "timestamp": 1665145534722, "tick_direction": 1, "price": 0.0085, "mark_price": 0.00825745, "iv": 66.74, "instrument_name": "BTC-30DEC22-34000-C", "index_price": 20026.86, "direction": "buy", "amount": 0.1}, {"trade_seq": 1136, "trade_id": "231386228", "timestamp": 1665145534709, "tick_direction": 1, "price": 0.0085, "mark_price": 0.00825745, "iv": 66.74, "instrument_name": "BTC-30DEC22-34000-C", "index_price": 20026.86, "direction": "buy", "amount": 0.1}, {"trade_seq": 1135, "trade_id": "231386219", "timestamp": 1665145534505, "tick_direction": 1, "price": 0.0085, "mark_price": 0.00824996, "iv": 66.74, "instrument_name": "BTC-30DEC22-34000-C", "index_price": 20026.86, "direction": "buy", "amount": 0.1}, {"trade_seq": 1134, "trade_id": "231386217", "timestamp": 1665145534484, "tick_direction": 1, "price": 0.0085, "mark_price": 0.00824996, "iv": 66.74, "instrument_name": "BTC-30DEC22-34000-C", "index_price": 20026.86, "direction": "buy", "amount": 0.1}, {"trade_seq": 1133, "trade_id": "231386214", "timestamp": 1665145534459, "tick_direction": 1, "price": 0.0085, "mark_price": 0.00824996, "iv": 66.75, "instrument_name": "BTC-30DEC22-34000-C", "index_price": 20024.13, "direction": "buy", "amount": 0.1}, {"trade_seq": 1132, "trade_id": "231386212", "timestamp": 1665145534437, "tick_direction": 1, "price": 0.0085, "mark_price": 0.00824996, "iv": 66.75, "instrument_name": "BTC-30DEC22-34000-C", "index_price": 20024.13, "direction": "buy", "amount": 0.2}, {"trade_seq": 1131, "trade_id": "231386211", "timestamp": 1665145534389, "tick_direction": 1, "price": 0.0085, "mark_price": 0.00824996, "iv": 66.75, "instrument_name": "BTC-30DEC22-34000-C", "index_price": 20024.13, "direction": "buy", "amount": 0.1}, {"trade_seq": 1130, "trade_id": "231386210", "timestamp": 1665145534337, "tick_direction": 1, "price": 0.0085, "mark_price": 0.00824996, "iv": 66.75, "instrument_name": "BTC-30DEC22-34000-C", "index_price": 20024.13, "direction": "buy", "amount": 0.1}, {"trade_seq": 1129, "trade_id": "231386196", "timestamp": 1665145534293, "tick_direction": 0, "price": 0.0085, "mark_price": 0.00824996, "iv": 66.75, "instrument_name": "BTC-30DEC22-34000-C", "index_price": 20024.13, "direction": "buy", "amount": 0.2}, {"trade_seq": 1128, "trade_id": "231380422", "timestamp": 1665137689087, "tick_direction": 3, "price": 0.008, "mark_price": 0.00787577, "iv": 66.32, "instrument_name": "BTC-30DEC22-34000-C", "index_price": 19948.31, "direction": "buy", "amount": 0.1}, {"trade_seq": 1127, "trade_id": "231380421", "timestamp": 1665137684948, "tick_direction": 3, "price": 0.008, "mark_price": 0.00787602, "iv": 66.32, "instrument_name": "BTC-30DEC22-34000-C", "index_price": 19948.27, "direction": "buy", "amount": 0.1}, {"trade_seq": 1126, "trade_id": "231380418", "timestamp": 1665137678879, "tick_direction": 3, "price": 0.008, "mark_price": 0.00787931, "iv": 66.32, "instrument_name": "BTC-30DEC22-34000-C", "index_price": 19949.39, "direction": "buy", "amount": 0.1}, {"trade_seq": 1125, "trade_id": "231380417", "timestamp": 1665137677347, "tick_direction": 3, "price": 0.008, "mark_price": 0.00788159, "iv": 66.31, "instrument_name": "BTC-30DEC22-34000-C", "index_price": 19950.04, "direction": "buy", "amount": 0.2}, {"trade_seq": 1124, "trade_id": "231380416", "timestamp": 1665137676450, "tick_direction": 3, "price": 0.008, "mark_price": 0.00788273, "iv": 66.31, "instrument_name": "BTC-30DEC22-34000-C", "index_price": 19950.32, "direction": "buy", "amount": 0.1}, {"trade_seq": 1123, "trade_id": "231380415", "timestamp": 1665137675679, "tick_direction": 3, "price": 0.008, "mark_price": 0.00788481, "iv": 66.31, "instrument_name": "BTC-30DEC22-34000-C", "index_price": 19950.32, "direction": "buy", "amount": 0.1}, {"trade_seq": 1122, "trade_id": "231380414", "timestamp": 1665137672812, "tick_direction": 3, "price": 0.008, "mark_price": 0.00788646, "iv": 66.31, "instrument_name": "BTC-30DEC22-34000-C", "index_price": 19951.1, "direction": "buy", "amount": 0.1}, {"trade_seq": 1121, "trade_id": "231380413", "timestamp": 1665137670789, "tick_direction": 3, "price": 0.008, "mark_price": 0.00788681, "iv": 66.31, "instrument_name": "BTC-30DEC22-34000-C", "index_price": 19950.72, "direction": "buy", "amount": 0.1}, {"trade_seq": 1120, "trade_id": "231380390", "timestamp": 1665137636342, "tick_direction": 3, "price": 0.008, "mark_price": 0.00792023, "iv": 66.27, "instrument_name": "BTC-30DEC22-34000-C", "index_price": 19957.76, "direction": "buy", "amount": 0.2}, {"trade_seq": 1119, "trade_id": "231380380", "timestamp": 1665137618128, "tick_direction": 3, "price": 0.008, "mark_price": 0.00792709, "iv": 66.27, "instrument_name": "BTC-30DEC22-34000-C", "index_price": 19958.55, "direction": "buy", "amount": 0.2}, {"trade_seq": 1118, "trade_id": "231380379", "timestamp": 1665137616102, "tick_direction": 3, "price": 0.008, "mark_price": 0.00792781, "iv": 66.27, "instrument_name": "BTC-30DEC22-34000-C", "index_price": 19958.52, "direction": "buy", "amount": 0.2}, {"trade_seq": 1117, "trade_id": "231380378", "timestamp": 1665137614087, "tick_direction": 3, "price": 0.008, "mark_price": 0.00792982, "iv": 66.26, "instrument_name": "BTC-30DEC22-34000-C", "index_price": 19959.31, "direction": "buy", "amount": 0.2}, {"trade_seq": 1116, "trade_id": "231380377", "timestamp": 1665137612411, "tick_direction": 3, "price": 0.008, "mark_price": 0.00793018, "iv": 66.27, "instrument_name": "BTC-30DEC22-34000-C", "index_price": 19958.98, "direction": "buy", "amount": 0.2}, {"trade_seq": 1115, "trade_id": "231379172", "timestamp": 1665136442132, "tick_direction": 3, "price": 0.008, "mark_price": 0.00785543, "iv": 66.17, "instrument_name": "BTC-30DEC22-34000-C", "index_price": 19978.32, "direction": "buy", "amount": 0.1}, {"trade_seq": 1114, "trade_id": "231378252", "timestamp": 1665135989018, "tick_direction": 3, "price": 0.008, "mark_price": 0.00793347, "iv": 66.17, "instrument_name": "BTC-30DEC22-34000-C", "index_price": 19970.62, "direction": "buy", "amount": 0.1}, {"trade_seq": 1113, "trade_id": "231378249", "timestamp": 1665135987708, "tick_direction": 3, "price": 0.008, "mark_price": 0.00793444, "iv": 66.17, "instrument_name": "BTC-30DEC22-34000-C", "index_price": 19970.98, "direction": "buy", "amount": 0.1}, {"trade_seq": 1112, "trade_id": "231378248", "timestamp": 1665135987229, "tick_direction": 3, "price": 0.008, "mark_price": 0.00793687, "iv": 66.16, "instrument_name": "BTC-30DEC22-34000-C", "index_price": 19971.97, "direction": "buy", "amount": 0.2}, {"trade_seq": 1111, "trade_id": "231378246", "timestamp": 1665135986920, "tick_direction": 3, "price": 0.008, "mark_price": 0.00793687, "iv": 66.16, "instrument_name": "BTC-30DEC22-34000-C", "index_price": 19971.97, "direction": "buy", "amount": 0.1}, {"trade_seq": 1110, "trade_id": "231378230", "timestamp": 1665135974199, "tick_direction": 3, "price": 0.008, "mark_price": 0.00793826, "iv": 66.16, "instrument_name": "BTC-30DEC22-34000-C", "index_price": 19973.61, "direction": "buy", "amount": 0.1}, {"trade_seq": 1109, "trade_id": "231378229", "timestamp": 1665135973749, "tick_direction": 3, "price": 0.008, "mark_price": 0.00793826, "iv": 66.16, "instrument_name": "BTC-30DEC22-34000-C", "index_price": 19973.61, "direction": "buy", "amount": 0.2}, {"trade_seq": 1108, "trade_id": "231378217", "timestamp": 1665135971046, "tick_direction": 3, "price": 0.008, "mark_price": 0.00793985, "iv": 66.16, "instrument_name": "BTC-30DEC22-34000-C", "index_price": 19974.2, "direction": "buy", "amount": 0.2}, {"trade_seq": 1107, "trade_id": "231361116", "timestamp": 1665126647539, "tick_direction": 2, "price": 0.008, "mark_price": 0.00795487, "iv": 66.41, "instrument_name": "BTC-30DEC22-34000-C", "index_price": 19911.45, "direction": "buy", "amount": 4.0}, {"trade_seq": 1106, "trade_id": "231334363", "timestamp": 1665091320714, "tick_direction": 2, "price": 0.0095, "mark_price": 0.0092029, "iv": 68.46, "instrument_name": "BTC-30DEC22-34000-C", "index_price": 19949.74, "direction": "sell", "amount": 0.1}, {"trade_seq": 1105, "trade_id": "231314113", "timestamp": 1665072199596, "tick_direction": 3, "price": 0.01, "mark_price": 0.01002133, "iv": 68.78, "instrument_name": "BTC-30DEC22-34000-C", "index_price": 20016.06, "direction": "sell", "amount": 0.1}, {"trade_seq": 1104, "trade_id": "231292472", "timestamp": 1665065096850, "tick_direction": 3, "price": 0.01, "mark_price": 0.01021552, "iv": 68.63, "instrument_name": "BTC-30DEC22-34000-C", "index_price": 20035.76, "direction": "buy", "amount": 32.0}, {"trade_seq": 1103, "trade_id": "231292471", "timestamp": 1665065096843, "tick_direction": 3, "price": 0.01, "mark_price": 0.01021552, "iv": 68.63, "instrument_name": "BTC-30DEC22-34000-C", "index_price": 20035.76, "direction": "sell", "amount": 4.0}, {"trade_seq": 1102, "trade_id": "231292470", "timestamp": 1665065096843, "tick_direction": 2, "price": 0.01, "mark_price": 0.01021552, "iv": 68.63, "instrument_name": "BTC-30DEC22-34000-C", "index_price": 20035.76, "direction": "sell", "amount": 4.0}, {"trade_seq": 1101, "trade_id": "231178611", "timestamp": 1664972178734, "tick_direction": 1, "price": 0.01, "mark_price": 0.00979461, "iv": 68.46, "instrument_name": "BTC-30DEC22-34000-C", "index_price": 19988.35, "direction": "buy", "amount": 0.5}, {"trade_seq": 1100, "trade_id": "231143824", "timestamp": 1664926758995, "tick_direction": 1, "price": 0.01, "mark_price": 0.01057725, "iv": 66.46, "instrument_name": "BTC-30DEC22-34000-C", "index_price": 20358.66, "direction": "sell", "amount": 1.0}, {"trade_seq": 1099, "trade_id": "231100579", "timestamp": 1664892324431, "tick_direction": 1, "price": 0.01, "mark_price": 0.00986078, "iv": 67.1, "instrument_name": "BTC-30DEC22-34000-C", "index_price": 20188.74, "direction": "sell", "amount": 5.0}, {"trade_seq": 1098, "trade_id": "231069512", "timestamp": 1664869854251, "tick_direction": 1, "price": 0.01, "mark_price": 0.01006586, "iv": 68.1, "instrument_name": "BTC-30DEC22-34000-C", "index_price": 19951.89, "direction": "buy", "amount": 0.1}, {"trade_seq": 1097, "trade_id": "231068498", "timestamp": 1664869458440, "tick_direction": 0, "price": 0.01, "mark_price": 0.01002238, "iv": 68.19, "instrument_name": "BTC-30DEC22-34000-C", "index_price": 19930.14, "direction": "buy", "amount": 0.1}, {"trade_seq": 1096, "trade_id": "231024904", "timestamp": 1664819666919, "tick_direction": 0, "price": 0.0085, "mark_price": 0.00891525, "iv": 67.51, "instrument_name": "BTC-30DEC22-34000-C", "index_price": 19549.03, "direction": "sell", "amount": 5.0}, {"trade_seq": 1095, "trade_id": "230958612", "timestamp": 1664763208396, "tick_direction": 3, "price": 0.008, "mark_price": 0.00881484, "iv": 68.18, "instrument_name": "BTC-30DEC22-34000-C", "index_price": 19192.66, "direction": "sell", "amount": 3.4}, {"trade_seq": 1094, "trade_id": "230921051", "timestamp": 1664731097085, "tick_direction": 2, "price": 0.008, "mark_price": 0.00844758, "iv": 68.05, "instrument_name": "BTC-30DEC22-34000-C", "index_price": 19182.84, "direction": "sell", "amount": 0.9}, {"trade_seq": 1093, "trade_id": "230904301", "timestamp": 1664705104448, "tick_direction": 3, "price": 0.0085, "mark_price": 0.00798679, "iv": 68.4, "instrument_name": "BTC-30DEC22-34000-C", "index_price": 19258.68, "direction": "sell", "amount": 4.2}, {"trade_seq": 1092, "trade_id": "230904300", "timestamp": 1664705104174, "tick_direction": 2, "price": 0.0085, "mark_price": 0.00798679, "iv": 68.4, "instrument_name": "BTC-30DEC22-34000-C", "index_price": 19258.68, "direction": "buy", "amount": 4.3}, {"trade_seq": 1091, "trade_id": "230860946", "timestamp": 1664607679519, "tick_direction": 2, "price": 0.009, "mark_price": 0.00849325, "iv": 68.57, "instrument_name": "BTC-30DEC22-34000-C", "index_price": 19291.15, "direction": "buy", "amount": 0.6}, {"trade_seq": 1090, "trade_id": "230783332", "timestamp": 1664549256688, "tick_direction": 2, "price": 0.01, "mark_price": 0.00994875, "iv": 66.87, "instrument_name": "BTC-30DEC22-34000-C", "index_price": 19925.78, "direction": "sell", "amount": 0.8}, {"trade_seq": 1089, "trade_id": "230617796", "timestamp": 1664443882349, "tick_direction": 0, "price": 0.0115, "mark_price": 0.01128704, "iv": 70.7, "instrument_name": "BTC-30DEC22-34000-C", "index_price": 19447.39, "direction": "sell", "amount": 0.5}, {"trade_seq": 1088, "trade_id": "230616457", "timestamp": 1664442442347, "tick_direction": 3, "price": 0.011, "mark_price": 0.01117934, "iv": 70.25, "instrument_name": "BTC-30DEC22-34000-C", "index_price": 19410.2, "direction": "sell", "amount": 0.1}, {"trade_seq": 1087, "trade_id": "230616456", "timestamp": 1664442442334, "tick_direction": 3, "price": 0.011, "mark_price": 0.01117934, "iv": 70.25, "instrument_name": "BTC-30DEC22-34000-C", "index_price": 19410.2, "direction": "sell", "amount": 0.1}, {"trade_seq": 1086, "trade_id": "230616455", "timestamp": 1664442442323, "tick_direction": 3, "price": 0.011, "mark_price": 0.01117934, "iv": 70.25, "instrument_name": "BTC-30DEC22-34000-C", "index_price": 19410.2, "direction": "sell", "amount": 0.1}, {"trade_seq": 1085, "trade_id": "230616454", "timestamp": 1664442442312, "tick_direction": 3, "price": 0.011, "mark_price": 0.01117934, "iv": 70.25, "instrument_name": "BTC-30DEC22-34000-C", "index_price": 19410.2, "direction": "sell", "amount": 0.1}, {"trade_seq": 1084, "trade_id": "230616453", "timestamp": 1664442442296, "tick_direction": 3, "price": 0.011, "mark_price": 0.01117934, "iv": 70.25, "instrument_name": "BTC-30DEC22-34000-C", "index_price": 19410.2, "direction": "sell", "amount": 0.1}, {"trade_seq": 1083, "trade_id": "230569289", "timestamp": 1664396766463, "tick_direction": 3, "price": 0.011, "mark_price": 0.01115403, "iv": 69.27, "instrument_name": "BTC-30DEC22-34000-C", "index_price": 19567.2, "direction": "sell", "amount": 0.1}, {"trade_seq": 1082, "trade_id": "230569288", "timestamp": 1664396764981, "tick_direction": 3, "price": 0.011, "mark_price": 0.01115519, "iv": 69.27, "instrument_name": "BTC-30DEC22-34000-C", "index_price": 19567.84, "direction": "sell", "amount": 0.1}, {"trade_seq": 1081, "trade_id": "230569287", "timestamp": 1664396764971, "tick_direction": 3, "price": 0.011, "mark_price": 0.01115519, "iv": 69.27, "instrument_name": "BTC-30DEC22-34000-C", "index_price": 19567.84, "direction": "sell", "amount": 0.1}, {"trade_seq": 1080, "trade_id": "230569286", "timestamp": 1664396763944, "tick_direction": 3, "price": 0.011, "mark_price": 0.01115477, "iv": 69.27, "instrument_name": "BTC-30DEC22-34000-C", "index_price": 19567.92, "direction": "sell", "amount": 0.1}, {"trade_seq": 1079, "trade_id": "230567326", "timestamp": 1664394859869, "tick_direction": 3, "price": 0.011, "mark_price": 0.0113638, "iv": 69.18, "instrument_name": "BTC-30DEC22-34000-C", "index_price": 19583.52, "direction": "sell", "amount": 0.1}, {"trade_seq": 1078, "trade_id": "230567323", "timestamp": 1664394859370, "tick_direction": 3, "price": 0.011, "mark_price": 0.01136332, "iv": 69.18, "instrument_name": "BTC-30DEC22-34000-C", "index_price": 19583.52, "direction": "sell", "amount": 0.1}, {"trade_seq": 1077, "trade_id": "230567322", "timestamp": 1664394859358, "tick_direction": 3, "price": 0.011, "mark_price": 0.01136332, "iv": 69.18, "instrument_name": "BTC-30DEC22-34000-C", "index_price": 19583.52, "direction": "sell", "amount": 0.1}, {"trade_seq": 1076, "trade_id": "230567320", "timestamp": 1664394859325, "tick_direction": 3, "price": 0.011, "mark_price": 0.01136332, "iv": 69.18, "instrument_name": "BTC-30DEC22-34000-C", "index_price": 19583.52, "direction": "sell", "amount": 0.1}, {"trade_seq": 1075, "trade_id": "230567317", "timestamp": 1664394858872, "tick_direction": 3, "price": 0.011, "mark_price": 0.01136332, "iv": 69.18, "instrument_name": "BTC-30DEC22-34000-C", "index_price": 19586.32, "direction": "sell", "amount": 0.1}, {"trade_seq": 1074, "trade_id": "230567315", "timestamp": 1664394858854, "tick_direction": 3, "price": 0.011, "mark_price": 0.01136332, "iv": 69.18, "instrument_name": "BTC-30DEC22-34000-C", "index_price": 19586.32, "direction": "sell", "amount": 0.1}, {"trade_seq": 1073, "trade_id": "230567314", "timestamp": 1664394858846, "tick_direction": 3, "price": 0.011, "mark_price": 0.01136332, "iv": 69.18, "instrument_name": "BTC-30DEC22-34000-C", "index_price": 19586.32, "direction": "sell", "amount": 0.1}, {"trade_seq": 1072, "trade_id": "230562480", "timestamp": 1664391092450, "tick_direction": 3, "price": 0.011, "mark_price": 0.01124377, "iv": 69.42, "instrument_name": "BTC-30DEC22-34000-C", "index_price": 19540.73, "direction": "sell", "amount": 0.1}, {"trade_seq": 1071, "trade_id": "230562479", "timestamp": 1664391092440, "tick_direction": 3, "price": 0.011, "mark_price": 0.01124377, "iv": 69.42, "instrument_name": "BTC-30DEC22-34000-C", "index_price": 19540.73, "direction": "sell", "amount": 0.1}, {"trade_seq": 1070, "trade_id": "230562478", "timestamp": 1664391092419, "tick_direction": 3, "price": 0.011, "mark_price": 0.01124377, "iv": 69.42, "instrument_name": "BTC-30DEC22-34000-C", "index_price": 19540.73, "direction": "sell", "amount": 0.1}, {"trade_seq": 1069, "trade_id": "230562477", "timestamp": 1664391092411, "tick_direction": 3, "price": 0.011, "mark_price": 0.01124377, "iv": 69.42, "instrument_name": "BTC-30DEC22-34000-C", "index_price": 19540.73, "direction": "sell", "amount": 0.1}, {"trade_seq": 1068, "trade_id": "230562476", "timestamp": 1664391092359, "tick_direction": 3, "price": 0.011, "mark_price": 0.01124377, "iv": 69.42, "instrument_name": "BTC-30DEC22-34000-C", "index_price": 19540.73, "direction": "sell", "amount": 0.1}, {"trade_seq": 1067, "trade_id": "230562474", "timestamp": 1664391092259, "tick_direction": 3, "price": 0.011, "mark_price": 0.01124377, "iv": 69.42, "instrument_name": "BTC-30DEC22-34000-C", "index_price": 19540.73, "direction": "sell", "amount": 0.1}, {"trade_seq": 1066, "trade_id": "230562473", "timestamp": 1664391092249, "tick_direction": 3, "price": 0.011, "mark_price": 0.01124377, "iv": 69.42, "instrument_name": "BTC-30DEC22-34000-C", "index_price": 19540.73, "direction": "sell", "amount": 0.1}, {"trade_seq": 1065, "trade_id": "230562472", "timestamp": 1664391092103, "tick_direction": 3, "price": 0.011, "mark_price": 0.01124377, "iv": 69.42, "instrument_name": "BTC-30DEC22-34000-C", "index_price": 19541.87, "direction": "sell", "amount": 0.1}, {"trade_seq": 1064, "trade_id": "230562471", "timestamp": 1664391092094, "tick_direction": 3, "price": 0.011, "mark_price": 0.01124377, "iv": 69.42, "instrument_name": "BTC-30DEC22-34000-C", "index_price": 19541.87, "direction": "sell", "amount": 0.1}, {"trade_seq": 1063, "trade_id": "230562470", "timestamp": 1664391092085, "tick_direction": 3, "price": 0.011, "mark_price": 0.01124377, "iv": 69.42, "instrument_name": "BTC-30DEC22-34000-C", "index_price": 19541.87, "direction": "sell", "amount": 0.2}, {"trade_seq": 1062, "trade_id": "230562467", "timestamp": 1664391089230, "tick_direction": 3, "price": 0.011, "mark_price": 0.0112376, "iv": 69.42, "instrument_name": "BTC-30DEC22-34000-C", "index_price": 19540.78, "direction": "sell", "amount": 0.3}, {"trade_seq": 1061, "trade_id": "230502299", "timestamp": 1664364286536, "tick_direction": 3, "price": 0.011, "mark_price": 0.01050084, "iv": 72.33, "instrument_name": "BTC-30DEC22-34000-C", "index_price": 18908.02, "direction": "buy", "combo_id": "BTC-CSR13-30DEC22-27000_34000", "block_trade_id": "50760", "amount": 3000.0}, {"trade_seq": 1060, "trade_id": "230358458", "timestamp": 1664288258218, "tick_direction": 3, "price": 0.011, "mark_price": 0.01142545, "iv": 66.25, "instrument_name": "BTC-30DEC22-34000-C", "index_price": 20125.88, "direction": "sell", "amount": 0.1}, {"trade_seq": 1059, "trade_id": "230358457", "timestamp": 1664288258200, "tick_direction": 3, "price": 0.011, "mark_price": 0.01142545, "iv": 66.25, "instrument_name": "BTC-30DEC22-34000-C", "index_price": 20125.88, "direction": "sell", "amount": 0.1}, {"trade_seq": 1058, "trade_id": "230358456", "timestamp": 1664288258171, "tick_direction": 3, "price": 0.011, "mark_price": 0.01142545, "iv": 66.25, "instrument_name": "BTC-30DEC22-34000-C", "index_price": 20125.88, "direction": "sell", "amount": 0.1}, {"trade_seq": 1057, "trade_id": "230358454", "timestamp": 1664288257798, "tick_direction": 3, "price": 0.011, "mark_price": 0.01142614, "iv": 66.24, "instrument_name": "BTC-30DEC22-34000-C", "index_price": 20126.3, "direction": "sell", "amount": 0.1}, {"trade_seq": 1056, "trade_id": "230358453", "timestamp": 1664288257684, "tick_direction": 3, "price": 0.011, "mark_price": 0.01142614, "iv": 66.24, "instrument_name": "BTC-30DEC22-34000-C", "index_price": 20126.3, "direction": "sell", "amount": 0.1}, {"trade_seq": 1055, "trade_id": "230358451", "timestamp": 1664288251691, "tick_direction": 3, "price": 0.011, "mark_price": 0.01143583, "iv": 66.23, "instrument_name": "BTC-30DEC22-34000-C", "index_price": 20129.63, "direction": "sell", "amount": 0.1}, {"trade_seq": 1054, "trade_id": "230358434", "timestamp": 1664288221919, "tick_direction": 3, "price": 0.011, "mark_price": 0.01144851, "iv": 66.26, "instrument_name": "BTC-30DEC22-34000-C", "index_price": 20128.83, "direction": "sell", "amount": 0.1}, {"trade_seq": 1053, "trade_id": "230358433", "timestamp": 1664288221903, "tick_direction": 3, "price": 0.011, "mark_price": 0.01144851, "iv": 66.26, "instrument_name": "BTC-30DEC22-34000-C", "index_price": 20128.83, "direction": "sell", "amount": 0.1}, {"trade_seq": 1052, "trade_id": "230358432", "timestamp": 1664288221840, "tick_direction": 3, "price": 0.011, "mark_price": 0.01144851, "iv": 66.26, "instrument_name": "BTC-30DEC22-34000-C", "index_price": 20128.83, "direction": "sell", "amount": 0.1}, {"trade_seq": 1051, "trade_id": "230358426", "timestamp": 1664288220929, "tick_direction": 3, "price": 0.011, "mark_price": 0.01144661, "iv": 66.24, "instrument_name": "BTC-30DEC22-34000-C", "index_price": 20133.17, "direction": "sell", "amount": 0.1}, {"trade_seq": 1050, "trade_id": "230358425", "timestamp": 1664288220908, "tick_direction": 3, "price": 0.011, "mark_price": 0.01144661, "iv": 66.24, "instrument_name": "BTC-30DEC22-34000-C", "index_price": 20133.17, "direction": "sell", "amount": 0.1}, {"trade_seq": 1049, "trade_id": "230358424", "timestamp": 1664288220895, "tick_direction": 3, "price": 0.011, "mark_price": 0.01144661, "iv": 66.24, "instrument_name": "BTC-30DEC22-34000-C", "index_price": 20133.17, "direction": "sell", "amount": 0.1}, {"trade_seq": 1048, "trade_id": "230358423", "timestamp": 1664288220839, "tick_direction": 3, "price": 0.011, "mark_price": 0.01144661, "iv": 66.24, "instrument_name": "BTC-30DEC22-34000-C", "index_price": 20133.17, "direction": "sell", "amount": 0.1}, {"trade_seq": 1047, "trade_id": "230358422", "timestamp": 1664288220794, "tick_direction": 3, "price": 0.011, "mark_price": 0.01144661, "iv": 66.24, "instrument_name": "BTC-30DEC22-34000-C", "index_price": 20133.17, "direction": "sell", "amount": 0.2}, {"trade_seq": 1046, "trade_id": "230358421", "timestamp": 1664288220432, "tick_direction": 3, "price": 0.011, "mark_price": 0.01144661, "iv": 66.22, "instrument_name": "BTC-30DEC22-34000-C", "index_price": 20138.29, "direction": "sell", "amount": 0.1}, {"trade_seq": 1045, "trade_id": "230358419", "timestamp": 1664288220334, "tick_direction": 3, "price": 0.011, "mark_price": 0.01144661, "iv": 66.22, "instrument_name": "BTC-30DEC22-34000-C", "index_price": 20138.29, "direction": "sell", "amount": 0.1}, {"trade_seq": 1044, "trade_id": "230358418", "timestamp": 1664288220225, "tick_direction": 3, "price": 0.011, "mark_price": 0.01144661, "iv": 66.22, "instrument_name": "BTC-30DEC22-34000-C", "index_price": 20138.29, "direction": "sell", "amount": 0.1}, {"trade_seq": 1043, "trade_id": "230358340", "timestamp": 1664288148078, "tick_direction": 2, "price": 0.011, "mark_price": 0.0114461, "iv": 66.23, "instrument_name": "BTC-30DEC22-34000-C", "index_price": 20134.24, "direction": "sell", "amount": 0.1}, {"trade_seq": 1042, "trade_id": "230321623", "timestamp": 1664258586238, "tick_direction": 2, "price": 0.012, "mark_price": 0.01211567, "iv": 67.09, "instrument_name": "BTC-30DEC22-34000-C", "index_price": 20191.28, "direction": "buy", "amount": 0.5}, {"trade_seq": 1041, "trade_id": "230318031", "timestamp": 1664256348005, "tick_direction": 0, "price": 0.0125, "mark_price": 0.01169987, "iv": 68.62, "instrument_name": "BTC-30DEC22-34000-C", "index_price": 19992.94, "direction": "buy", "amount": 2.0}, {"trade_seq": 1040, "trade_id": "230304307", "timestamp": 1664248671746, "tick_direction": 1, "price": 0.0115, "mark_price": 0.01152966, "iv": 66.48, "instrument_name": "BTC-30DEC22-34000-C", "index_price": 20177.85, "direction": "sell", "amount": 0.1}, {"trade_seq": 1039, "trade_id": "230304303", "timestamp": 1664248670964, "tick_direction": 1, "price": 0.0115, "mark_price": 0.01151391, "iv": 66.51, "instrument_name": "BTC-30DEC22-34000-C", "index_price": 20171.79, "direction": "sell", "amount": 0.2}, {"trade_seq": 1038, "trade_id": "230304302", "timestamp": 1664248670914, "tick_direction": 1, "price": 0.0115, "mark_price": 0.01151391, "iv": 66.51, "instrument_name": "BTC-30DEC22-34000-C", "index_price": 20171.79, "direction": "sell", "amount": 0.2}, {"trade_seq": 1037, "trade_id": "230304301", "timestamp": 1664248670800, "tick_direction": 1, "price": 0.0115, "mark_price": 0.01151391, "iv": 66.51, "instrument_name": "BTC-30DEC22-34000-C", "index_price": 20171.79, "direction": "sell", "amount": 0.1}, {"trade_seq": 1036, "trade_id": "230304300", "timestamp": 1664248670791, "tick_direction": 1, "price": 0.0115, "mark_price": 0.01151391, "iv": 66.51, "instrument_name": "BTC-30DEC22-34000-C", "index_price": 20171.79, "direction": "sell", "amount": 0.1}, {"trade_seq": 1035, "trade_id": "230304124", "timestamp": 1664248651722, "tick_direction": 1, "price": 0.0115, "mark_price": 0.01159509, "iv": 66.41, "instrument_name": "BTC-30DEC22-34000-C", "index_price": 20193.38, "direction": "sell", "amount": 0.1}, {"trade_seq": 1034, "trade_id": "230304122", "timestamp": 1664248651712, "tick_direction": 1, "price": 0.0115, "mark_price": 0.01159509, "iv": 66.41, "instrument_name": "BTC-30DEC22-34000-C", "index_price": 20193.38, "direction": "sell", "amount": 0.1}, {"trade_seq": 1033, "trade_id": "230304121", "timestamp": 1664248651688, "tick_direction": 1, "price": 0.0115, "mark_price": 0.01159509, "iv": 66.41, "instrument_name": "BTC-30DEC22-34000-C", "index_price": 20193.38, "direction": "sell", "amount": 0.1}, {"trade_seq": 1032, "trade_id": "230304118", "timestamp": 1664248650893, "tick_direction": 0, "price": 0.0115, "mark_price": 0.0116081, "iv": 66.4, "instrument_name": "BTC-30DEC22-34000-C", "index_price": 20197.05, "direction": "sell", "amount": 0.1}, {"trade_seq": 1031, "trade_id": "230290894", "timestamp": 1664243551442, "tick_direction": 1, "price": 0.0105, "mark_price": 0.01097814, "iv": 66.97, "instrument_name": "BTC-30DEC22-34000-C", "index_price": 19785.97, "direction": "sell", "amount": 0.1}, {"trade_seq": 1030, "trade_id": "230290892", "timestamp": 1664243550688, "tick_direction": 1, "price": 0.0105, "mark_price": 0.01097678, "iv": 66.95, "instrument_name": "BTC-30DEC22-34000-C", "index_price": 19788.49, "direction": "sell", "amount": 0.1}, {"trade_seq": 1029, "trade_id": "230290888", "timestamp": 1664243550652, "tick_direction": 1, "price": 0.0105, "mark_price": 0.01097678, "iv": 66.95, "instrument_name": "BTC-30DEC22-34000-C", "index_price": 19788.49, "direction": "sell", "amount": 0.1}, {"trade_seq": 1028, "trade_id": "230290886", "timestamp": 1664243550636, "tick_direction": 1, "price": 0.0105, "mark_price": 0.01097678, "iv": 66.95, "instrument_name": "BTC-30DEC22-34000-C", "index_price": 19788.49, "direction": "sell", "amount": 0.1}, {"trade_seq": 1027, "trade_id": "230290875", "timestamp": 1664243547939, "tick_direction": 1, "price": 0.0105, "mark_price": 0.01096628, "iv": 66.96, "instrument_name": "BTC-30DEC22-34000-C", "index_price": 19788.8, "direction": "sell", "amount": 0.1}, {"trade_seq": 1026, "trade_id": "230290847", "timestamp": 1664243545423, "tick_direction": 1, "price": 0.0105, "mark_price": 0.01096396, "iv": 66.97, "instrument_name": "BTC-30DEC22-34000-C", "index_price": 19787.83, "direction": "sell", "amount": 0.1}, {"trade_seq": 1025, "trade_id": "230290846", "timestamp": 1664243545412, "tick_direction": 1, "price": 0.0105, "mark_price": 0.01096396, "iv": 66.97, "instrument_name": "BTC-30DEC22-34000-C", "index_price": 19787.83, "direction": "sell", "amount": 0.1}, {"trade_seq": 1024, "trade_id": "230290844", "timestamp": 1664243545385, "tick_direction": 1, "price": 0.0105, "mark_price": 0.01096396, "iv": 66.97, "instrument_name": "BTC-30DEC22-34000-C", "index_price": 19787.83, "direction": "sell", "amount": 0.1}, {"trade_seq": 1023, "trade_id": "230290840", "timestamp": 1664243545330, "tick_direction": 1, "price": 0.0105, "mark_price": 0.01096396, "iv": 66.97, "instrument_name": "BTC-30DEC22-34000-C", "index_price": 19787.83, "direction": "sell", "amount": 0.1}, {"trade_seq": 1022, "trade_id": "230290836", "timestamp": 1664243545297, "tick_direction": 1, "price": 0.0105, "mark_price": 0.01096396, "iv": 66.97, "instrument_name": "BTC-30DEC22-34000-C", "index_price": 19787.83, "direction": "sell", "amount": 0.1}, {"trade_seq": 1021, "trade_id": "230290831", "timestamp": 1664243545260, "tick_direction": 1, "price": 0.0105, "mark_price": 0.01096396, "iv": 66.97, "instrument_name": "BTC-30DEC22-34000-C", "index_price": 19787.83, "direction": "sell", "amount": 0.1}, {"trade_seq": 1020, "trade_id": "230290827", "timestamp": 1664243545194, "tick_direction": 1, "price": 0.0105, "mark_price": 0.01096396, "iv": 66.97, "instrument_name": "BTC-30DEC22-34000-C", "index_price": 19787.83, "direction": "sell", "amount": 0.1}, {"trade_seq": 1019, "trade_id": "230290822", "timestamp": 1664243545015, "tick_direction": 1, "price": 0.0105, "mark_price": 0.01096396, "iv": 66.97, "instrument_name": "BTC-30DEC22-34000-C", "index_price": 19787.83, "direction": "sell", "amount": 0.1}, {"trade_seq": 1018, "trade_id": "230290777", "timestamp": 1664243543008, "tick_direction": 1, "price": 0.0105, "mark_price": 0.01100713, "iv": 66.93, "instrument_name": "BTC-30DEC22-34000-C", "index_price": 19797.37, "direction": "sell", "amount": 0.1}, {"trade_seq": 1017, "trade_id": "230290775", "timestamp": 1664243542652, "tick_direction": 1, "price": 0.0105, "mark_price": 0.01102137, "iv": 66.92, "instrument_name": "BTC-30DEC22-34000-C", "index_price": 19800.6, "direction": "sell", "amount": 0.1}, {"trade_seq": 1016, "trade_id": "230290773", "timestamp": 1664243542635, "tick_direction": 1, "price": 0.0105, "mark_price": 0.01102137, "iv": 66.92, "instrument_name": "BTC-30DEC22-34000-C", "index_price": 19800.6, "direction": "sell", "amount": 0.1}, {"trade_seq": 1015, "trade_id": "230290770", "timestamp": 1664243542618, "tick_direction": 1, "price": 0.0105, "mark_price": 0.01102137, "iv": 66.92, "instrument_name": "BTC-30DEC22-34000-C", "index_price": 19800.6, "direction": "sell", "amount": 0.1}, {"trade_seq": 1014, "trade_id": "230290767", "timestamp": 1664243542590, "tick_direction": 1, "price": 0.0105, "mark_price": 0.01102137, "iv": 66.92, "instrument_name": "BTC-30DEC22-34000-C", "index_price": 19800.6, "direction": "sell", "amount": 0.1}, {"trade_seq": 1013, "trade_id": "230290765", "timestamp": 1664243541543, "tick_direction": 1, "price": 0.0105, "mark_price": 0.01103262, "iv": 66.9, "instrument_name": "BTC-30DEC22-34000-C", "index_price": 19804.4, "direction": "sell", "amount": 0.1}, {"trade_seq": 1012, "trade_id": "230290763", "timestamp": 1664243541519, "tick_direction": 1, "price": 0.0105, "mark_price": 0.01103262, "iv": 66.9, "instrument_name": "BTC-30DEC22-34000-C", "index_price": 19804.4, "direction": "sell", "amount": 0.1}, {"trade_seq": 1011, "trade_id": "230290760", "timestamp": 1664243541491, "tick_direction": 1, "price": 0.0105, "mark_price": 0.01103262, "iv": 66.9, "instrument_name": "BTC-30DEC22-34000-C", "index_price": 19804.4, "direction": "sell", "amount": 0.1}, {"trade_seq": 1010, "trade_id": "230290757", "timestamp": 1664243541469, "tick_direction": 1, "price": 0.0105, "mark_price": 0.01103262, "iv": 66.9, "instrument_name": "BTC-30DEC22-34000-C", "index_price": 19804.4, "direction": "sell", "amount": 0.1}, {"trade_seq": 1009, "trade_id": "230290753", "timestamp": 1664243541427, "tick_direction": 1, "price": 0.0105, "mark_price": 0.01103262, "iv": 66.9, "instrument_name": "BTC-30DEC22-34000-C", "index_price": 19804.4, "direction": "sell", "amount": 0.1}, {"trade_seq": 1008, "trade_id": "230290751", "timestamp": 1664243541381, "tick_direction": 1, "price": 0.0105, "mark_price": 0.01103262, "iv": 66.9, "instrument_name": "BTC-30DEC22-34000-C", "index_price": 19804.4, "direction": "sell", "amount": 0.1}, {"trade_seq": 1007, "trade_id": "230290748", "timestamp": 1664243541238, "tick_direction": 1, "price": 0.0105, "mark_price": 0.01103262, "iv": 66.9, "instrument_name": "BTC-30DEC22-34000-C", "index_price": 19804.4, "direction": "sell", "amount": 0.1}, {"trade_seq": 1006, "trade_id": "230290723", "timestamp": 1664243522235, "tick_direction": 1, "price": 0.0105, "mark_price": 0.01105337, "iv": 66.86, "instrument_name": "BTC-30DEC22-34000-C", "index_price": 19811.73, "direction": "sell", "amount": 0.1}, {"trade_seq": 1005, "trade_id": "230290722", "timestamp": 1664243522224, "tick_direction": 1, "price": 0.0105, "mark_price": 0.01105337, "iv": 66.86, "instrument_name": "BTC-30DEC22-34000-C", "index_price": 19811.73, "direction": "sell", "amount": 0.1}, {"trade_seq": 1004, "trade_id": "230290525", "timestamp": 1664243399584, "tick_direction": 1, "price": 0.0105, "mark_price": 0.01100445, "iv": 66.94, "instrument_name": "BTC-30DEC22-34000-C", "index_price": 19789.02, "direction": "sell", "amount": 0.1}, {"trade_seq": 1003, "trade_id": "230290524", "timestamp": 1664243399575, "tick_direction": 1, "price": 0.0105, "mark_price": 0.01100445, "iv": 66.94, "instrument_name": "BTC-30DEC22-34000-C", "index_price": 19789.02, "direction": "sell", "amount": 0.1}, {"trade_seq": 1002, "trade_id": "230290523", "timestamp": 1664243399556, "tick_direction": 1, "price": 0.0105, "mark_price": 0.01100445, "iv": 66.94, "instrument_name": "BTC-30DEC22-34000-C", "index_price": 19789.02, "direction": "sell", "amount": 0.1}, {"trade_seq": 1001, "trade_id": "230290522", "timestamp": 1664243399286, "tick_direction": 1, "price": 0.0105, "mark_price": 0.01100445, "iv": 66.94, "instrument_name": "BTC-30DEC22-34000-C", "index_price": 19789.02, "direction": "sell", "amount": 0.1}, {"trade_seq": 1000, "trade_id": "230290521", "timestamp": 1664243398862, "tick_direction": 1, "price": 0.0105, "mark_price": 0.01100445, "iv": 66.94, "instrument_name": "BTC-30DEC22-34000-C", "index_price": 19789.02, "direction": "sell", "amount": 0.1}, {"trade_seq": 999, "trade_id": "230290520", "timestamp": 1664243398841, "tick_direction": 1, "price": 0.0105, "mark_price": 0.01100445, "iv": 66.94, "instrument_name": "BTC-30DEC22-34000-C", "index_price": 19789.02, "direction": "sell", "amount": 0.1}, {"trade_seq": 998, "trade_id": "230290460", "timestamp": 1664243369174, "tick_direction": 1, "price": 0.0105, "mark_price": 0.01100931, "iv": 66.94, "instrument_name": "BTC-30DEC22-34000-C", "index_price": 19786.37, "direction": "sell", "amount": 0.1}, {"trade_seq": 997, "trade_id": "230290459", "timestamp": 1664243367158, "tick_direction": 0, "price": 0.0105, "mark_price": 0.01100604, "iv": 66.94, "instrument_name": "BTC-30DEC22-34000-C", "index_price": 19785.62, "direction": "sell", "amount": 0.1}, {"trade_seq": 996, "trade_id": "230204058", "timestamp": 1664176631029, "tick_direction": 3, "price": 0.0085, "mark_price": 0.00909678, "iv": 68.5, "instrument_name": "BTC-30DEC22-34000-C", "index_price": 18782.48, "direction": "sell", "amount": 0.7}, {"trade_seq": 995, "trade_id": "230204057", "timestamp": 1664176631029, "tick_direction": 3, "price": 0.0085, "mark_price": 0.00909678, "iv": 68.5, "instrument_name": "BTC-30DEC22-34000-C", "index_price": 18782.48, "direction": "sell", "amount": 0.3}, {"trade_seq": 994, "trade_id": "230203821", "timestamp": 1664176358411, "tick_direction": 2, "price": 0.0085, "mark_price": 0.00917973, "iv": 68.5, "instrument_name": "BTC-30DEC22-34000-C", "index_price": 18778.7, "direction": "sell", "amount": 4.0}, {"trade_seq": 993, "trade_id": "230092789", "timestamp": 1664014618769, "tick_direction": 3, "price": 0.009, "mark_price": 0.00851493, "iv": 67.45, "instrument_name": "BTC-30DEC22-34000-C", "index_price": 19024.51, "direction": "sell", "amount": 4.7}, {"trade_seq": 992, "trade_id": "230092774", "timestamp": 1664014618565, "tick_direction": 3, "price": 0.009, "mark_price": 0.00851493, "iv": 67.45, "instrument_name": "BTC-30DEC22-34000-C", "index_price": 19024.51, "direction": "sell", "amount": 0.2}, {"trade_seq": 991, "trade_id": "230092772", "timestamp": 1664014618559, "tick_direction": 3, "price": 0.009, "mark_price": 0.00851493, "iv": 67.45, "instrument_name": "BTC-30DEC22-34000-C", "index_price": 19024.51, "direction": "sell", "amount": 4.1}, {"trade_seq": 990, "trade_id": "230092767", "timestamp": 1664014618401, "tick_direction": 3, "price": 0.009, "mark_price": 0.00848498, "iv": 67.45, "instrument_name": "BTC-30DEC22-34000-C", "index_price": 19024.51, "direction": "sell", "amount": 4.3}, {"trade_seq": 989, "trade_id": "230092744", "timestamp": 1664014617772, "tick_direction": 2, "price": 0.009, "mark_price": 0.00848498, "iv": 67.45, "instrument_name": "BTC-30DEC22-34000-C", "index_price": 19024.18, "direction": "buy", "amount": 4.6}, {"trade_seq": 988, "trade_id": "230062919", "timestamp": 1663973418943, "tick_direction": 3, "price": 0.0095, "mark_price": 0.00957869, "iv": 66.9, "instrument_name": "BTC-30DEC22-34000-C", "index_price": 19255.22, "direction": "buy", "amount": 0.1}, {"trade_seq": 987, "trade_id": "230062916", "timestamp": 1663973418895, "tick_direction": 3, "price": 0.0095, "mark_price": 0.00957869, "iv": 66.9, "instrument_name": "BTC-30DEC22-34000-C", "index_price": 19255.22, "direction": "buy", "amount": 0.1}, {"trade_seq": 986, "trade_id": "230062895", "timestamp": 1663973412063, "tick_direction": 3, "price": 0.0095, "mark_price": 0.00958184, "iv": 66.9, "instrument_name": "BTC-30DEC22-34000-C", "index_price": 19254.26, "direction": "buy", "amount": 0.1}, {"trade_seq": 985, "trade_id": "230062889", "timestamp": 1663973410237, "tick_direction": 3, "price": 0.0095, "mark_price": 0.00958404, "iv": 66.9, "instrument_name": "BTC-30DEC22-34000-C", "index_price": 19254.35, "direction": "buy", "amount": 0.1}, {"trade_seq": 984, "trade_id": "230062887", "timestamp": 1663973408251, "tick_direction": 3, "price": 0.0095, "mark_price": 0.00958569, "iv": 66.89, "instrument_name": "BTC-30DEC22-34000-C", "index_price": 19254.17, "direction": "buy", "amount": 0.1}, {"trade_seq": 983, "trade_id": "230062883", "timestamp": 1663973407125, "tick_direction": 3, "price": 0.0095, "mark_price": 0.00957646, "iv": 66.91, "instrument_name": "BTC-30DEC22-34000-C", "index_price": 19251.12, "direction": "buy", "amount": 0.1}, {"trade_seq": 982, "trade_id": "230062882", "timestamp": 1663973407115, "tick_direction": 3, "price": 0.0095, "mark_price": 0.00957646, "iv": 66.91, "instrument_name": "BTC-30DEC22-34000-C", "index_price": 19251.12, "direction": "buy", "amount": 0.1}, {"trade_seq": 981, "trade_id": "230062880", "timestamp": 1663973405313, "tick_direction": 3, "price": 0.0095, "mark_price": 0.00957094, "iv": 66.92, "instrument_name": "BTC-30DEC22-34000-C", "index_price": 19249.0, "direction": "buy", "amount": 0.2}, {"trade_seq": 980, "trade_id": "230050946", "timestamp": 1663966047686, "tick_direction": 3, "price": 0.0095, "mark_price": 0.01004927, "iv": 68.48, "instrument_name": "BTC-30DEC22-34000-C", "index_price": 18918.07, "direction": "buy", "amount": 0.1}, {"trade_seq": 979, "trade_id": "230050945", "timestamp": 1663966046233, "tick_direction": 3, "price": 0.0095, "mark_price": 0.01004754, "iv": 68.48, "instrument_name": "BTC-30DEC22-34000-C", "index_price": 18918.22, "direction": "buy", "amount": 0.1}, {"trade_seq": 978, "trade_id": "230050943", "timestamp": 1663966045897, "tick_direction": 3, "price": 0.0095, "mark_price": 0.01004987, "iv": 68.48, "instrument_name": "BTC-30DEC22-34000-C", "index_price": 18917.34, "direction": "buy", "amount": 0.1}, {"trade_seq": 977, "trade_id": "230050942", "timestamp": 1663966043034, "tick_direction": 3, "price": 0.0095, "mark_price": 0.01005369, "iv": 68.48, "instrument_name": "BTC-30DEC22-34000-C", "index_price": 18917.95, "direction": "buy", "amount": 0.1}, {"trade_seq": 976, "trade_id": "230050941", "timestamp": 1663966039926, "tick_direction": 3, "price": 0.0095, "mark_price": 0.01005702, "iv": 68.48, "instrument_name": "BTC-30DEC22-34000-C", "index_price": 18917.32, "direction": "buy", "amount": 0.1}, {"trade_seq": 975, "trade_id": "230050940", "timestamp": 1663966036653, "tick_direction": 3, "price": 0.0095, "mark_price": 0.01005982, "iv": 68.49, "instrument_name": "BTC-30DEC22-34000-C", "index_price": 18917.15, "direction": "buy", "amount": 0.2}, {"trade_seq": 974, "trade_id": "230050939", "timestamp": 1663966036225, "tick_direction": 3, "price": 0.0095, "mark_price": 0.01005982, "iv": 68.49, "instrument_name": "BTC-30DEC22-34000-C", "index_price": 18917.15, "direction": "buy", "amount": 0.3}