{"trades": [{"trade_seq": 127, "trade_id": "136724901", "timestamp": 1616005374978, "tick_direction": 3, "price": 0.861, "mark_price": 0.85996607, "iv": 500.0, "instrument_name": "BTC-26MAR21-8000-C", "index_price": 56925.85, "direction": "buy", "amount": 0.1}, {"trade_seq": 126, "trade_id": "136724821", "timestamp": 1616005366210, "tick_direction": 2, "price": 0.861, "mark_price": 0.85996619, "iv": 500.0, "instrument_name": "BTC-26MAR21-8000-C", "index_price": 56942.38, "direction": "buy", "amount": 0.1}, {"trade_seq": 125, "trade_id": "135953956", "timestamp": 1615792641501, "tick_direction": 1, "price": 0.862, "mark_price": 0.86295344, "iv": 0.0, "instrument_name": "BTC-26MAR21-8000-C", "index_price": 57877.71, "direction": "sell", "amount": 0.5}, {"trade_seq": 124, "trade_id": "135953707", "timestamp": 1615792635444, "tick_direction": 0, "price": 0.862, "mark_price": 0.86300495, "iv": 0.0, "instrument_name": "BTC-26MAR21-8000-C", "index_price": 57907.61, "direction": "sell", "amount": 0.5}, {"trade_seq": 123, "trade_id": "132112303", "timestamp": 1614384822505, "tick_direction": 0, "price": 0.8315, "mark_price": 0.83186918, "iv": 0.0, "instrument_name": "BTC-26MAR21-8000-C", "index_price": 46718.95, "direction": "buy", "amount": 0.2}, {"trade_seq": 122, "trade_id": "124887118", "timestamp": 1612453297427, "tick_direction": 2, "price": 0.7825, "mark_price": 0.79040432, "iv": 0.0, "instrument_name": "BTC-26MAR21-8000-C", "index_price": 36637.5, "direction": "sell", "amount": 0.2}, {"trade_seq": 121, "trade_id": "118489134", "timestamp": 1610726124499, "tick_direction": 1, "price": 0.79, "mark_price": 0.78761497, "iv": 191.65, "instrument_name": "BTC-26MAR21-8000-C", "index_price": 35409.94, "direction": "sell", "amount": 0.1}, {"trade_seq": 120, "trade_id": "118488890", "timestamp": 1610726116843, "tick_direction": 0, "price": 0.79, "mark_price": 0.78767895, "iv": 191.17, "instrument_name": "BTC-26MAR21-8000-C", "index_price": 35428.94, "direction": "sell", "amount": 0.1}, {"trade_seq": 119, "trade_id": "118488706", "timestamp": 1610726105030, "tick_direction": 1, "price": 0.7895, "mark_price": 0.78800873, "iv": 184.83, "instrument_name": "BTC-26MAR21-8000-C", "index_price": 35484.63, "direction": "sell", "amount": 0.1}, {"trade_seq": 118, "trade_id": "118488705", "timestamp": 1610726105030, "tick_direction": 0, "price": 0.7895, "mark_price": 0.78800873, "iv": 184.83, "instrument_name": "BTC-26MAR21-8000-C", "index_price": 35484.63, "direction": "sell", "amount": 0.1}, {"trade_seq": 117, "trade_id": "117569514", "timestamp": 1610497617578, "tick_direction": 2, "price": 0.7715, "mark_price": 0.77100245, "iv": 172.95, "instrument_name": "BTC-26MAR21-8000-C", "index_price": 33001.33, "direction": "sell", "amount": 0.1}, {"trade_seq": 116, "trade_id": "117373783", "timestamp": 1610461582204, "tick_direction": 2, "price": 0.772, "mark_price": 0.77151979, "iv": 168.89, "instrument_name": "BTC-26MAR21-8000-C", "index_price": 33132.68, "direction": "sell", "amount": 0.1}, {"trade_seq": 115, "trade_id": "117373572", "timestamp": 1610461570417, "tick_direction": 2, "price": 0.7725, "mark_price": 0.77158268, "iv": 172.03, "instrument_name": "BTC-26MAR21-8000-C", "index_price": 33151.84, "direction": "sell", "amount": 0.1}, {"trade_seq": 114, "trade_id": "116029670", "timestamp": 1610310549024, "tick_direction": 2, "price": 0.7855, "mark_price": 0.78272783, "iv": 155.61, "instrument_name": "BTC-26MAR21-8000-C", "index_price": 35337.77, "direction": "buy", "amount": 0.2}, {"trade_seq": 113, "trade_id": "114442654", "timestamp": 1610031089030, "tick_direction": 0, "price": 0.7975, "mark_price": 0.80058542, "iv": 0.0, "instrument_name": "BTC-26MAR21-8000-C", "index_price": 38392.92, "direction": "buy", "amount": 0.1}, {"trade_seq": 112, "trade_id": "108795967", "timestamp": 1608198125025, "tick_direction": 2, "price": 0.659, "mark_price": 0.66019199, "iv": 0.0, "instrument_name": "BTC-26MAR21-8000-C", "index_price": 22492.27, "direction": "buy", "amount": 0.2}, {"trade_seq": 111, "trade_id": "108767451", "timestamp": 1608196673923, "tick_direction": 0, "price": 0.677, "mark_price": 0.67770828, "iv": 0.0, "instrument_name": "BTC-26MAR21-8000-C", "index_price": 23734.7, "direction": "buy", "amount": 0.1}, {"trade_seq": 110, "trade_id": "108581664", "timestamp": 1608156129736, "tick_direction": 0, "price": 0.6425, "mark_price": 0.64335305, "iv": 83.37, "instrument_name": "BTC-26MAR21-8000-C", "index_price": 21372.31, "direction": "buy", "amount": 0.2}, {"trade_seq": 109, "trade_id": "108569997", "timestamp": 1608155173081, "tick_direction": 0, "price": 0.638, "mark_price": 0.6387368, "iv": 83.76, "instrument_name": "BTC-26MAR21-8000-C", "index_price": 21083.92, "direction": "buy", "amount": 0.2}, {"trade_seq": 108, "trade_id": "106683079", "timestamp": 1607304894314, "tick_direction": 2, "price": 0.5995, "mark_price": 0.60201824, "iv": 75.37, "instrument_name": "BTC-26MAR21-8000-C", "index_price": 19272.28, "direction": "sell", "amount": 0.3}, {"trade_seq": 107, "trade_id": "106680665", "timestamp": 1607303736751, "tick_direction": 0, "price": 0.6005, "mark_price": 0.60299171, "iv": 75.67, "instrument_name": "BTC-26MAR21-8000-C", "index_price": 19319.73, "direction": "sell", "amount": 0.8}, {"trade_seq": 106, "trade_id": "103897076", "timestamp": 1606361544102, "tick_direction": 3, "price": 0.56, "mark_price": 0.55751063, "iv": 94.38, "instrument_name": "BTC-26MAR21-8000-C", "index_price": 17313.89, "direction": "sell", "amount": 0.1}, {"trade_seq": 105, "trade_id": "103897030", "timestamp": 1606361543994, "tick_direction": 2, "price": 0.56, "mark_price": 0.55751063, "iv": 94.38, "instrument_name": "BTC-26MAR21-8000-C", "index_price": 17313.89, "direction": "sell", "amount": 0.1}, {"trade_seq": 104, "trade_id": "103526928", "timestamp": 1606260207421, "tick_direction": 1, "price": 0.599, "mark_price": 0.60162045, "iv": 79.82, "instrument_name": "BTC-26MAR21-8000-C", "index_price": 19174.09, "direction": "buy", "amount": 7.5}, {"trade_seq": 103, "trade_id": "103526927", "timestamp": 1606260207419, "tick_direction": 0, "price": 0.599, "mark_price": 0.60162045, "iv": 79.82, "instrument_name": "BTC-26MAR21-8000-C", "index_price": 19174.09, "direction": "sell", "amount": 1.5}, {"trade_seq": 102, "trade_id": "103523919", "timestamp": 1606258848282, "tick_direction": 2, "price": 0.5985, "mark_price": 0.60092052, "iv": 80.43, "instrument_name": "BTC-26MAR21-8000-C", "index_price": 19135.57, "direction": "sell", "amount": 1.0}, {"trade_seq": 101, "trade_id": "103523918", "timestamp": 1606258848282, "tick_direction": 0, "price": 0.599, "mark_price": 0.60092052, "iv": 82.68, "instrument_name": "BTC-26MAR21-8000-C", "index_price": 19135.57, "direction": "sell", "amount": 1.5}, {"trade_seq": 100, "trade_id": "102999746", "timestamp": 1606101800959, "tick_direction": 2, "price": 0.5785, "mark_price": 0.58171693, "iv": 72.96, "instrument_name": "BTC-26MAR21-8000-C", "index_price": 18347.81, "direction": "sell", "amount": 5.0}, {"trade_seq": 99, "trade_id": "102777515", "timestamp": 1606009555583, "tick_direction": 2, "price": 0.5795, "mark_price": 0.58279744, "iv": 75.99, "instrument_name": "BTC-26MAR21-8000-C", "index_price": 18410.9, "direction": "buy", "amount": 1.5}, {"trade_seq": 98, "trade_id": "102739230", "timestamp": 1605991076489, "tick_direction": 0, "price": 0.5855, "mark_price": 0.58822605, "iv": 78.97, "instrument_name": "BTC-26MAR21-8000-C", "index_price": 18637.46, "direction": "buy", "amount": 3.0}, {"trade_seq": 97, "trade_id": "102192371", "timestamp": 1605793492075, "tick_direction": 2, "price": 0.57, "mark_price": 0.57275056, "iv": 77.81, "instrument_name": "BTC-26MAR21-8000-C", "index_price": 17923.43, "direction": "sell", "amount": 9.0}, {"trade_seq": 96, "trade_id": "102192370", "timestamp": 1605793492075, "tick_direction": 0, "price": 0.5705, "mark_price": 0.57275056, "iv": 79.49, "instrument_name": "BTC-26MAR21-8000-C", "index_price": 17923.43, "direction": "sell", "amount": 1.0}, {"trade_seq": 95, "trade_id": "101535185", "timestamp": 1605619774794, "tick_direction": 2, "price": 0.547, "mark_price": 0.54986301, "iv": 70.78, "instrument_name": "BTC-26MAR21-8000-C", "index_price": 17038.57, "direction": "sell", "amount": 4.5}, {"trade_seq": 94, "trade_id": "101535184", "timestamp": 1605619774794, "tick_direction": 0, "price": 0.5475, "mark_price": 0.54986301, "iv": 72.52, "instrument_name": "BTC-26MAR21-8000-C", "index_price": 17038.57, "direction": "sell", "amount": 1.5}, {"trade_seq": 93, "trade_id": "101301817", "timestamp": 1605519122543, "tick_direction": 0, "price": 0.5245, "mark_price": 0.52663822, "iv": 72.17, "instrument_name": "BTC-26MAR21-8000-C", "index_price": 16205.03, "direction": "sell", "amount": 1.5}, {"trade_seq": 92, "trade_id": "100994761", "timestamp": 1605314737822, "tick_direction": 2, "price": 0.5175, "mark_price": 0.52957918, "iv": 0.0, "instrument_name": "BTC-26MAR21-8000-C", "index_price": 16298.5, "direction": "sell", "amount": 2.0}, {"trade_seq": 91, "trade_id": "100766631", "timestamp": 1605208616130, "tick_direction": 0, "price": 0.522, "mark_price": 0.52512929, "iv": 68.34, "instrument_name": "BTC-26MAR21-8000-C", "index_price": 16091.77, "direction": "buy", "amount": 2.0}, {"trade_seq": 90, "trade_id": "100691014", "timestamp": 1605185875841, "tick_direction": 3, "price": 0.5175, "mark_price": 0.52029473, "iv": 68.81, "instrument_name": "BTC-26MAR21-8000-C", "index_price": 15927.85, "direction": "sell", "amount": 0.5}, {"trade_seq": 89, "trade_id": "100690974", "timestamp": 1605185782707, "tick_direction": 2, "price": 0.5175, "mark_price": 0.52021098, "iv": 69.02, "instrument_name": "BTC-26MAR21-8000-C", "index_price": 15927.94, "direction": "sell", "amount": 4.0}, {"trade_seq": 88, "trade_id": "100661391", "timestamp": 1605177018248, "tick_direction": 0, "price": 0.5195, "mark_price": 0.52189026, "iv": 70.35, "instrument_name": "BTC-26MAR21-8000-C", "index_price": 15946.2, "direction": "buy", "amount": 1.0}, {"trade_seq": 87, "trade_id": "100661055", "timestamp": 1605176952843, "tick_direction": 0, "price": 0.519, "mark_price": 0.52156571, "iv": 69.85, "instrument_name": "BTC-26MAR21-8000-C", "index_price": 15931.55, "direction": "sell", "amount": 1.5}, {"trade_seq": 86, "trade_id": "100583541", "timestamp": 1605139953181, "tick_direction": 1, "price": 0.507, "mark_price": 0.51079176, "iv": 66.55, "instrument_name": "BTC-26MAR21-8000-C", "index_price": 15588.14, "direction": "sell", "amount": 2.6}, {"trade_seq": 85, "trade_id": "100583540", "timestamp": 1605139953181, "tick_direction": 1, "price": 0.507, "mark_price": 0.51079176, "iv": 66.55, "instrument_name": "BTC-26MAR21-8000-C", "index_price": 15588.14, "direction": "sell", "amount": 0.2}, {"trade_seq": 84, "trade_id": "100583539", "timestamp": 1605139953181, "tick_direction": 0, "price": 0.507, "mark_price": 0.51079176, "iv": 66.55, "instrument_name": "BTC-26MAR21-8000-C", "index_price": 15588.14, "direction": "sell", "amount": 0.2}, {"trade_seq": 83, "trade_id": "100445176", "timestamp": 1605062471181, "tick_direction": 0, "price": 0.5015, "mark_price": 0.50486514, "iv": 68.57, "instrument_name": "BTC-26MAR21-8000-C", "index_price": 15385.34, "direction": "buy", "amount": 2.0}, {"trade_seq": 82, "trade_id": "99751250", "timestamp": 1604788850660, "tick_direction": 2, "price": 0.49, "mark_price": 0.49109913, "iv": 71.07, "instrument_name": "BTC-26MAR21-8000-C", "index_price": 14835.38, "direction": "buy", "amount": 0.3}, {"trade_seq": 81, "trade_id": "99077875", "timestamp": 1604595816331, "tick_direction": 3, "price": 0.499, "mark_price": 0.50173028, "iv": 70.86, "instrument_name": "BTC-26MAR21-8000-C", "index_price": 15196.37, "direction": "sell", "amount": 1.0}, {"trade_seq": 80, "trade_id": "99068246", "timestamp": 1604593522583, "tick_direction": 2, "price": 0.499, "mark_price": 0.50275721, "iv": 67.74, "instrument_name": "BTC-26MAR21-8000-C", "index_price": 15254.71, "direction": "sell", "amount": 0.5}, {"trade_seq": 79, "trade_id": "99068245", "timestamp": 1604593522583, "tick_direction": 0, "price": 0.4995, "mark_price": 0.50275721, "iv": 68.78, "instrument_name": "BTC-26MAR21-8000-C", "index_price": 15254.71, "direction": "sell", "amount": 1.5}, {"trade_seq": 78, "trade_id": "99003340", "timestamp": 1604581732657, "tick_direction": 2, "price": 0.4865, "mark_price": 0.49080559, "iv": 65.23, "instrument_name": "BTC-26MAR21-8000-C", "index_price": 14895.26, "direction": "sell", "amount": 0.5}, {"trade_seq": 77, "trade_id": "99003339", "timestamp": 1604581732657, "tick_direction": 0, "price": 0.487, "mark_price": 0.49080559, "iv": 66.26, "instrument_name": "BTC-26MAR21-8000-C", "index_price": 14895.26, "direction": "sell", "amount": 1.5}, {"trade_seq": 76, "trade_id": "98962789", "timestamp": 1604574859506, "tick_direction": 0, "price": 0.48, "mark_price": 0.48178561, "iv": 69.5, "instrument_name": "BTC-26MAR21-8000-C", "index_price": 14615.32, "direction": "buy", "amount": 1.0}, {"trade_seq": 75, "trade_id": "98920436", "timestamp": 1604562393349, "tick_direction": 2, "price": 0.4705, "mark_price": 0.47608466, "iv": 60.59, "instrument_name": "BTC-26MAR21-8000-C", "index_price": 14480.97, "direction": "sell", "amount": 5.5}, {"trade_seq": 74, "trade_id": "98920435", "timestamp": 1604562393349, "tick_direction": 0, "price": 0.471, "mark_price": 0.47608466, "iv": 61.68, "instrument_name": "BTC-26MAR21-8000-C", "index_price": 14480.97, "direction": "sell", "amount": 1.5}, {"trade_seq": 73, "trade_id": "98883150", "timestamp": 1604546606742, "tick_direction": 2, "price": 0.4635, "mark_price": 0.46970019, "iv": 60.9, "instrument_name": "BTC-26MAR21-8000-C", "index_price": 14284.42, "direction": "sell", "amount": 6.5}, {"trade_seq": 72, "trade_id": "98882287", "timestamp": 1604546321421, "tick_direction": 2, "price": 0.4645, "mark_price": 0.47003021, "iv": 62.01, "instrument_name": "BTC-26MAR21-8000-C", "index_price": 14299.05, "direction": "sell", "amount": 7.5}, {"trade_seq": 71, "trade_id": "98882286", "timestamp": 1604546321421, "tick_direction": 0, "price": 0.465, "mark_price": 0.47003021, "iv": 62.98, "instrument_name": "BTC-26MAR21-8000-C", "index_price": 14299.05, "direction": "sell", "amount": 1.5}, {"trade_seq": 70, "trade_id": "98630935", "timestamp": 1604461683011, "tick_direction": 2, "price": 0.4455, "mark_price": 0.45587168, "iv": 54.45, "instrument_name": "BTC-26MAR21-8000-C", "index_price": 13911.5, "direction": "sell", "amount": 7.0}, {"trade_seq": 69, "trade_id": "98590187", "timestamp": 1604448408859, "tick_direction": 1, "price": 0.4565, "mark_price": 0.46098309, "iv": 66.09, "instrument_name": "BTC-26MAR21-8000-C", "index_price": 14020.48, "direction": "sell", "amount": 1.5}, {"trade_seq": 68, "trade_id": "98586978", "timestamp": 1604447778131, "tick_direction": 0, "price": 0.4565, "mark_price": 0.46097384, "iv": 66.1, "instrument_name": "BTC-26MAR21-8000-C", "index_price": 14015.33, "direction": "buy", "amount": 1.5}, {"trade_seq": 67, "trade_id": "97389105", "timestamp": 1603896937046, "tick_direction": 0, "price": 0.43, "mark_price": 0.42524072, "iv": 72.78, "instrument_name": "BTC-26MAR21-8000-C", "index_price": 13085.36, "direction": "sell", "amount": 1.0}, {"trade_seq": 66, "trade_id": "96650054", "timestamp": 1603479953545, "tick_direction": 3, "price": 0.42, "mark_price": 0.42278859, "iv": 66.2, "instrument_name": "BTC-26MAR21-8000-C", "index_price": 12864.27, "direction": "buy", "amount": 1.0}, {"trade_seq": 65, "trade_id": "96649922", "timestamp": 1603479886789, "tick_direction": 2, "price": 0.42, "mark_price": 0.42276837, "iv": 66.23, "instrument_name": "BTC-26MAR21-8000-C", "index_price": 12859.77, "direction": "buy", "amount": 1.0}, {"trade_seq": 64, "trade_id": "96395445", "timestamp": 1603361289011, "tick_direction": 0, "price": 0.4215, "mark_price": 0.4217056, "iv": 68.27, "instrument_name": "BTC-26MAR21-8000-C", "index_price": 12868.31, "direction": "buy", "amount": 6.3}, {"trade_seq": 63, "trade_id": "96317830", "timestamp": 1603324151496, "tick_direction": 2, "price": 0.42, "mark_price": 0.42562811, "iv": 68.06, "instrument_name": "BTC-26MAR21-8000-C", "index_price": 12809.22, "direction": "buy", "amount": 1.0}, {"trade_seq": 62, "trade_id": "96203275", "timestamp": 1603298081241, "tick_direction": 0, "price": 0.433, "mark_price": 0.42719339, "iv": 76.38, "instrument_name": "BTC-26MAR21-8000-C", "index_price": 12880.79, "direction": "sell", "amount": 1.0}, {"trade_seq": 61, "trade_id": "95964687", "timestamp": 1603211828307, "tick_direction": 1, "price": 0.378, "mark_price": 0.37557666, "iv": 61.94, "instrument_name": "BTC-26MAR21-8000-C", "index_price": 11956.78, "direction": "sell", "amount": 0.2}, {"trade_seq": 60, "trade_id": "95963964", "timestamp": 1603211556781, "tick_direction": 0, "price": 0.378, "mark_price": 0.37436762, "iv": 62.99, "instrument_name": "BTC-26MAR21-8000-C", "index_price": 11925.99, "direction": "buy", "amount": 0.8}, {"trade_seq": 59, "trade_id": "95420647", "timestamp": 1602703256953, "tick_direction": 2, "price": 0.3315, "mark_price": 0.35325784, "iv": 44.07, "instrument_name": "BTC-26MAR21-8000-C", "index_price": 11371.7, "direction": "sell", "amount": 3.0}, {"trade_seq": 58, "trade_id": "94723051", "timestamp": 1602167875125, "tick_direction": 0, "price": 0.3335, "mark_price": 0.33344446, "iv": 66.47, "instrument_name": "BTC-26MAR21-8000-C", "index_price": 10846.43, "direction": "buy", "amount": 0.1}, {"trade_seq": 57, "trade_id": "94471959", "timestamp": 1601941326860, "tick_direction": 0, "price": 0.3275, "mark_price": 0.32842349, "iv": 64.6, "instrument_name": "BTC-26MAR21-8000-C", "index_price": 10773.29, "direction": "buy", "amount": 0.6}, {"trade_seq": 56, "trade_id": "94471689", "timestamp": 1601941297516, "tick_direction": 3, "price": 0.327, "mark_price": 0.32809216, "iv": 64.49, "instrument_name": "BTC-26MAR21-8000-C", "index_price": 10768.14, "direction": "buy", "amount": 0.1}, {"trade_seq": 55, "trade_id": "94465787", "timestamp": 1601929708723, "tick_direction": 2, "price": 0.327, "mark_price": 0.32747721, "iv": 64.87, "instrument_name": "BTC-26MAR21-8000-C", "index_price": 10754.04, "direction": "buy", "amount": 0.1}, {"trade_seq": 54, "trade_id": "93876895", "timestamp": 1601325559039, "tick_direction": 0, "price": 0.3345, "mark_price": 0.33549171, "iv": 64.32, "instrument_name": "BTC-26MAR21-8000-C", "index_price": 10868.64, "direction": "buy", "amount": 1.0}, {"trade_seq": 53, "trade_id": "93333503", "timestamp": 1600825504183, "tick_direction": 2, "price": 0.3275, "mark_price": 0.3220299, "iv": 68.56, "instrument_name": "BTC-26MAR21-8000-C", "index_price": 10518.3, "direction": "buy", "amount": 0.3}, {"trade_seq": 52, "trade_id": "93048739", "timestamp": 1600607015827, "tick_direction": 3, "price": 0.347, "mark_price": 0.34685933, "iv": 68.99, "instrument_name": "BTC-26MAR21-8000-C", "index_price": 10835.88, "direction": "sell", "amount": 0.5}, {"trade_seq": 51, "trade_id": "92838871", "timestamp": 1600360151198, "tick_direction": 2, "price": 0.347, "mark_price": 0.35161964, "iv": 68.51, "instrument_name": "BTC-26MAR21-8000-C", "index_price": 10818.51, "direction": "sell", "amount": 0.5}, {"trade_seq": 50, "trade_id": "91112828", "timestamp": 1599228813963, "tick_direction": 2, "price": 0.348, "mark_price": 0.34189065, "iv": 78.33, "instrument_name": "BTC-26MAR21-8000-C", "index_price": 10362.31, "direction": "sell", "amount": 0.2}, {"trade_seq": 49, "trade_id": "91105283", "timestamp": 1599226997648, "tick_direction": 2, "price": 0.349, "mark_price": 0.34776695, "iv": 76.44, "instrument_name": "BTC-26MAR21-8000-C", "index_price": 10488.2, "direction": "sell", "amount": 0.8}, {"trade_seq": 48, "trade_id": "91102912", "timestamp": 1599225522761, "tick_direction": 2, "price": 0.35, "mark_price": 0.34758289, "iv": 77.13, "instrument_name": "BTC-26MAR21-8000-C", "index_price": 10470.2, "direction": "sell", "amount": 2.0}, {"trade_seq": 47, "trade_id": "90618495", "timestamp": 1599122702104, "tick_direction": 2, "price": 0.391, "mark_price": 0.38861756, "iv": 77.44, "instrument_name": "BTC-26MAR21-8000-C", "index_price": 11383.42, "direction": "sell", "amount": 0.1}, {"trade_seq": 46, "trade_id": "88405389", "timestamp": 1597478492433, "tick_direction": 0, "price": 0.4165, "mark_price": 0.41657878, "iv": 71.39, "instrument_name": "BTC-26MAR21-8000-C", "index_price": 11911.05, "direction": "sell", "amount": 1.7}, {"trade_seq": 45, "trade_id": "88301269", "timestamp": 1597388491616, "tick_direction": 0, "price": 0.39, "mark_price": 0.40261991, "iv": 60.09, "instrument_name": "BTC-26MAR21-8000-C", "index_price": 11697.68, "direction": "buy", "amount": 1.0}, {"trade_seq": 44, "trade_id": "87967567", "timestamp": 1597179745464, "tick_direction": 2, "price": 0.38, "mark_price": 0.3816466, "iv": 69.07, "instrument_name": "BTC-26MAR21-8000-C", "index_price": 11146.3, "direction": "sell", "amount": 0.5}, {"trade_seq": 43, "trade_id": "87866867", "timestamp": 1597155292333, "tick_direction": 2, "price": 0.395, "mark_price": 0.39767337, "iv": 67.27, "instrument_name": "BTC-26MAR21-8000-C", "index_price": 11584.18, "direction": "sell", "amount": 0.3}, {"trade_seq": 42, "trade_id": "87693048", "timestamp": 1597055369933, "tick_direction": 2, "price": 0.41, "mark_price": 0.41576587, "iv": 67.99, "instrument_name": "BTC-26MAR21-8000-C", "index_price": 11818.46, "direction": "sell", "amount": 0.5}, {"trade_seq": 41, "trade_id": "87689772", "timestamp": 1597055322083, "tick_direction": 0, "price": 0.415, "mark_price": 0.42041696, "iv": 68.38, "instrument_name": "BTC-26MAR21-8000-C", "index_price": 11942.57, "direction": "sell", "amount": 0.2}, {"trade_seq": 40, "trade_id": "87266926", "timestamp": 1596706406117, "tick_direction": 0, "price": 0.405, "mark_price": 0.40563411, "iv": 69.09, "instrument_name": "BTC-26MAR21-8000-C", "index_price": 11747.66, "direction": "sell", "amount": 0.5}, {"trade_seq": 39, "trade_id": "87061453", "timestamp": 1596575558339, "tick_direction": 0, "price": 0.388, "mark_price": 0.38449525, "iv": 71.01, "instrument_name": "BTC-26MAR21-8000-C", "index_price": 11211.12, "direction": "buy", "amount": 0.1}, {"trade_seq": 38, "trade_id": "86778812", "timestamp": 1596386419205, "tick_direction": 2, "price": 0.382, "mark_price": 0.38004806, "iv": 67.87, "instrument_name": "BTC-26MAR21-8000-C", "index_price": 11176.69, "direction": "sell", "amount": 0.3}, {"trade_seq": 37, "trade_id": "86778094", "timestamp": 1596386056872, "tick_direction": 0, "price": 0.39, "mark_price": 0.37871904, "iv": 71.94, "instrument_name": "BTC-26MAR21-8000-C", "index_price": 11173.22, "direction": "sell", "amount": 0.7}, {"trade_seq": 36, "trade_id": "86753272", "timestamp": 1596373179365, "tick_direction": 0, "price": 0.3725, "mark_price": 0.37356885, "iv": 66.45, "instrument_name": "BTC-26MAR21-8000-C", "index_price": 11014.13, "direction": "sell", "amount": 0.1}, {"trade_seq": 35, "trade_id": "85534262", "timestamp": 1595855860508, "tick_direction": 2, "price": 0.343, "mark_price": 0.34874862, "iv": 64.41, "instrument_name": "BTC-26MAR21-8000-C", "index_price": 10323.88, "direction": "sell", "amount": 0.1}, {"trade_seq": 34, "trade_id": "85534171", "timestamp": 1595855808596, "tick_direction": 2, "price": 0.344, "mark_price": 0.34919298, "iv": 64.86, "instrument_name": "BTC-26MAR21-8000-C", "index_price": 10323.26, "direction": "sell", "amount": 0.1}, {"trade_seq": 33, "trade_id": "85531099", "timestamp": 1595855135490, "tick_direction": 2, "price": 0.345, "mark_price": 0.34955304, "iv": 65.64, "instrument_name": "BTC-26MAR21-8000-C", "index_price": 10297.64, "direction": "sell", "amount": 0.1}, {"trade_seq": 32, "trade_id": "85530547", "timestamp": 1595854947104, "tick_direction": 2, "price": 0.347, "mark_price": 0.35100765, "iv": 66.4, "instrument_name": "BTC-26MAR21-8000-C", "index_price": 10309.24, "direction": "sell", "amount": 0.1}, {"trade_seq": 31, "trade_id": "85500037", "timestamp": 1595842797125, "tick_direction": 0, "price": 0.348, "mark_price": 0.35311946, "iv": 69.21, "instrument_name": "BTC-26MAR21-8000-C", "index_price": 10183.07, "direction": "sell", "amount": 0.1}, {"trade_seq": 30, "trade_id": "85355138", "timestamp": 1595778336164, "tick_direction": 0, "price": 0.3295, "mark_price": 0.33235787, "iv": 68.17, "instrument_name": "BTC-26MAR21-8000-C", "index_price": 9952.75, "direction": "sell", "amount": 0.8}, {"trade_seq": 29, "trade_id": "85354740", "timestamp": 1595777923969, "tick_direction": 3, "price": 0.3285, "mark_price": 0.33141081, "iv": 67.99, "instrument_name": "BTC-26MAR21-8000-C", "index_price": 9937.53, "direction": "sell", "amount": 0.1}, {"trade_seq": 28, "trade_id": "85354737", "timestamp": 1595777922174, "tick_direction": 3, "price": 0.3285, "mark_price": 0.33141495, "iv": 67.99, "instrument_name": "BTC-26MAR21-8000-C", "index_price": 9937.56, "direction": "sell", "amount": 0.1}, {"trade_seq": 27, "trade_id": "85354734", "timestamp": 1595777921292, "tick_direction": 3, "price": 0.3285, "mark_price": 0.33142754, "iv": 67.99, "instrument_name": "BTC-26MAR21-8000-C", "index_price": 9937.57, "direction": "sell", "amount": 0.1}, {"trade_seq": 26, "trade_id": "85354732", "timestamp": 1595777920399, "tick_direction": 3, "price": 0.3285, "mark_price": 0.33142226, "iv": 67.98, "instrument_name": "BTC-26MAR21-8000-C", "index_price": 9937.56, "direction": "sell", "amount": 0.1}, {"trade_seq": 25, "trade_id": "85354728", "timestamp": 1595777919327, "tick_direction": 3, "price": 0.3285, "mark_price": 0.33142309, "iv": 67.99, "instrument_name": "BTC-26MAR21-8000-C", "index_price": 9937.84, "direction": "sell", "amount": 0.1}, {"trade_seq": 24, "trade_id": "85354724", "timestamp": 1595777917035, "tick_direction": 3, "price": 0.3285, "mark_price": 0.33142312, "iv": 67.98, "instrument_name": "BTC-26MAR21-8000-C", "index_price": 9937.68, "direction": "sell", "amount": 0.1}, {"trade_seq": 23, "trade_id": "85354722", "timestamp": 1595777916294, "tick_direction": 3, "price": 0.3285, "mark_price": 0.33142351, "iv": 67.98, "instrument_name": "BTC-26MAR21-8000-C", "index_price": 9937.64, "direction": "sell", "amount": 0.1}, {"trade_seq": 22, "trade_id": "85354718", "timestamp": 1595777915317, "tick_direction": 3, "price": 0.3285, "mark_price": 0.33142384, "iv": 67.98, "instrument_name": "BTC-26MAR21-8000-C", "index_price": 9937.66, "direction": "sell", "amount": 0.1}, {"trade_seq": 21, "trade_id": "85354665", "timestamp": 1595777860084, "tick_direction": 3, "price": 0.3285, "mark_price": 0.33112006, "iv": 68.07, "instrument_name": "BTC-26MAR21-8000-C", "index_price": 9935.24, "direction": "sell", "amount": 0.1}, {"trade_seq": 20, "trade_id": "85354658", "timestamp": 1595777858086, "tick_direction": 3, "price": 0.3285, "mark_price": 0.33108964, "iv": 68.07, "instrument_name": "BTC-26MAR21-8000-C", "index_price": 9935.05, "direction": "sell", "amount": 0.1}, {"trade_seq": 19, "trade_id": "85354642", "timestamp": 1595777855119, "tick_direction": 3, "price": 0.3285, "mark_price": 0.33104108, "iv": 68.11, "instrument_name": "BTC-26MAR21-8000-C", "index_price": 9932.81, "direction": "sell", "amount": 0.1}, {"trade_seq": 18, "trade_id": "85354636", "timestamp": 1595777852565, "tick_direction": 2, "price": 0.3285, "mark_price": 0.33104932, "iv": 68.1, "instrument_name": "BTC-26MAR21-8000-C", "index_price": 9933.41, "direction": "sell", "amount": 0.1}, {"trade_seq": 17, "trade_id": "84981067", "timestamp": 1595379764725, "tick_direction": 0, "price": 0.3565, "mark_price": 0.31452027, "iv": 89.3, "instrument_name": "BTC-26MAR21-8000-C", "index_price": 9363.27, "direction": "buy", "amount": 0.1}, {"trade_seq": 16, "trade_id": "84740021", "timestamp": 1594883790886, "tick_direction": 2, "price": 0.31, "mark_price": 0.31035299, "iv": 76.32, "instrument_name": "BTC-26MAR21-8000-C", "index_price": 9081.85, "direction": "sell", "amount": 0.1}, {"trade_seq": 15, "trade_id": "84695177", "timestamp": 1594801817975, "tick_direction": 2, "price": 0.315, "mark_price": 0.31666459, "iv": 76.02, "instrument_name": "BTC-26MAR21-8000-C", "index_price": 9207.91, "direction": "sell", "amount": 1.0}, {"trade_seq": 14, "trade_id": "84649314", "timestamp": 1594701790015, "tick_direction": 0, "price": 0.3175, "mark_price": 0.31282065, "iv": 77.21, "instrument_name": "BTC-26MAR21-8000-C", "index_price": 9185.01, "direction": "buy", "amount": 2.0}, {"trade_seq": 13, "trade_id": "84030180", "timestamp": 1593705561250, "tick_direction": 2, "price": 0.31, "mark_price": 0.30664767, "iv": 75.98, "instrument_name": "BTC-26MAR21-8000-C", "index_price": 9039.6, "direction": "sell", "amount": 0.9}, {"trade_seq": 12, "trade_id": "83815373", "timestamp": 1593418420726, "tick_direction": 0, "price": 0.3165, "mark_price": 0.31049203, "iv": 77.6, "instrument_name": "BTC-26MAR21-8000-C", "index_price": 9075.9, "direction": "buy", "amount": 5.8}, {"trade_seq": 11, "trade_id": "83749966", "timestamp": 1593328330542, "tick_direction": 2, "price": 0.301, "mark_price": 0.30724221, "iv": 73.69, "instrument_name": "BTC-26MAR21-8000-C", "index_price": 8994.75, "direction": "sell", "amount": 3.0}, {"trade_seq": 10, "trade_id": "83640739", "timestamp": 1593230295133, "tick_direction": 1, "price": 0.319, "mark_price": 0.3123359, "iv": 76.91, "instrument_name": "BTC-26MAR21-8000-C", "index_price": 9152.45, "direction": "buy", "amount": 5.8}, {"trade_seq": 9, "trade_id": "83640738", "timestamp": 1593230295133, "tick_direction": 0, "price": 0.319, "mark_price": 0.3123359, "iv": 76.91, "instrument_name": "BTC-26MAR21-8000-C", "index_price": 9152.45, "direction": "buy", "amount": 0.1}, {"trade_seq": 8, "trade_id": "83635713", "timestamp": 1593220679044, "tick_direction": 2, "price": 0.314, "mark_price": 0.30997401, "iv": 75.96, "instrument_name": "BTC-26MAR21-8000-C", "index_price": 9101.92, "direction": "sell", "amount": 0.6}, {"trade_seq": 7, "trade_id": "83620168", "timestamp": 1593199615261, "tick_direction": 3, "price": 0.321, "mark_price": 0.3114271, "iv": 77.77, "instrument_name": "BTC-26MAR21-8000-C", "index_price": 9139.47, "direction": "buy", "amount": 7.0}, {"trade_seq": 6, "trade_id": "83620135", "timestamp": 1593199599321, "tick_direction": 3, "price": 0.321, "mark_price": 0.31148973, "iv": 77.75, "instrument_name": "BTC-26MAR21-8000-C", "index_price": 9145.55, "direction": "buy", "amount": 7.0}, {"trade_seq": 5, "trade_id": "83619992", "timestamp": 1593199590842, "tick_direction": 3, "price": 0.321, "mark_price": 0.31168037, "iv": 77.69, "instrument_name": "BTC-26MAR21-8000-C", "index_price": 9150.84, "direction": "buy", "amount": 7.0}, {"trade_seq": 4, "trade_id": "83619968", "timestamp": 1593199532679, "tick_direction": 3, "price": 0.321, "mark_price": 0.31164279, "iv": 77.68, "instrument_name": "BTC-26MAR21-8000-C", "index_price": 9150.93, "direction": "buy", "amount": 7.0}, {"trade_seq": 3, "trade_id": "83619967", "timestamp": 1593199532679, "tick_direction": 2, "price": 0.321, "mark_price": 0.31164279, "iv": 77.68, "instrument_name": "BTC-26MAR21-8000-C", "index_price": 9150.93, "direction": "buy", "amount": 0.1}, {"trade_seq": 2, "trade_id": "83606600", "timestamp": 1593184697312, "tick_direction": 0, "price": 0.3335, "mark_price": 0.31624742, "iv": 82.08, "instrument_name": "BTC-26MAR21-8000-C", "index_price": 9132.72, "direction": "buy", "amount": 0.1}, {"trade_seq": 1, "trade_id": "83557878", "timestamp": 1593158518224, "tick_direction": 1, "price": 0.32, "mark_price": 0.31166396, "iv": 78.07, "instrument_name": "BTC-26MAR21-8000-C", "index_price": 9107.59, "direction": "sell", "amount": 0.5}], "has_more": false}