{"trades": [{"trade_seq": 11772, "trade_id": "196986509", "timestamp": 1640790025207, "tick_direction": 1, "price": 0.0005, "mark_price": 0.0, "iv": 406.61, "instrument_name": "BTC-31DEC21-100000-C", "index_price": 47842.55, "direction": "buy", "amount": 0.1}, {"trade_seq": 11771, "trade_id": "196986508", "timestamp": 1640790024516, "tick_direction": 1, "price": 0.0005, "mark_price": 0.0, "iv": 406.63, "instrument_name": "BTC-31DEC21-100000-C", "index_price": 47843.68, "direction": "buy", "amount": 0.1}, {"trade_seq": 11770, "trade_id": "196986504", "timestamp": 1640790023795, "tick_direction": 1, "price": 0.0005, "mark_price": 0.0, "iv": 406.63, "instrument_name": "BTC-31DEC21-100000-C", "index_price": 47843.68, "direction": "buy", "amount": 0.1}, {"trade_seq": 11769, "trade_id": "196986479", "timestamp": 1640790021136, "tick_direction": 1, "price": 0.0005, "mark_price": 0.0, "iv": 406.76, "instrument_name": "BTC-31DEC21-100000-C", "index_price": 47829.16, "direction": "buy", "amount": 0.1}, {"trade_seq": 11768, "trade_id": "196974354", "timestamp": 1640786543025, "tick_direction": 1, "price": 0.0005, "mark_price": 0.0, "iv": 405.79, "instrument_name": "BTC-31DEC21-100000-C", "index_price": 47457.26, "direction": "buy", "amount": 6.7}, {"trade_seq": 11767, "trade_id": "196974353", "timestamp": 1640786543025, "tick_direction": 1, "price": 0.0005, "mark_price": 0.0, "iv": 405.79, "instrument_name": "BTC-31DEC21-100000-C", "index_price": 47457.26, "direction": "buy", "amount": 3.3}, {"trade_seq": 11766, "trade_id": "196974036", "timestamp": 1640786437971, "tick_direction": 1, "price": 0.0005, "mark_price": 0.0, "iv": 406.3, "instrument_name": "BTC-31DEC21-100000-C", "index_price": 47389.44, "direction": "buy", "amount": 3.7}, {"trade_seq": 11765, "trade_id": "196974035", "timestamp": 1640786437971, "tick_direction": 1, "price": 0.0005, "mark_price": 0.0, "iv": 406.3, "instrument_name": "BTC-31DEC21-100000-C", "index_price": 47389.44, "direction": "buy", "amount": 3.9}, {"trade_seq": 11764, "trade_id": "196777161", "timestamp": 1640692997571, "tick_direction": 1, "price": 0.0005, "mark_price": 0.0, "iv": 305.75, "instrument_name": "BTC-31DEC21-100000-C", "index_price": 49174.7, "direction": "buy", "amount": 0.1}, {"trade_seq": 11763, "trade_id": "196777154", "timestamp": 1640692991575, "tick_direction": 1, "price": 0.0005, "mark_price": 0.0, "iv": 305.79, "instrument_name": "BTC-31DEC21-100000-C", "index_price": 49167.6, "direction": "buy", "amount": 0.1}, {"trade_seq": 11762, "trade_id": "196777152", "timestamp": 1640692985568, "tick_direction": 1, "price": 0.0005, "mark_price": 0.0, "iv": 305.79, "instrument_name": "BTC-31DEC21-100000-C", "index_price": 49167.6, "direction": "buy", "amount": 0.1}, {"trade_seq": 11761, "trade_id": "196777149", "timestamp": 1640692979566, "tick_direction": 1, "price": 0.0005, "mark_price": 0.0, "iv": 305.79, "instrument_name": "BTC-31DEC21-100000-C", "index_price": 49168.15, "direction": "buy", "amount": 0.1}, {"trade_seq": 11760, "trade_id": "196706837", "timestamp": 1640664362351, "tick_direction": 1, "price": 0.0005, "mark_price": 0.0, "iv": 285.44, "instrument_name": "BTC-31DEC21-100000-C", "index_price": 49713.75, "direction": "buy", "amount": 0.7}, {"trade_seq": 11759, "trade_id": "196706836", "timestamp": 1640664362351, "tick_direction": 1, "price": 0.0005, "mark_price": 0.0, "iv": 285.44, "instrument_name": "BTC-31DEC21-100000-C", "index_price": 49713.75, "direction": "buy", "amount": 0.2}, {"trade_seq": 11758, "trade_id": "196706835", "timestamp": 1640664362351, "tick_direction": 1, "price": 0.0005, "mark_price": 0.0, "iv": 285.44, "instrument_name": "BTC-31DEC21-100000-C", "index_price": 49713.75, "direction": "buy", "amount": 0.2}, {"trade_seq": 11757, "trade_id": "196706834", "timestamp": 1640664362351, "tick_direction": 1, "price": 0.0005, "mark_price": 0.0, "iv": 285.44, "instrument_name": "BTC-31DEC21-100000-C", "index_price": 49713.75, "direction": "buy", "amount": 0.1}, {"trade_seq": 11756, "trade_id": "196706833", "timestamp": 1640664362351, "tick_direction": 1, "price": 0.0005, "mark_price": 0.0, "iv": 285.44, "instrument_name": "BTC-31DEC21-100000-C", "index_price": 49713.75, "direction": "buy", "amount": 2.0}, {"trade_seq": 11755, "trade_id": "196706832", "timestamp": 1640664362351, "tick_direction": 1, "price": 0.0005, "mark_price": 0.0, "iv": 285.44, "instrument_name": "BTC-31DEC21-100000-C", "index_price": 49713.75, "direction": "buy", "amount": 0.4}, {"trade_seq": 11754, "trade_id": "196706831", "timestamp": 1640664362351, "tick_direction": 1, "price": 0.0005, "mark_price": 0.0, "iv": 285.44, "instrument_name": "BTC-31DEC21-100000-C", "index_price": 49713.75, "direction": "buy", "amount": 2.0}, {"trade_seq": 11753, "trade_id": "196706830", "timestamp": 1640664362351, "tick_direction": 1, "price": 0.0005, "mark_price": 0.0, "iv": 285.44, "instrument_name": "BTC-31DEC21-100000-C", "index_price": 49713.75, "direction": "buy", "amount": 2.0}, {"trade_seq": 11752, "trade_id": "196706829", "timestamp": 1640664362351, "tick_direction": 1, "price": 0.0005, "mark_price": 0.0, "iv": 285.44, "instrument_name": "BTC-31DEC21-100000-C", "index_price": 49713.75, "direction": "buy", "amount": 0.6}, {"trade_seq": 11751, "trade_id": "196706828", "timestamp": 1640664362351, "tick_direction": 1, "price": 0.0005, "mark_price": 0.0, "iv": 285.44, "instrument_name": "BTC-31DEC21-100000-C", "index_price": 49713.75, "direction": "buy", "amount": 1.5}, {"trade_seq": 11750, "trade_id": "196706827", "timestamp": 1640664362351, "tick_direction": 1, "price": 0.0005, "mark_price": 0.0, "iv": 285.44, "instrument_name": "BTC-31DEC21-100000-C", "index_price": 49713.75, "direction": "buy", "amount": 0.3}, {"trade_seq": 11749, "trade_id": "196613184", "timestamp": 1640615343083, "tick_direction": 1, "price": 0.0005, "mark_price": 0.0, "iv": 252.75, "instrument_name": "BTC-31DEC21-100000-C", "index_price": 51274.86, "direction": "buy", "amount": 0.5}, {"trade_seq": 11748, "trade_id": "196270350", "timestamp": 1640297254445, "tick_direction": 1, "price": 0.0005, "mark_price": 2.88e-06, "iv": 180.91, "instrument_name": "BTC-31DEC21-100000-C", "index_price": 50883.05, "direction": "buy", "amount": 0.1}, {"trade_seq": 11747, "trade_id": "196141510", "timestamp": 1640189778548, "tick_direction": 1, "price": 0.0005, "mark_price": 5.13e-06, "iv": 174.46, "instrument_name": "BTC-31DEC21-100000-C", "index_price": 49187.09, "direction": "buy", "amount": 1.0}, {"trade_seq": 11746, "trade_id": "196135458", "timestamp": 1640184644693, "tick_direction": 1, "price": 0.0005, "mark_price": 4.77e-06, "iv": 175.13, "instrument_name": "BTC-31DEC21-100000-C", "index_price": 48887.07, "direction": "buy", "amount": 0.1}, {"trade_seq": 11745, "trade_id": "196075397", "timestamp": 1640117488373, "tick_direction": 1, "price": 0.0005, "mark_price": 9.14e-06, "iv": 168.31, "instrument_name": "BTC-31DEC21-100000-C", "index_price": 48745.7, "direction": "buy", "amount": 0.1}, {"trade_seq": 11744, "trade_id": "196024067", "timestamp": 1640078393801, "tick_direction": 1, "price": 0.0005, "mark_price": 1.186e-05, "iv": 165.48, "instrument_name": "BTC-31DEC21-100000-C", "index_price": 48484.65, "direction": "buy", "amount": 0.5}, {"trade_seq": 11743, "trade_id": "196023594", "timestamp": 1640078189478, "tick_direction": 1, "price": 0.0005, "mark_price": 1.22e-05, "iv": 165.2, "instrument_name": "BTC-31DEC21-100000-C", "index_price": 48527.7, "direction": "buy", "amount": 0.2}, {"trade_seq": 11742, "trade_id": "195953337", "timestamp": 1640042461637, "tick_direction": 1, "price": 0.0005, "mark_price": 8.55e-06, "iv": 168.51, "instrument_name": "BTC-31DEC21-100000-C", "index_price": 46901.34, "direction": "buy", "amount": 0.1}, {"trade_seq": 11741, "trade_id": "195910557", "timestamp": 1640015023749, "tick_direction": 1, "price": 0.0005, "mark_price": 8.01e-06, "iv": 168.98, "instrument_name": "BTC-31DEC21-100000-C", "index_price": 46154.95, "direction": "buy", "amount": 0.1}, {"trade_seq": 11740, "trade_id": "195878126", "timestamp": 1639996532777, "tick_direction": 1, "price": 0.0005, "mark_price": 8.64e-06, "iv": 168.14, "instrument_name": "BTC-31DEC21-100000-C", "index_price": 45971.02, "direction": "buy", "amount": 0.3}, {"trade_seq": 11739, "trade_id": "195878125", "timestamp": 1639996532777, "tick_direction": 1, "price": 0.0005, "mark_price": 8.64e-06, "iv": 168.14, "instrument_name": "BTC-31DEC21-100000-C", "index_price": 45971.02, "direction": "buy", "amount": 2.1}, {"trade_seq": 11738, "trade_id": "195864872", "timestamp": 1639989506042, "tick_direction": 1, "price": 0.0005, "mark_price": 1.071e-05, "iv": 166.01, "instrument_name": "BTC-31DEC21-100000-C", "index_price": 46339.64, "direction": "buy", "amount": 0.1}, {"trade_seq": 11737, "trade_id": "195716804", "timestamp": 1639873128459, "tick_direction": 0, "price": 0.0005, "mark_price": 3.048e-05, "iv": 154.89, "instrument_name": "BTC-31DEC21-100000-C", "index_price": 46808.63, "direction": "buy", "amount": 0.1}, {"trade_seq": 11736, "trade_id": "195709289", "timestamp": 1639863697802, "tick_direction": 2, "price": 0.0001, "mark_price": 3.456e-05, "iv": 132.24, "instrument_name": "BTC-31DEC21-100000-C", "index_price": 46974.77, "direction": "sell", "block_trade_id": "27708", "amount": 13.0}, {"trade_seq": 11735, "trade_id": "195645841", "timestamp": 1639806235246, "tick_direction": 1, "price": 0.0005, "mark_price": 4.508e-05, "iv": 150.52, "instrument_name": "BTC-31DEC21-100000-C", "index_price": 46746.44, "direction": "buy", "amount": 0.1}, {"trade_seq": 11734, "trade_id": "195417881", "timestamp": 1639694736377, "tick_direction": 1, "price": 0.0005, "mark_price": 0.00011975, "iv": 139.42, "instrument_name": "BTC-31DEC21-100000-C", "index_price": 47924.18, "direction": "buy", "amount": 1.0}, {"trade_seq": 11733, "trade_id": "195161710", "timestamp": 1639562625558, "tick_direction": 1, "price": 0.0005, "mark_price": 0.0002474, "iv": 130.69, "instrument_name": "BTC-31DEC21-100000-C", "index_price": 48488.05, "direction": "buy", "amount": 0.6}, {"trade_seq": 11732, "trade_id": "195161709", "timestamp": 1639562625558, "tick_direction": 1, "price": 0.0005, "mark_price": 0.0002474, "iv": 130.69, "instrument_name": "BTC-31DEC21-100000-C", "index_price": 48488.05, "direction": "buy", "amount": 0.4}, {"trade_seq": 11731, "trade_id": "195147032", "timestamp": 1639551250114, "tick_direction": 1, "price": 0.0005, "mark_price": 0.00023069, "iv": 131.53, "instrument_name": "BTC-31DEC21-100000-C", "index_price": 48079.71, "direction": "buy", "amount": 0.1}, {"trade_seq": 11730, "trade_id": "195028050", "timestamp": 1639468619612, "tick_direction": 1, "price": 0.0005, "mark_price": 0.00023386, "iv": 131.3, "instrument_name": "BTC-31DEC21-100000-C", "index_price": 47018.18, "direction": "sell", "amount": 1.8}, {"trade_seq": 11729, "trade_id": "195028049", "timestamp": 1639468619608, "tick_direction": 1, "price": 0.0005, "mark_price": 0.00023386, "iv": 131.3, "instrument_name": "BTC-31DEC21-100000-C", "index_price": 47018.18, "direction": "buy", "amount": 1.0}, {"trade_seq": 11728, "trade_id": "195028048", "timestamp": 1639468619608, "tick_direction": 1, "price": 0.0005, "mark_price": 0.00023386, "iv": 131.3, "instrument_name": "BTC-31DEC21-100000-C", "index_price": 47018.18, "direction": "buy", "amount": 1.0}, {"trade_seq": 11727, "trade_id": "195028047", "timestamp": 1639468619608, "tick_direction": 1, "price": 0.0005, "mark_price": 0.00023386, "iv": 131.3, "instrument_name": "BTC-31DEC21-100000-C", "index_price": 47018.18, "direction": "buy", "amount": 0.1}, {"trade_seq": 11726, "trade_id": "195028046", "timestamp": 1639468619608, "tick_direction": 1, "price": 0.0005, "mark_price": 0.00023386, "iv": 131.3, "instrument_name": "BTC-31DEC21-100000-C", "index_price": 47018.18, "direction": "buy", "amount": 2.0}, {"trade_seq": 11725, "trade_id": "195028045", "timestamp": 1639468619608, "tick_direction": 1, "price": 0.0005, "mark_price": 0.00023386, "iv": 131.3, "instrument_name": "BTC-31DEC21-100000-C", "index_price": 47018.18, "direction": "buy", "amount": 0.4}, {"trade_seq": 11724, "trade_id": "195028044", "timestamp": 1639468619608, "tick_direction": 1, "price": 0.0005, "mark_price": 0.00023386, "iv": 131.3, "instrument_name": "BTC-31DEC21-100000-C", "index_price": 47018.18, "direction": "buy", "amount": 0.5}, {"trade_seq": 11723, "trade_id": "195028043", "timestamp": 1639468619608, "tick_direction": 1, "price": 0.0005, "mark_price": 0.00023386, "iv": 131.3, "instrument_name": "BTC-31DEC21-100000-C", "index_price": 47018.18, "direction": "buy", "amount": 3.0}, {"trade_seq": 11722, "trade_id": "194871824", "timestamp": 1639409613144, "tick_direction": 1, "price": 0.0005, "mark_price": 0.00017359, "iv": 127.42, "instrument_name": "BTC-31DEC21-100000-C", "index_price": 47418.33, "direction": "sell", "amount": 5.4}, {"trade_seq": 11721, "trade_id": "194871823", "timestamp": 1639409613140, "tick_direction": 1, "price": 0.0005, "mark_price": 0.00017359, "iv": 127.42, "instrument_name": "BTC-31DEC21-100000-C", "index_price": 47418.33, "direction": "buy", "amount": 0.5}, {"trade_seq": 11720, "trade_id": "194871822", "timestamp": 1639409613140, "tick_direction": 1, "price": 0.0005, "mark_price": 0.00017359, "iv": 127.42, "instrument_name": "BTC-31DEC21-100000-C", "index_price": 47418.33, "direction": "buy", "amount": 2.0}, {"trade_seq": 11719, "trade_id": "194871821", "timestamp": 1639409613140, "tick_direction": 1, "price": 0.0005, "mark_price": 0.00017359, "iv": 127.42, "instrument_name": "BTC-31DEC21-100000-C", "index_price": 47418.33, "direction": "buy", "amount": 1.8}, {"trade_seq": 11718, "trade_id": "194853303", "timestamp": 1639404162697, "tick_direction": 1, "price": 0.0005, "mark_price": 0.00023268, "iv": 124.12, "instrument_name": "BTC-31DEC21-100000-C", "index_price": 48384.33, "direction": "buy", "amount": 0.1}, {"trade_seq": 11717, "trade_id": "194853211", "timestamp": 1639404060602, "tick_direction": 0, "price": 0.0005, "mark_price": 0.00023416, "iv": 124.05, "instrument_name": "BTC-31DEC21-100000-C", "index_price": 48411.9, "direction": "buy", "amount": 0.1}, {"trade_seq": 11716, "trade_id": "194764493", "timestamp": 1639330654250, "tick_direction": 2, "price": 0.0002, "mark_price": 0.00049744, "iv": 106.56, "instrument_name": "BTC-31DEC21-100000-C", "index_price": 49878.8, "direction": "sell", "block_trade_id": "27355", "amount": 14.0}, {"trade_seq": 11715, "trade_id": "194752133", "timestamp": 1639324892155, "tick_direction": 3, "price": 0.0005, "mark_price": 0.00050375, "iv": 117.18, "instrument_name": "BTC-31DEC21-100000-C", "index_price": 49661.04, "direction": "buy", "amount": 1.9}, {"trade_seq": 11714, "trade_id": "194749539", "timestamp": 1639320826144, "tick_direction": 3, "price": 0.0005, "mark_price": 0.00047579, "iv": 116.33, "instrument_name": "BTC-31DEC21-100000-C", "index_price": 49895.33, "direction": "buy", "amount": 0.5}, {"trade_seq": 11713, "trade_id": "194710084", "timestamp": 1639287607797, "tick_direction": 2, "price": 0.0005, "mark_price": 0.00042347, "iv": 117.75, "instrument_name": "BTC-31DEC21-100000-C", "index_price": 49024.71, "direction": "buy", "amount": 0.1}, {"trade_seq": 11712, "trade_id": "194674738", "timestamp": 1639242453635, "tick_direction": 0, "price": 0.001, "mark_price": 0.00047316, "iv": 125.8, "instrument_name": "BTC-31DEC21-100000-C", "index_price": 48918.31, "direction": "buy", "amount": 0.1}, {"trade_seq": 11711, "trade_id": "194613537", "timestamp": 1639199327211, "tick_direction": 3, "price": 0.0005, "mark_price": 0.00048701, "iv": 116.04, "instrument_name": "BTC-31DEC21-100000-C", "index_price": 48529.65, "direction": "buy", "amount": 0.1}, {"trade_seq": 11710, "trade_id": "194537322", "timestamp": 1639158614516, "tick_direction": 3, "price": 0.0005, "mark_price": 0.0003842, "iv": 117.56, "instrument_name": "BTC-31DEC21-100000-C", "index_price": 47509.23, "direction": "buy", "amount": 0.3}, {"trade_seq": 11709, "trade_id": "194485876", "timestamp": 1639144878369, "tick_direction": 3, "price": 0.0005, "mark_price": 0.00071133, "iv": 111.05, "instrument_name": "BTC-31DEC21-100000-C", "index_price": 49648.47, "direction": "sell", "amount": 1.4}, {"trade_seq": 11708, "trade_id": "194450597", "timestamp": 1639125976790, "tick_direction": 3, "price": 0.0005, "mark_price": 0.00036502, "iv": 115.05, "instrument_name": "BTC-31DEC21-100000-C", "index_price": 48000.79, "direction": "buy", "amount": 0.4}, {"trade_seq": 11707, "trade_id": "194429660", "timestamp": 1639120627123, "tick_direction": 3, "price": 0.0005, "mark_price": 0.00034643, "iv": 115.65, "instrument_name": "BTC-31DEC21-100000-C", "index_price": 47752.76, "direction": "buy", "amount": 15.0}, {"trade_seq": 11706, "trade_id": "194388053", "timestamp": 1639091472318, "tick_direction": 3, "price": 0.0005, "mark_price": 0.00030485, "iv": 113.79, "instrument_name": "BTC-31DEC21-100000-C", "index_price": 48101.53, "direction": "sell", "amount": 2.1}, {"trade_seq": 11705, "trade_id": "194388004", "timestamp": 1639091470758, "tick_direction": 3, "price": 0.0005, "mark_price": 0.0003041, "iv": 113.79, "instrument_name": "BTC-31DEC21-100000-C", "index_price": 48079.84, "direction": "sell", "amount": 5.0}, {"trade_seq": 11704, "trade_id": "194387955", "timestamp": 1639091426225, "tick_direction": 3, "price": 0.0005, "mark_price": 0.00028853, "iv": 113.81, "instrument_name": "BTC-31DEC21-100000-C", "index_price": 48066.78, "direction": "buy", "amount": 1.9}, {"trade_seq": 11703, "trade_id": "194386452", "timestamp": 1639090015667, "tick_direction": 2, "price": 0.0005, "mark_price": 0.00026985, "iv": 114.53, "instrument_name": "BTC-31DEC21-100000-C", "index_price": 47806.62, "direction": "buy", "amount": 0.1}, {"trade_seq": 11702, "trade_id": "194386378", "timestamp": 1639089939316, "tick_direction": 1, "price": 0.001, "mark_price": 0.00027165, "iv": 123.66, "instrument_name": "BTC-31DEC21-100000-C", "index_price": 47832.77, "direction": "buy", "amount": 3.5}, {"trade_seq": 11701, "trade_id": "194384532", "timestamp": 1639087849523, "tick_direction": 1, "price": 0.001, "mark_price": 0.00030806, "iv": 122.2, "instrument_name": "BTC-31DEC21-100000-C", "index_price": 48241.08, "direction": "buy", "amount": 2.3}, {"trade_seq": 11700, "trade_id": "194384531", "timestamp": 1639087849523, "tick_direction": 1, "price": 0.001, "mark_price": 0.00030806, "iv": 122.2, "instrument_name": "BTC-31DEC21-100000-C", "index_price": 48241.08, "direction": "buy", "amount": 0.6}, {"trade_seq": 11699, "trade_id": "194384530", "timestamp": 1639087849523, "tick_direction": 0, "price": 0.001, "mark_price": 0.00030806, "iv": 122.2, "instrument_name": "BTC-31DEC21-100000-C", "index_price": 48241.08, "direction": "buy", "amount": 0.5}, {"trade_seq": 11698, "trade_id": "194384114", "timestamp": 1639087622858, "tick_direction": 3, "price": 0.0005, "mark_price": 0.00029659, "iv": 112.99, "instrument_name": "BTC-31DEC21-100000-C", "index_price": 48263.9, "direction": "buy", "amount": 0.2}, {"trade_seq": 11697, "trade_id": "194381674", "timestamp": 1639086326875, "tick_direction": 3, "price": 0.0005, "mark_price": 0.00028313, "iv": 113.51, "instrument_name": "BTC-31DEC21-100000-C", "index_price": 48133.16, "direction": "buy", "amount": 0.1}, {"trade_seq": 11696, "trade_id": "194381529", "timestamp": 1639086297625, "tick_direction": 3, "price": 0.0005, "mark_price": 0.0002818, "iv": 113.53, "instrument_name": "BTC-31DEC21-100000-C", "index_price": 48112.22, "direction": "buy", "amount": 0.1}, {"trade_seq": 11695, "trade_id": "194287718", "timestamp": 1639042943072, "tick_direction": 3, "price": 0.0005, "mark_price": 0.0007288, "iv": 109.27, "instrument_name": "BTC-31DEC21-100000-C", "index_price": 49187.45, "direction": "sell", "amount": 0.1}, {"trade_seq": 11694, "trade_id": "194280284", "timestamp": 1639040933243, "tick_direction": 3, "price": 0.0005, "mark_price": 0.00039233, "iv": 108.44, "instrument_name": "BTC-31DEC21-100000-C", "index_price": 49486.66, "direction": "buy", "amount": 0.5}, {"trade_seq": 11693, "trade_id": "194255544", "timestamp": 1639025118914, "tick_direction": 3, "price": 0.0005, "mark_price": 0.00072104, "iv": 107.38, "instrument_name": "BTC-31DEC21-100000-C", "index_price": 49727.07, "direction": "sell", "amount": 0.8}, {"trade_seq": 11692, "trade_id": "194255543", "timestamp": 1639025118914, "tick_direction": 2, "price": 0.0005, "mark_price": 0.00072104, "iv": 107.38, "instrument_name": "BTC-31DEC21-100000-C", "index_price": 49727.07, "direction": "sell", "amount": 0.2}, {"trade_seq": 11691, "trade_id": "194198332", "timestamp": 1638979711861, "tick_direction": 1, "price": 0.001, "mark_price": 0.00072362, "iv": 112.06, "instrument_name": "BTC-31DEC21-100000-C", "index_price": 50630.19, "direction": "buy", "amount": 0.1}, {"trade_seq": 11690, "trade_id": "194158440", "timestamp": 1638970773239, "tick_direction": 1, "price": 0.001, "mark_price": 0.0007304, "iv": 115.75, "instrument_name": "BTC-31DEC21-100000-C", "index_price": 49252.07, "direction": "buy", "amount": 1.0}, {"trade_seq": 11689, "trade_id": "194158352", "timestamp": 1638970718788, "tick_direction": 1, "price": 0.001, "mark_price": 0.00073669, "iv": 115.68, "instrument_name": "BTC-31DEC21-100000-C", "index_price": 49268.87, "direction": "buy", "amount": 1.0}, {"trade_seq": 11688, "trade_id": "194119084", "timestamp": 1638957053737, "tick_direction": 0, "price": 0.001, "mark_price": 0.00071349, "iv": 112.67, "instrument_name": "BTC-31DEC21-100000-C", "index_price": 50215.76, "direction": "buy", "amount": 45.0}, {"trade_seq": 11687, "trade_id": "194105727", "timestamp": 1638940576569, "tick_direction": 3, "price": 0.0005, "mark_price": 0.00071454, "iv": 103.23, "instrument_name": "BTC-31DEC21-100000-C", "index_price": 50412.14, "direction": "sell", "amount": 0.6}, {"trade_seq": 11686, "trade_id": "194063399", "timestamp": 1638907924979, "tick_direction": 3, "price": 0.0005, "mark_price": 0.00089509, "iv": 101.07, "instrument_name": "BTC-31DEC21-100000-C", "index_price": 50939.37, "direction": "sell", "amount": 1.0}, {"trade_seq": 11685, "trade_id": "194063158", "timestamp": 1638907622551, "tick_direction": 3, "price": 0.0005, "mark_price": 0.00091366, "iv": 100.88, "instrument_name": "BTC-31DEC21-100000-C", "index_price": 51020.86, "direction": "sell", "amount": 1.9}, {"trade_seq": 11684, "trade_id": "194063157", "timestamp": 1638907622551, "tick_direction": 2, "price": 0.0005, "mark_price": 0.00091366, "iv": 100.88, "instrument_name": "BTC-31DEC21-100000-C", "index_price": 51020.86, "direction": "sell", "amount": 0.1}, {"trade_seq": 11683, "trade_id": "194052123", "timestamp": 1638900797695, "tick_direction": 2, "price": 0.001, "mark_price": 0.00121759, "iv": 108.75, "instrument_name": "BTC-31DEC21-100000-C", "index_price": 51063.86, "direction": "sell", "amount": 1.0}, {"trade_seq": 11682, "trade_id": "194051266", "timestamp": 1638900178963, "tick_direction": 1, "price": 0.0015, "mark_price": 0.00109543, "iv": 114.22, "instrument_name": "BTC-31DEC21-100000-C", "index_price": 51132.22, "direction": "buy", "amount": 0.4}, {"trade_seq": 11681, "trade_id": "194051265", "timestamp": 1638900178963, "tick_direction": 0, "price": 0.0015, "mark_price": 0.00109543, "iv": 114.22, "instrument_name": "BTC-31DEC21-100000-C", "index_price": 51132.22, "direction": "buy", "amount": 0.6}, {"trade_seq": 11680, "trade_id": "194017948", "timestamp": 1638889202016, "tick_direction": 1, "price": 0.001, "mark_price": 0.00073199, "iv": 107.17, "instrument_name": "BTC-31DEC21-100000-C", "index_price": 51513.79, "direction": "buy", "amount": 21.0}, {"trade_seq": 11679, "trade_id": "194017947", "timestamp": 1638889202016, "tick_direction": 1, "price": 0.001, "mark_price": 0.00073199, "iv": 107.17, "instrument_name": "BTC-31DEC21-100000-C", "index_price": 51513.79, "direction": "buy", "amount": 0.6}, {"trade_seq": 11678, "trade_id": "194017946", "timestamp": 1638889202016, "tick_direction": 1, "price": 0.001, "mark_price": 0.00073199, "iv": 107.17, "instrument_name": "BTC-31DEC21-100000-C", "index_price": 51513.79, "direction": "buy", "amount": 0.2}, {"trade_seq": 11677, "trade_id": "193973051", "timestamp": 1638865511684, "tick_direction": 1, "price": 0.001, "mark_price": 0.00072176, "iv": 107.65, "instrument_name": "BTC-31DEC21-100000-C", "index_price": 51109.64, "direction": "buy", "amount": 0.4}, {"trade_seq": 11676, "trade_id": "193973050", "timestamp": 1638865511684, "tick_direction": 1, "price": 0.001, "mark_price": 0.00072176, "iv": 107.65, "instrument_name": "BTC-31DEC21-100000-C", "index_price": 51109.64, "direction": "buy", "amount": 1.0}, {"trade_seq": 11675, "trade_id": "193973049", "timestamp": 1638865511684, "tick_direction": 1, "price": 0.001, "mark_price": 0.00072176, "iv": 107.65, "instrument_name": "BTC-31DEC21-100000-C", "index_price": 51109.64, "direction": "buy", "amount": 1.3}, {"trade_seq": 11674, "trade_id": "193973048", "timestamp": 1638865511684, "tick_direction": 0, "price": 0.001, "mark_price": 0.00072176, "iv": 107.65, "instrument_name": "BTC-31DEC21-100000-C", "index_price": 51109.64, "direction": "buy", "amount": 18.5}, {"trade_seq": 11673, "trade_id": "193935777", "timestamp": 1638840399159, "tick_direction": 3, "price": 0.0005, "mark_price": 0.00070096, "iv": 99.45, "instrument_name": "BTC-31DEC21-100000-C", "index_price": 50914.66, "direction": "sell", "amount": 2.0}, {"trade_seq": 11672, "trade_id": "193914694", "timestamp": 1638833052931, "tick_direction": 3, "price": 0.0005, "mark_price": 0.0007077, "iv": 100.31, "instrument_name": "BTC-31DEC21-100000-C", "index_price": 50509.61, "direction": "sell", "amount": 3.2}, {"trade_seq": 11671, "trade_id": "193906673", "timestamp": 1638830150878, "tick_direction": 3, "price": 0.0005, "mark_price": 0.00049517, "iv": 100.31, "instrument_name": "BTC-31DEC21-100000-C", "index_price": 50471.29, "direction": "buy", "amount": 0.1}, {"trade_seq": 11670, "trade_id": "193878829", "timestamp": 1638822822286, "tick_direction": 3, "price": 0.0005, "mark_price": 0.00071388, "iv": 103.47, "instrument_name": "BTC-31DEC21-100000-C", "index_price": 49168.98, "direction": "buy", "amount": 0.5}, {"trade_seq": 11669, "trade_id": "193878828", "timestamp": 1638822822286, "tick_direction": 3, "price": 0.0005, "mark_price": 0.00071388, "iv": 103.47, "instrument_name": "BTC-31DEC21-100000-C", "index_price": 49168.98, "direction": "buy", "amount": 4.9}, {"trade_seq": 11668, "trade_id": "193876487", "timestamp": 1638820826479, "tick_direction": 3, "price": 0.0005, "mark_price": 0.00072394, "iv": 103.31, "instrument_name": "BTC-31DEC21-100000-C", "index_price": 49199.12, "direction": "sell", "amount": 0.1}, {"trade_seq": 11667, "trade_id": "193855842", "timestamp": 1638809459493, "tick_direction": 3, "price": 0.0005, "mark_price": 0.00071122, "iv": 103.34, "instrument_name": "BTC-31DEC21-100000-C", "index_price": 49133.18, "direction": "sell", "amount": 1.0}, {"trade_seq": 11666, "trade_id": "193814950", "timestamp": 1638800074816, "tick_direction": 3, "price": 0.0005, "mark_price": 0.00054502, "iv": 104.86, "instrument_name": "BTC-31DEC21-100000-C", "index_price": 48464.36, "direction": "sell", "amount": 0.9}, {"trade_seq": 11665, "trade_id": "193812079", "timestamp": 1638798833583, "tick_direction": 2, "price": 0.0005, "mark_price": 0.00071787, "iv": 105.66, "instrument_name": "BTC-31DEC21-100000-C", "index_price": 48173.63, "direction": "sell", "amount": 1.0}, {"trade_seq": 11664, "trade_id": "193743700", "timestamp": 1638782897827, "tick_direction": 0, "price": 0.001, "mark_price": 0.00053211, "iv": 113.46, "instrument_name": "BTC-31DEC21-100000-C", "index_price": 48259.79, "direction": "buy", "amount": 6.5}, {"trade_seq": 11663, "trade_id": "193718523", "timestamp": 1638777961988, "tick_direction": 3, "price": 0.0005, "mark_price": 0.00080736, "iv": 102.11, "instrument_name": "BTC-31DEC21-100000-C", "index_price": 49385.96, "direction": "sell", "amount": 0.1}, {"trade_seq": 11662, "trade_id": "193718522", "timestamp": 1638777961988, "tick_direction": 3, "price": 0.0005, "mark_price": 0.00080736, "iv": 102.11, "instrument_name": "BTC-31DEC21-100000-C", "index_price": 49385.96, "direction": "sell", "amount": 2.0}, {"trade_seq": 11661, "trade_id": "193709921", "timestamp": 1638776186278, "tick_direction": 3, "price": 0.0005, "mark_price": 0.00091398, "iv": 105.04, "instrument_name": "BTC-31DEC21-100000-C", "index_price": 48213.68, "direction": "sell", "amount": 15.0}, {"trade_seq": 11660, "trade_id": "193709920", "timestamp": 1638776186278, "tick_direction": 3, "price": 0.0005, "mark_price": 0.00091398, "iv": 105.04, "instrument_name": "BTC-31DEC21-100000-C", "index_price": 48213.68, "direction": "sell", "amount": 5.0}, {"trade_seq": 11659, "trade_id": "193709919", "timestamp": 1638776186278, "tick_direction": 3, "price": 0.0005, "mark_price": 0.00091398, "iv": 105.04, "instrument_name": "BTC-31DEC21-100000-C", "index_price": 48213.68, "direction": "sell", "amount": 0.1}, {"trade_seq": 11658, "trade_id": "193709918", "timestamp": 1638776186278, "tick_direction": 3, "price": 0.0005, "mark_price": 0.00091398, "iv": 105.04, "instrument_name": "BTC-31DEC21-100000-C", "index_price": 48213.68, "direction": "sell", "amount": 1.0}, {"trade_seq": 11657, "trade_id": "193709917", "timestamp": 1638776186278, "tick_direction": 2, "price": 0.0005, "mark_price": 0.00091398, "iv": 105.04, "instrument_name": "BTC-31DEC21-100000-C", "index_price": 48213.68, "direction": "sell", "amount": 3.9}, {"trade_seq": 11656, "trade_id": "193679261", "timestamp": 1638757823586, "tick_direction": 3, "price": 0.001, "mark_price": 0.00118877, "iv": 111.33, "instrument_name": "BTC-31DEC21-100000-C", "index_price": 48889.68, "direction": "sell", "amount": 1.0}, {"trade_seq": 11655, "trade_id": "193676047", "timestamp": 1638756660856, "tick_direction": 3, "price": 0.001, "mark_price": 0.00073361, "iv": 111.14, "instrument_name": "BTC-31DEC21-100000-C", "index_price": 48960.74, "direction": "buy", "amount": 0.5}, {"trade_seq": 11654, "trade_id": "193667007", "timestamp": 1638753847352, "tick_direction": 3, "price": 0.001, "mark_price": 0.00116124, "iv": 111.6, "instrument_name": "BTC-31DEC21-100000-C", "index_price": 48754.42, "direction": "sell", "amount": 0.9}, {"trade_seq": 11653, "trade_id": "193665010", "timestamp": 1638753112710, "tick_direction": 2, "price": 0.001, "mark_price": 0.00074675, "iv": 110.8, "instrument_name": "BTC-31DEC21-100000-C", "index_price": 49045.87, "direction": "buy", "amount": 0.1}, {"trade_seq": 11652, "trade_id": "193616142", "timestamp": 1638731625067, "tick_direction": 0, "price": 0.0015, "mark_price": 0.00089368, "iv": 116.43, "instrument_name": "BTC-31DEC21-100000-C", "index_price": 48886.73, "direction": "buy", "amount": 1.0}, {"trade_seq": 11651, "trade_id": "193601524", "timestamp": 1638722674688, "tick_direction": 2, "price": 0.0005, "mark_price": 0.00091725, "iv": 103.33, "instrument_name": "BTC-31DEC21-100000-C", "index_price": 48473.42, "direction": "sell", "amount": 1.0}, {"trade_seq": 11650, "trade_id": "193558407", "timestamp": 1638706972730, "tick_direction": 1, "price": 0.0015, "mark_price": 0.00094657, "iv": 113.54, "instrument_name": "BTC-31DEC21-100000-C", "index_price": 49684.63, "direction": "buy", "amount": 10.0}, {"trade_seq": 11649, "trade_id": "193545397", "timestamp": 1638699383690, "tick_direction": 0, "price": 0.0015, "mark_price": 0.00111313, "iv": 114.59, "instrument_name": "BTC-31DEC21-100000-C", "index_price": 49242.36, "direction": "buy", "amount": 0.1}, {"trade_seq": 11648, "trade_id": "193535740", "timestamp": 1638693637411, "tick_direction": 3, "price": 0.001, "mark_price": 0.00123392, "iv": 108.07, "instrument_name": "BTC-31DEC21-100000-C", "index_price": 49516.45, "direction": "sell", "amount": 2.0}, {"trade_seq": 11647, "trade_id": "193515942", "timestamp": 1638676731474, "tick_direction": 3, "price": 0.001, "mark_price": 0.00110417, "iv": 108.09, "instrument_name": "BTC-31DEC21-100000-C", "index_price": 49343.13, "direction": "sell", "amount": 2.1}, {"trade_seq": 11646, "trade_id": "193515941", "timestamp": 1638676724238, "tick_direction": 3, "price": 0.001, "mark_price": 0.0011015, "iv": 108.11, "instrument_name": "BTC-31DEC21-100000-C", "index_price": 49340.15, "direction": "sell", "amount": 0.9}, {"trade_seq": 11645, "trade_id": "193515940", "timestamp": 1638676718143, "tick_direction": 3, "price": 0.001, "mark_price": 0.00109702, "iv": 108.12, "instrument_name": "BTC-31DEC21-100000-C", "index_price": 49333.4, "direction": "sell", "amount": 2.0}, {"trade_seq": 11644, "trade_id": "193515920", "timestamp": 1638676707856, "tick_direction": 3, "price": 0.001, "mark_price": 0.00108907, "iv": 108.18, "instrument_name": "BTC-31DEC21-100000-C", "index_price": 49314.97, "direction": "sell", "amount": 2.0}, {"trade_seq": 11643, "trade_id": "193515913", "timestamp": 1638676692679, "tick_direction": 2, "price": 0.001, "mark_price": 0.0010824, "iv": 108.19, "instrument_name": "BTC-31DEC21-100000-C", "index_price": 49306.11, "direction": "sell", "amount": 2.0}, {"trade_seq": 11642, "trade_id": "193468643", "timestamp": 1638655646914, "tick_direction": 0, "price": 0.0015, "mark_price": 0.00122794, "iv": 114.76, "instrument_name": "BTC-31DEC21-100000-C", "index_price": 48730.22, "direction": "buy", "amount": 0.2}, {"trade_seq": 11641, "trade_id": "193468299", "timestamp": 1638655307113, "tick_direction": 3, "price": 0.001, "mark_price": 0.00122224, "iv": 109.14, "instrument_name": "BTC-31DEC21-100000-C", "index_price": 48736.44, "direction": "sell", "amount": 5.0}, {"trade_seq": 11640, "trade_id": "193446045", "timestamp": 1638645086345, "tick_direction": 3, "price": 0.001, "mark_price": 0.00145234, "iv": 108.41, "instrument_name": "BTC-31DEC21-100000-C", "index_price": 48975.05, "direction": "sell", "amount": 10.5}, {"trade_seq": 11639, "trade_id": "193446044", "timestamp": 1638645086345, "tick_direction": 2, "price": 0.001, "mark_price": 0.00145234, "iv": 108.41, "instrument_name": "BTC-31DEC21-100000-C", "index_price": 48975.05, "direction": "sell", "amount": 0.1}, {"trade_seq": 11638, "trade_id": "193439935", "timestamp": 1638642540608, "tick_direction": 1, "price": 0.0015, "mark_price": 0.00120311, "iv": 114.77, "instrument_name": "BTC-31DEC21-100000-C", "index_price": 48655.13, "direction": "sell", "amount": 2.5}, {"trade_seq": 11637, "trade_id": "193439934", "timestamp": 1638642540591, "tick_direction": 1, "price": 0.0015, "mark_price": 0.00120311, "iv": 114.77, "instrument_name": "BTC-31DEC21-100000-C", "index_price": 48655.13, "direction": "buy", "amount": 15.0}, {"trade_seq": 11636, "trade_id": "193439933", "timestamp": 1638642540591, "tick_direction": 1, "price": 0.0015, "mark_price": 0.00120311, "iv": 114.77, "instrument_name": "BTC-31DEC21-100000-C", "index_price": 48655.13, "direction": "buy", "amount": 32.5}, {"trade_seq": 11635, "trade_id": "193439922", "timestamp": 1638642532287, "tick_direction": 1, "price": 0.0015, "mark_price": 0.00119819, "iv": 114.81, "instrument_name": "BTC-31DEC21-100000-C", "index_price": 48644.26, "direction": "buy", "amount": 0.5}, {"trade_seq": 11634, "trade_id": "193439921", "timestamp": 1638642532287, "tick_direction": 1, "price": 0.0015, "mark_price": 0.00119819, "iv": 114.81, "instrument_name": "BTC-31DEC21-100000-C", "index_price": 48644.26, "direction": "buy", "amount": 30.0}, {"trade_seq": 11633, "trade_id": "193439920", "timestamp": 1638642532287, "tick_direction": 1, "price": 0.0015, "mark_price": 0.00119819, "iv": 114.81, "instrument_name": "BTC-31DEC21-100000-C", "index_price": 48644.26, "direction": "buy", "amount": 9.4}, {"trade_seq": 11632, "trade_id": "193439919", "timestamp": 1638642532287, "tick_direction": 0, "price": 0.0015, "mark_price": 0.00119819, "iv": 114.81, "instrument_name": "BTC-31DEC21-100000-C", "index_price": 48644.26, "direction": "buy", "amount": 0.1}, {"trade_seq": 11631, "trade_id": "193430870", "timestamp": 1638636117974, "tick_direction": 1, "price": 0.001, "mark_price": 0.00079265, "iv": 110.07, "instrument_name": "BTC-31DEC21-100000-C", "index_price": 48254.23, "direction": "buy", "amount": 15.9}, {"trade_seq": 11630, "trade_id": "193418489", "timestamp": 1638631875818, "tick_direction": 1, "price": 0.001, "mark_price": 0.00072583, "iv": 110.05, "instrument_name": "BTC-31DEC21-100000-C", "index_price": 48277.24, "direction": "buy", "amount": 23.8}, {"trade_seq": 11629, "trade_id": "193414034", "timestamp": 1638630733278, "tick_direction": 0, "price": 0.001, "mark_price": 0.00078327, "iv": 109.31, "instrument_name": "BTC-31DEC21-100000-C", "index_price": 48511.87, "direction": "buy", "amount": 0.1}, {"trade_seq": 11628, "trade_id": "193413485", "timestamp": 1638630657236, "tick_direction": 2, "price": 0.0005, "mark_price": 0.00079248, "iv": 101.34, "instrument_name": "BTC-31DEC21-100000-C", "index_price": 48434.64, "direction": "sell", "amount": 0.1}, {"trade_seq": 11627, "trade_id": "193411682", "timestamp": 1638630315979, "tick_direction": 3, "price": 0.001, "mark_price": 0.00074575, "iv": 110.72, "instrument_name": "BTC-31DEC21-100000-C", "index_price": 47994.08, "direction": "buy", "amount": 0.1}, {"trade_seq": 11626, "trade_id": "193398870", "timestamp": 1638626257993, "tick_direction": 2, "price": 0.001, "mark_price": 0.00074968, "iv": 112.13, "instrument_name": "BTC-31DEC21-100000-C", "index_price": 47413.97, "direction": "buy", "amount": 0.1}, {"trade_seq": 11625, "trade_id": "193389889", "timestamp": 1638624401605, "tick_direction": 0, "price": 0.0015, "mark_price": 0.00092846, "iv": 118.37, "instrument_name": "BTC-31DEC21-100000-C", "index_price": 47149.9, "direction": "buy", "amount": 0.1}, {"trade_seq": 11624, "trade_id": "193385811", "timestamp": 1638623545365, "tick_direction": 3, "price": 0.0005, "mark_price": 0.00119149, "iv": 104.36, "instrument_name": "BTC-31DEC21-100000-C", "index_price": 47114.74, "direction": "sell", "amount": 2.5}, {"trade_seq": 11623, "trade_id": "193385810", "timestamp": 1638623545365, "tick_direction": 2, "price": 0.0005, "mark_price": 0.00119149, "iv": 104.36, "instrument_name": "BTC-31DEC21-100000-C", "index_price": 47114.74, "direction": "sell", "amount": 1.0}, {"trade_seq": 11622, "trade_id": "193385745", "timestamp": 1638623513452, "tick_direction": 3, "price": 0.001, "mark_price": 0.00122946, "iv": 112.63, "instrument_name": "BTC-31DEC21-100000-C", "index_price": 47141.11, "direction": "sell", "amount": 5.0}, {"trade_seq": 11621, "trade_id": "193385744", "timestamp": 1638623513452, "tick_direction": 2, "price": 0.001, "mark_price": 0.00122946, "iv": 112.63, "instrument_name": "BTC-31DEC21-100000-C", "index_price": 47141.11, "direction": "sell", "amount": 0.8}, {"trade_seq": 11620, "trade_id": "193384591", "timestamp": 1638623215294, "tick_direction": 0, "price": 0.0015, "mark_price": 0.00120309, "iv": 118.45, "instrument_name": "BTC-31DEC21-100000-C", "index_price": 47083.01, "direction": "buy", "amount": 1.0}, {"trade_seq": 11619, "trade_id": "193382011", "timestamp": 1638622508068, "tick_direction": 1, "price": 0.001, "mark_price": 0.00106831, "iv": 112.38, "instrument_name": "BTC-31DEC21-100000-C", "index_price": 47184.51, "direction": "sell", "amount": 0.1}, {"trade_seq": 11618, "trade_id": "193381367", "timestamp": 1638622259770, "tick_direction": 1, "price": 0.001, "mark_price": 0.00090211, "iv": 111.86, "instrument_name": "BTC-31DEC21-100000-C", "index_price": 47353.3, "direction": "buy", "amount": 0.1}, {"trade_seq": 11617, "trade_id": "193369836", "timestamp": 1638619688790, "tick_direction": 0, "price": 0.001, "mark_price": 0.00088023, "iv": 113.44, "instrument_name": "BTC-31DEC21-100000-C", "index_price": 46761.77, "direction": "buy", "amount": 0.4}, {"trade_seq": 11616, "trade_id": "193352213", "timestamp": 1638614582741, "tick_direction": 3, "price": 0.0005, "mark_price": 0.00106876, "iv": 104.35, "instrument_name": "BTC-31DEC21-100000-C", "index_price": 46972.29, "direction": "sell", "amount": 11.2}, {"trade_seq": 11615, "trade_id": "193352212", "timestamp": 1638614582741, "tick_direction": 3, "price": 0.0005, "mark_price": 0.00106876, "iv": 104.35, "instrument_name": "BTC-31DEC21-100000-C", "index_price": 46972.29, "direction": "sell", "amount": 3.6}, {"trade_seq": 11614, "trade_id": "193352211", "timestamp": 1638614582741, "tick_direction": 3, "price": 0.0005, "mark_price": 0.00106876, "iv": 104.35, "instrument_name": "BTC-31DEC21-100000-C", "index_price": 46972.29, "direction": "sell", "amount": 0.1}, {"trade_seq": 11613, "trade_id": "193352210", "timestamp": 1638614582741, "tick_direction": 3, "price": 0.0005, "mark_price": 0.00106876, "iv": 104.35, "instrument_name": "BTC-31DEC21-100000-C", "index_price": 46972.29, "direction": "sell", "amount": 0.5}, {"trade_seq": 11612, "trade_id": "193352209", "timestamp": 1638614582741, "tick_direction": 3, "price": 0.0005, "mark_price": 0.00106876, "iv": 104.35, "instrument_name": "BTC-31DEC21-100000-C", "index_price": 46972.29, "direction": "sell", "amount": 2.0}, {"trade_seq": 11611, "trade_id": "193352208", "timestamp": 1638614582741, "tick_direction": 3, "price": 0.0005, "mark_price": 0.00106876, "iv": 104.35, "instrument_name": "BTC-31DEC21-100000-C", "index_price": 46972.29, "direction": "sell", "amount": 5.0}, {"trade_seq": 11610, "trade_id": "193352207", "timestamp": 1638614582741, "tick_direction": 2, "price": 0.0005, "mark_price": 0.00106876, "iv": 104.35, "instrument_name": "BTC-31DEC21-100000-C", "index_price": 46972.29, "direction": "sell", "amount": 0.1}, {"trade_seq": 11609, "trade_id": "193351526", "timestamp": 1638614448232, "tick_direction": 3, "price": 0.001, "mark_price": 0.00121178, "iv": 112.38, "instrument_name": "BTC-31DEC21-100000-C", "index_price": 47082.03, "direction": "sell", "amount": 5.6}, {"trade_seq": 11608, "trade_id": "193351267", "timestamp": 1638614358591, "tick_direction": 3, "price": 0.001, "mark_price": 0.00120377, "iv": 112.4, "instrument_name": "BTC-31DEC21-100000-C", "index_price": 47070.6, "direction": "sell", "amount": 10.5}, {"trade_seq": 11607, "trade_id": "193351266", "timestamp": 1638614358591, "tick_direction": 2, "price": 0.001, "mark_price": 0.00120377, "iv": 112.4, "instrument_name": "BTC-31DEC21-100000-C", "index_price": 47070.6, "direction": "sell", "amount": 1.0}, {"trade_seq": 11606, "trade_id": "193348880", "timestamp": 1638613715834, "tick_direction": 0, "price": 0.0015, "mark_price": 0.00121257, "iv": 117.25, "instrument_name": "BTC-31DEC21-100000-C", "index_price": 47404.33, "direction": "buy", "amount": 0.8}, {"trade_seq": 11605, "trade_id": "193345629", "timestamp": 1638612142529, "tick_direction": 2, "price": 0.001, "mark_price": 0.00124246, "iv": 111.07, "instrument_name": "BTC-31DEC21-100000-C", "index_price": 47578.57, "direction": "sell", "amount": 6.1}, {"trade_seq": 11604, "trade_id": "193343199", "timestamp": 1638610903698, "tick_direction": 1, "price": 0.0015, "mark_price": 0.00122563, "iv": 116.45, "instrument_name": "BTC-31DEC21-100000-C", "index_price": 47658.63, "direction": "buy", "amount": 8.3}, {"trade_seq": 11603, "trade_id": "193343198", "timestamp": 1638610903698, "tick_direction": 1, "price": 0.0015, "mark_price": 0.00122563, "iv": 116.45, "instrument_name": "BTC-31DEC21-100000-C", "index_price": 47658.63, "direction": "buy", "amount": 2.1}, {"trade_seq": 11602, "trade_id": "193343197", "timestamp": 1638610903698, "tick_direction": 0, "price": 0.0015, "mark_price": 0.00122563, "iv": 116.45, "instrument_name": "BTC-31DEC21-100000-C", "index_price": 47658.63, "direction": "buy", "amount": 0.8}, {"trade_seq": 11601, "trade_id": "193342286", "timestamp": 1638610574214, "tick_direction": 3, "price": 0.001, "mark_price": 0.00122795, "iv": 110.81, "instrument_name": "BTC-31DEC21-100000-C", "index_price": 47668.65, "direction": "sell", "amount": 0.5}, {"trade_seq": 11600, "trade_id": "193330437", "timestamp": 1638607605122, "tick_direction": 3, "price": 0.001, "mark_price": 0.00114444, "iv": 110.47, "instrument_name": "BTC-31DEC21-100000-C", "index_price": 47760.22, "direction": "buy", "amount": 4.0}, {"trade_seq": 11599, "trade_id": "193329626", "timestamp": 1638607462410, "tick_direction": 3, "price": 0.001, "mark_price": 0.00122867, "iv": 110.23, "instrument_name": "BTC-31DEC21-100000-C", "index_price": 47846.53, "direction": "buy", "amount": 3.4}, {"trade_seq": 11598, "trade_id": "193329625", "timestamp": 1638607462406, "tick_direction": 3, "price": 0.001, "mark_price": 0.00122867, "iv": 110.23, "instrument_name": "BTC-31DEC21-100000-C", "index_price": 47846.53, "direction": "sell", "amount": 2.6}, {"trade_seq": 11597, "trade_id": "193327435", "timestamp": 1638607171498, "tick_direction": 2, "price": 0.001, "mark_price": 0.0012609, "iv": 109.94, "instrument_name": "BTC-31DEC21-100000-C", "index_price": 47915.45, "direction": "sell", "amount": 1.5}, {"trade_seq": 11596, "trade_id": "193307533", "timestamp": 1638604302745, "tick_direction": 3, "price": 0.0015, "mark_price": 0.00125632, "iv": 117.93, "instrument_name": "BTC-31DEC21-100000-C", "index_price": 47099.4, "direction": "buy", "amount": 0.2}, {"trade_seq": 11595, "trade_id": "193301022", "timestamp": 1638603450804, "tick_direction": 3, "price": 0.0015, "mark_price": 0.00118331, "iv": 117.18, "instrument_name": "BTC-31DEC21-100000-C", "index_price": 47423.61, "direction": "sell", "amount": 1.6}, {"trade_seq": 11594, "trade_id": "193301019", "timestamp": 1638603450780, "tick_direction": 3, "price": 0.0015, "mark_price": 0.00118271, "iv": 117.18, "instrument_name": "BTC-31DEC21-100000-C", "index_price": 47423.61, "direction": "buy", "amount": 7.4}, {"trade_seq": 11593, "trade_id": "193301018", "timestamp": 1638603450780, "tick_direction": 3, "price": 0.0015, "mark_price": 0.00118271, "iv": 117.18, "instrument_name": "BTC-31DEC21-100000-C", "index_price": 47423.61, "direction": "buy", "amount": 1.0}, {"trade_seq": 11592, "trade_id": "193278390", "timestamp": 1638600726469, "tick_direction": 3, "price": 0.0015, "mark_price": 0.00166067, "iv": 116.42, "instrument_name": "BTC-31DEC21-100000-C", "index_price": 47763.52, "direction": "sell", "amount": 1.0}, {"trade_seq": 11591, "trade_id": "193277304", "timestamp": 1638600542726, "tick_direction": 2, "price": 0.0015, "mark_price": 0.0015774, "iv": 116.41, "instrument_name": "BTC-31DEC21-100000-C", "index_price": 47756.17, "direction": "sell", "amount": 1.0}, {"trade_seq": 11590, "trade_id": "193262716", "timestamp": 1638598811490, "tick_direction": 2, "price": 0.002, "mark_price": 0.00255634, "iv": 121.45, "instrument_name": "BTC-31DEC21-100000-C", "index_price": 47597.69, "direction": "sell", "amount": 0.2}, {"trade_seq": 11589, "trade_id": "193247727", "timestamp": 1638597634420, "tick_direction": 2, "price": 0.003, "mark_price": 0.0021962, "iv": 127.56, "instrument_name": "BTC-31DEC21-100000-C", "index_price": 47911.71, "direction": "buy", "amount": 3.6}, {"trade_seq": 11588, "trade_id": "193239468", "timestamp": 1638597131699, "tick_direction": 1, "price": 0.0045, "mark_price": 0.00204128, "iv": 138.09, "instrument_name": "BTC-31DEC21-100000-C", "index_price": 47267.66, "direction": "sell", "amount": 2.3}, {"trade_seq": 11587, "trade_id": "193239466", "timestamp": 1638597131676, "tick_direction": 0, "price": 0.0045, "mark_price": 0.00204128, "iv": 138.09, "instrument_name": "BTC-31DEC21-100000-C", "index_price": 47267.66, "direction": "buy", "amount": 1.0}, {"trade_seq": 11586, "trade_id": "193232974", "timestamp": 1638596867892, "tick_direction": 1, "price": 0.004, "mark_price": 0.00207017, "iv": 136.02, "instrument_name": "BTC-31DEC21-100000-C", "index_price": 47145.5, "direction": "buy", "amount": 2.0}, {"trade_seq": 11585, "trade_id": "193232565", "timestamp": 1638596847558, "tick_direction": 1, "price": 0.004, "mark_price": 0.00204272, "iv": 136.15, "instrument_name": "BTC-31DEC21-100000-C", "index_price": 47098.5, "direction": "buy", "amount": 3.0}, {"trade_seq": 11584, "trade_id": "193232292", "timestamp": 1638596833517, "tick_direction": 0, "price": 0.004, "mark_price": 0.00203136, "iv": 136.05, "instrument_name": "BTC-31DEC21-100000-C", "index_price": 47123.34, "direction": "buy", "amount": 3.0}, {"trade_seq": 11583, "trade_id": "193231987", "timestamp": 1638596806963, "tick_direction": 0, "price": 0.003, "mark_price": 0.00201757, "iv": 130.52, "instrument_name": "BTC-31DEC21-100000-C", "index_price": 47072.97, "direction": "buy", "amount": 1.0}, {"trade_seq": 11582, "trade_id": "193222065", "timestamp": 1638596348118, "tick_direction": 0, "price": 0.0025, "mark_price": 0.00199732, "iv": 126.54, "instrument_name": "BTC-31DEC21-100000-C", "index_price": 47387.02, "direction": "buy", "amount": 0.5}, {"trade_seq": 11581, "trade_id": "193143237", "timestamp": 1638594154086, "tick_direction": 2, "price": 0.0005, "mark_price": 0.00119789, "iv": 96.19, "instrument_name": "BTC-31DEC21-100000-C", "index_price": 50171.56, "direction": "sell", "amount": 0.1}, {"trade_seq": 11580, "trade_id": "193102963", "timestamp": 1638584879916, "tick_direction": 1, "price": 0.002, "mark_price": 0.00171466, "iv": 106.15, "instrument_name": "BTC-31DEC21-100000-C", "index_price": 52829.24, "direction": "buy", "amount": 0.1}, {"trade_seq": 11579, "trade_id": "193099121", "timestamp": 1638581994547, "tick_direction": 1, "price": 0.002, "mark_price": 0.0015674, "iv": 106.19, "instrument_name": "BTC-31DEC21-100000-C", "index_price": 52804.16, "direction": "sell", "amount": 8.8}, {"trade_seq": 11578, "trade_id": "193099120", "timestamp": 1638581994500, "tick_direction": 1, "price": 0.002, "mark_price": 0.0015674, "iv": 106.19, "instrument_name": "BTC-31DEC21-100000-C", "index_price": 52804.16, "direction": "sell", "amount": 2.7}, {"trade_seq": 11577, "trade_id": "193099119", "timestamp": 1638581994497, "tick_direction": 0, "price": 0.002, "mark_price": 0.0015674, "iv": 106.19, "instrument_name": "BTC-31DEC21-100000-C", "index_price": 52804.16, "direction": "buy", "amount": 10.0}, {"trade_seq": 11576, "trade_id": "193098474", "timestamp": 1638581795559, "tick_direction": 1, "price": 0.0015, "mark_price": 0.00136548, "iv": 102.13, "instrument_name": "BTC-31DEC21-100000-C", "index_price": 52804.77, "direction": "buy", "amount": 0.5}, {"trade_seq": 11575, "trade_id": "193098473", "timestamp": 1638581795559, "tick_direction": 0, "price": 0.0015, "mark_price": 0.00136548, "iv": 102.13, "instrument_name": "BTC-31DEC21-100000-C", "index_price": 52804.77, "direction": "buy", "amount": 3.0}, {"trade_seq": 11574, "trade_id": "193098422", "timestamp": 1638581791029, "tick_direction": 3, "price": 0.001, "mark_price": 0.00136868, "iv": 96.97, "instrument_name": "BTC-31DEC21-100000-C", "index_price": 52827.06, "direction": "sell", "amount": 14.6}, {"trade_seq": 11573, "trade_id": "193098421", "timestamp": 1638581791029, "tick_direction": 3, "price": 0.001, "mark_price": 0.00136868, "iv": 96.97, "instrument_name": "BTC-31DEC21-100000-C", "index_price": 52827.06, "direction": "sell", "amount": 2.3}, {"trade_seq": 11572, "trade_id": "193098420", "timestamp": 1638581791029, "tick_direction": 3, "price": 0.001, "mark_price": 0.00136868, "iv": 96.97, "instrument_name": "BTC-31DEC21-100000-C", "index_price": 52827.06, "direction": "sell", "amount": 1.3}, {"trade_seq": 11571, "trade_id": "193098419", "timestamp": 1638581791029, "tick_direction": 3, "price": 0.001, "mark_price": 0.00136868, "iv": 96.97, "instrument_name": "BTC-31DEC21-100000-C", "index_price": 52827.06, "direction": "sell", "amount": 0.1}, {"trade_seq": 11570, "trade_id": "193098418", "timestamp": 1638581791029, "tick_direction": 3, "price": 0.001, "mark_price": 0.00136868, "iv": 96.97, "instrument_name": "BTC-31DEC21-100000-C", "index_price": 52827.06, "direction": "sell", "amount": 1.0}, {"trade_seq": 11569, "trade_id": "193098417", "timestamp": 1638581791029, "tick_direction": 3, "price": 0.001, "mark_price": 0.00136868, "iv": 96.97, "instrument_name": "BTC-31DEC21-100000-C", "index_price": 52827.06, "direction": "sell", "amount": 5.0}, {"trade_seq": 11568, "trade_id": "193098416", "timestamp": 1638581791029, "tick_direction": 3, "price": 0.001, "mark_price": 0.00136868, "iv": 96.97, "instrument_name": "BTC-31DEC21-100000-C", "index_price": 52827.06, "direction": "sell", "amount": 0.7}, {"trade_seq": 11567, "trade_id": "193089983", "timestamp": 1638579251177, "tick_direction": 3, "price": 0.001, "mark_price": 0.0012053, "iv": 96.32, "instrument_name": "BTC-31DEC21-100000-C", "index_price": 53091.37, "direction": "sell", "amount": 0.3}, {"trade_seq": 11566, "trade_id": "193089982", "timestamp": 1638579251177, "tick_direction": 2, "price": 0.001, "mark_price": 0.0012053, "iv": 96.32, "instrument_name": "BTC-31DEC21-100000-C", "index_price": 53091.37, "direction": "sell", "amount": 0.2}, {"trade_seq": 11565, "trade_id": "193014828", "timestamp": 1638561908479, "tick_direction": 3, "price": 0.0015, "mark_price": 0.0014716, "iv": 99.15, "instrument_name": "BTC-31DEC21-100000-C", "index_price": 53816.62, "direction": "sell", "amount": 7.0}, {"trade_seq": 11564, "trade_id": "193013960", "timestamp": 1638561799266, "tick_direction": 3, "price": 0.0015, "mark_price": 0.00127023, "iv": 99.85, "instrument_name": "BTC-31DEC21-100000-C", "index_price": 53531.96, "direction": "buy", "amount": 3.0}, {"trade_seq": 11563, "trade_id": "192997735", "timestamp": 1638557925983, "tick_direction": 3, "price": 0.0015, "mark_price": 0.00173496, "iv": 96.37, "instrument_name": "BTC-31DEC21-100000-C", "index_price": 54861.32, "direction": "sell", "amount": 10.0}, {"trade_seq": 11562, "trade_id": "192997734", "timestamp": 1638557925983, "tick_direction": 3, "price": 0.0015, "mark_price": 0.00173496, "iv": 96.37, "instrument_name": "BTC-31DEC21-100000-C", "index_price": 54861.32, "direction": "sell", "amount": 9.9}, {"trade_seq": 11561, "trade_id": "192967377", "timestamp": 1638548832140, "tick_direction": 2, "price": 0.0015, "mark_price": 0.00175175, "iv": 94.9, "instrument_name": "BTC-31DEC21-100000-C", "index_price": 55354.42, "direction": "sell", "amount": 0.1}, {"trade_seq": 11560, "trade_id": "192942282", "timestamp": 1638544582604, "tick_direction": 1, "price": 0.002, "mark_price": 0.00174748, "iv": 96.41, "instrument_name": "BTC-31DEC21-100000-C", "index_price": 56176.64, "direction": "buy", "amount": 27.6}, {"trade_seq": 11559, "trade_id": "192942281", "timestamp": 1638544582604, "tick_direction": 0, "price": 0.002, "mark_price": 0.00174748, "iv": 96.41, "instrument_name": "BTC-31DEC21-100000-C", "index_price": 56176.64, "direction": "buy", "amount": 2.4}, {"trade_seq": 11558, "trade_id": "192911225", "timestamp": 1638529353745, "tick_direction": 2, "price": 0.0015, "mark_price": 0.00177049, "iv": 90.3, "instrument_name": "BTC-31DEC21-100000-C", "index_price": 57012.81, "direction": "sell", "amount": 1.0}, {"trade_seq": 11557, "trade_id": "192883748", "timestamp": 1638507854488, "tick_direction": 0, "price": 0.0025, "mark_price": 0.00210573, "iv": 97.64, "instrument_name": "BTC-31DEC21-100000-C", "index_price": 56662.53, "direction": "buy", "amount": 0.8}, {"trade_seq": 11556, "trade_id": "192874447", "timestamp": 1638498715867, "tick_direction": 2, "price": 0.002, "mark_price": 0.0022278, "iv": 94.87, "instrument_name": "BTC-31DEC21-100000-C", "index_price": 56463.84, "direction": "sell", "amount": 0.1}, {"trade_seq": 11555, "trade_id": "192866009", "timestamp": 1638487226362, "tick_direction": 1, "price": 0.0025, "mark_price": 0.0026856, "iv": 97.35, "instrument_name": "BTC-31DEC21-100000-C", "index_price": 56655.15, "direction": "sell", "amount": 10.0}, {"trade_seq": 11554, "trade_id": "192860721", "timestamp": 1638479225974, "tick_direction": 1, "price": 0.0025, "mark_price": 0.00204406, "iv": 96.34, "instrument_name": "BTC-31DEC21-100000-C", "index_price": 56980.59, "direction": "buy", "amount": 10.0}, {"trade_seq": 11553, "trade_id": "192860652", "timestamp": 1638479159088, "tick_direction": 1, "price": 0.0025, "mark_price": 0.00197208, "iv": 96.43, "instrument_name": "BTC-31DEC21-100000-C", "index_price": 56957.05, "direction": "buy", "amount": 4.0}, {"trade_seq": 11552, "trade_id": "192860651", "timestamp": 1638479159088, "tick_direction": 0, "price": 0.0025, "mark_price": 0.00197208, "iv": 96.43, "instrument_name": "BTC-31DEC21-100000-C", "index_price": 56957.05, "direction": "buy", "amount": 1.0}, {"trade_seq": 11551, "trade_id": "192841279", "timestamp": 1638467389269, "tick_direction": 3, "price": 0.002, "mark_price": 0.00224965, "iv": 93.92, "instrument_name": "BTC-31DEC21-100000-C", "index_price": 56617.32, "direction": "sell", "amount": 5.0}, {"trade_seq": 11550, "trade_id": "192811990", "timestamp": 1638455232791, "tick_direction": 3, "price": 0.002, "mark_price": 0.00194843, "iv": 93.64, "instrument_name": "BTC-31DEC21-100000-C", "index_price": 56636.36, "direction": "buy", "amount": 2.0}, {"trade_seq": 11549, "trade_id": "192811511", "timestamp": 1638454843673, "tick_direction": 3, "price": 0.002, "mark_price": 0.00193783, "iv": 93.71, "instrument_name": "BTC-31DEC21-100000-C", "index_price": 56586.95, "direction": "buy", "amount": 1.0}, {"trade_seq": 11548, "trade_id": "192811492", "timestamp": 1638454819849, "tick_direction": 3, "price": 0.002, "mark_price": 0.00193984, "iv": 93.69, "instrument_name": "BTC-31DEC21-100000-C", "index_price": 56607.01, "direction": "buy", "amount": 1.0}, {"trade_seq": 11547, "trade_id": "192811367", "timestamp": 1638454778122, "tick_direction": 3, "price": 0.002, "mark_price": 0.00195681, "iv": 93.56, "instrument_name": "BTC-31DEC21-100000-C", "index_price": 56661.89, "direction": "buy", "amount": 1.0}, {"trade_seq": 11546, "trade_id": "192803365", "timestamp": 1638450622855, "tick_direction": 3, "price": 0.002, "mark_price": 0.0020026, "iv": 93.55, "instrument_name": "BTC-31DEC21-100000-C", "index_price": 56626.58, "direction": "sell", "amount": 2.0}, {"trade_seq": 11545, "trade_id": "192803364", "timestamp": 1638450622855, "tick_direction": 3, "price": 0.002, "mark_price": 0.0020026, "iv": 93.55, "instrument_name": "BTC-31DEC21-100000-C", "index_price": 56626.58, "direction": "sell", "amount": 3.5}, {"trade_seq": 11544, "trade_id": "192803363", "timestamp": 1638450622855, "tick_direction": 2, "price": 0.002, "mark_price": 0.0020026, "iv": 93.55, "instrument_name": "BTC-31DEC21-100000-C", "index_price": 56626.58, "direction": "sell", "amount": 2.0}, {"trade_seq": 11543, "trade_id": "192799119", "timestamp": 1638447870459, "tick_direction": 1, "price": 0.0025, "mark_price": 0.0019711, "iv": 97.6, "instrument_name": "BTC-31DEC21-100000-C", "index_price": 56208.42, "direction": "buy", "amount": 0.1}, {"trade_seq": 11542, "trade_id": "192792439", "timestamp": 1638444547732, "tick_direction": 0, "price": 0.0025, "mark_price": 0.00204128, "iv": 96.83, "instrument_name": "BTC-31DEC21-100000-C", "index_price": 56498.27, "direction": "buy", "amount": 0.1}, {"trade_seq": 11541, "trade_id": "192788201", "timestamp": 1638442734896, "tick_direction": 3, "price": 0.002, "mark_price": 0.00224904, "iv": 93.44, "instrument_name": "BTC-31DEC21-100000-C", "index_price": 56572.63, "direction": "sell", "amount": 1.0}, {"trade_seq": 11540, "trade_id": "192788200", "timestamp": 1638442734896, "tick_direction": 2, "price": 0.002, "mark_price": 0.00224904, "iv": 93.44, "instrument_name": "BTC-31DEC21-100000-C", "index_price": 56572.63, "direction": "sell", "amount": 9.0}, {"trade_seq": 11539, "trade_id": "192761011", "timestamp": 1638421451818, "tick_direction": 1, "price": 0.0025, "mark_price": 0.00227662, "iv": 95.87, "instrument_name": "BTC-31DEC21-100000-C", "index_price": 56714.0, "direction": "buy", "amount": 0.2}, {"trade_seq": 11538, "trade_id": "192760398", "timestamp": 1638420974975, "tick_direction": 1, "price": 0.0025, "mark_price": 0.00225794, "iv": 96.06, "instrument_name": "BTC-31DEC21-100000-C", "index_price": 56611.25, "direction": "buy", "amount": 1.0}, {"trade_seq": 11537, "trade_id": "192760165", "timestamp": 1638420807744, "tick_direction": 1, "price": 0.0025, "mark_price": 0.00222994, "iv": 96.25, "instrument_name": "BTC-31DEC21-100000-C", "index_price": 56543.87, "direction": "buy", "amount": 1.0}, {"trade_seq": 11536, "trade_id": "192754078", "timestamp": 1638416621369, "tick_direction": 0, "price": 0.0025, "mark_price": 0.00227258, "iv": 97.04, "instrument_name": "BTC-31DEC21-100000-C", "index_price": 56163.11, "direction": "buy", "amount": 0.5}, {"trade_seq": 11535, "trade_id": "192740727", "timestamp": 1638413137601, "tick_direction": 2, "price": 0.002, "mark_price": 0.00231902, "iv": 91.42, "instrument_name": "BTC-31DEC21-100000-C", "index_price": 57161.2, "direction": "sell", "amount": 11.0}, {"trade_seq": 11534, "trade_id": "192740141", "timestamp": 1638412167282, "tick_direction": 3, "price": 0.0025, "mark_price": 0.00250128, "iv": 94.96, "instrument_name": "BTC-31DEC21-100000-C", "index_price": 56969.04, "direction": "sell", "amount": 2.0}, {"trade_seq": 11533, "trade_id": "192740140", "timestamp": 1638412167282, "tick_direction": 3, "price": 0.0025, "mark_price": 0.00250128, "iv": 94.96, "instrument_name": "BTC-31DEC21-100000-C", "index_price": 56969.04, "direction": "sell", "amount": 2.0}, {"trade_seq": 11532, "trade_id": "192731880", "timestamp": 1638404806132, "tick_direction": 3, "price": 0.0025, "mark_price": 0.0027404, "iv": 94.45, "instrument_name": "BTC-31DEC21-100000-C", "index_price": 57098.7, "direction": "sell", "amount": 5.0}, {"trade_seq": 11531, "trade_id": "192711994", "timestamp": 1638392329549, "tick_direction": 3, "price": 0.0025, "mark_price": 0.00267278, "iv": 94.94, "instrument_name": "BTC-31DEC21-100000-C", "index_price": 56726.3, "direction": "sell", "amount": 0.7}, {"trade_seq": 11530, "trade_id": "192711993", "timestamp": 1638392329549, "tick_direction": 3, "price": 0.0025, "mark_price": 0.00267278, "iv": 94.94, "instrument_name": "BTC-31DEC21-100000-C", "index_price": 56726.3, "direction": "sell", "amount": 10.0}, {"trade_seq": 11529, "trade_id": "192711992", "timestamp": 1638392329549, "tick_direction": 3, "price": 0.0025, "mark_price": 0.00267278, "iv": 94.94, "instrument_name": "BTC-31DEC21-100000-C", "index_price": 56726.3, "direction": "sell", "amount": 0.2}, {"trade_seq": 11528, "trade_id": "192711991", "timestamp": 1638392329549, "tick_direction": 2, "price": 0.0025, "mark_price": 0.00267278, "iv": 94.94, "instrument_name": "BTC-31DEC21-100000-C", "index_price": 56726.3, "direction": "sell", "amount": 4.0}, {"trade_seq": 11527, "trade_id": "192670586", "timestamp": 1638373415055, "tick_direction": 2, "price": 0.003, "mark_price": 0.00348991, "iv": 92.74, "instrument_name": "BTC-31DEC21-100000-C", "index_price": 58557.25, "direction": "sell", "amount": 0.6}, {"trade_seq": 11526, "trade_id": "192656791", "timestamp": 1638368995499, "tick_direction": 0, "price": 0.004, "mark_price": 0.00348093, "iv": 97.08, "instrument_name": "BTC-31DEC21-100000-C", "index_price": 58587.2, "direction": "buy", "amount": 0.1}, {"trade_seq": 11525, "trade_id": "192646504", "timestamp": 1638365681885, "tick_direction": 2, "price": 0.003, "mark_price": 0.00301862, "iv": 94.94, "instrument_name": "BTC-31DEC21-100000-C", "index_price": 57634.7, "direction": "buy", "amount": 1.3}, {"trade_seq": 11524, "trade_id": "192643535", "timestamp": 1638363119818, "tick_direction": 0, "price": 0.0035, "mark_price": 0.00296922, "iv": 98.4, "instrument_name": "BTC-31DEC21-100000-C", "index_price": 57185.66, "direction": "buy", "amount": 0.2}, {"trade_seq": 11523, "trade_id": "192641131", "timestamp": 1638361255761, "tick_direction": 2, "price": 0.0025, "mark_price": 0.00295484, "iv": 93.29, "instrument_name": "BTC-31DEC21-100000-C", "index_price": 57210.63, "direction": "sell", "amount": 1.0}, {"trade_seq": 11522, "trade_id": "192635084", "timestamp": 1638356127792, "tick_direction": 0, "price": 0.0035, "mark_price": 0.00294883, "iv": 98.77, "instrument_name": "BTC-31DEC21-100000-C", "index_price": 57010.44, "direction": "buy", "amount": 0.1}, {"trade_seq": 11521, "trade_id": "192585879", "timestamp": 1638317782818, "tick_direction": 3, "price": 0.003, "mark_price": 0.0030121, "iv": 94.83, "instrument_name": "BTC-31DEC21-100000-C", "index_price": 57330.48, "direction": "sell", "amount": 2.0}, {"trade_seq": 11520, "trade_id": "192574680", "timestamp": 1638311272353, "tick_direction": 3, "price": 0.003, "mark_price": 0.00277294, "iv": 94.5, "instrument_name": "BTC-31DEC21-100000-C", "index_price": 57413.56, "direction": "buy", "amount": 3.8}, {"trade_seq": 11519, "trade_id": "192574548", "timestamp": 1638311039093, "tick_direction": 3, "price": 0.003, "mark_price": 0.00281455, "iv": 94.56, "instrument_name": "BTC-31DEC21-100000-C", "index_price": 57416.75, "direction": "buy", "amount": 1.2}, {"trade_seq": 11518, "trade_id": "192574309", "timestamp": 1638310580055, "tick_direction": 3, "price": 0.003, "mark_price": 0.00298738, "iv": 94.65, "instrument_name": "BTC-31DEC21-100000-C", "index_price": 57355.43, "direction": "buy", "amount": 1.2}, {"trade_seq": 11517, "trade_id": "192574308", "timestamp": 1638310576739, "tick_direction": 3, "price": 0.003, "mark_price": 0.00299162, "iv": 94.64, "instrument_name": "BTC-31DEC21-100000-C", "index_price": 57358.29, "direction": "buy", "amount": 2.2}, {"trade_seq": 11516, "trade_id": "192574167", "timestamp": 1638310207987, "tick_direction": 3, "price": 0.003, "mark_price": 0.00292331, "iv": 94.91, "instrument_name": "BTC-31DEC21-100000-C", "index_price": 57246.04, "direction": "buy", "amount": 7.0}, {"trade_seq": 11515, "trade_id": "192574049", "timestamp": 1638309998260, "tick_direction": 3, "price": 0.003, "mark_price": 0.00307626, "iv": 94.96, "instrument_name": "BTC-31DEC21-100000-C", "index_price": 57221.06, "direction": "buy", "amount": 1.0}, {"trade_seq": 11514, "trade_id": "192569736", "timestamp": 1638307305679, "tick_direction": 3, "price": 0.003, "mark_price": 0.00322101, "iv": 94.0, "instrument_name": "BTC-31DEC21-100000-C", "index_price": 57575.21, "direction": "sell", "amount": 0.2}, {"trade_seq": 11513, "trade_id": "192569735", "timestamp": 1638307305679, "tick_direction": 3, "price": 0.003, "mark_price": 0.00322101, "iv": 94.0, "instrument_name": "BTC-31DEC21-100000-C", "index_price": 57575.21, "direction": "sell", "amount": 2.8}, {"trade_seq": 11512, "trade_id": "192554661", "timestamp": 1638299534574, "tick_direction": 3, "price": 0.003, "mark_price": 0.00342639, "iv": 92.85, "instrument_name": "BTC-31DEC21-100000-C", "index_price": 58003.45, "direction": "sell", "amount": 0.5}, {"trade_seq": 11511, "trade_id": "192554660", "timestamp": 1638299534574, "tick_direction": 3, "price": 0.003, "mark_price": 0.00342639, "iv": 92.85, "instrument_name": "BTC-31DEC21-100000-C", "index_price": 58003.45, "direction": "sell", "amount": 0.5}, {"trade_seq": 11510, "trade_id": "192553265", "timestamp": 1638299100667, "tick_direction": 2, "price": 0.003, "mark_price": 0.00345463, "iv": 92.45, "instrument_name": "BTC-31DEC21-100000-C", "index_price": 58153.22, "direction": "sell", "amount": 2.0}, {"trade_seq": 11509, "trade_id": "192515220", "timestamp": 1638288701083, "tick_direction": 3, "price": 0.0035, "mark_price": 0.00364142, "iv": 97.29, "instrument_name": "BTC-31DEC21-100000-C", "index_price": 57138.69, "direction": "sell", "amount": 6.9}, {"trade_seq": 11508, "trade_id": "192473680", "timestamp": 1638281762089, "tick_direction": 2, "price": 0.0035, "mark_price": 0.00368289, "iv": 94.29, "instrument_name": "BTC-31DEC21-100000-C", "index_price": 58259.8, "direction": "sell", "amount": 0.1}, {"trade_seq": 11507, "trade_id": "192469273", "timestamp": 1638280463278, "tick_direction": 1, "price": 0.004, "mark_price": 0.00348219, "iv": 96.48, "instrument_name": "BTC-31DEC21-100000-C", "index_price": 58193.23, "direction": "buy", "amount": 0.1}, {"trade_seq": 11506, "trade_id": "192469272", "timestamp": 1638280463278, "tick_direction": 1, "price": 0.004, "mark_price": 0.00348219, "iv": 96.48, "instrument_name": "BTC-31DEC21-100000-C", "index_price": 58193.23, "direction": "buy", "amount": 1.0}, {"trade_seq": 11505, "trade_id": "192469271", "timestamp": 1638280463278, "tick_direction": 0, "price": 0.004, "mark_price": 0.00348219, "iv": 96.48, "instrument_name": "BTC-31DEC21-100000-C", "index_price": 58193.23, "direction": "buy", "amount": 3.9}, {"trade_seq": 11504, "trade_id": "192459735", "timestamp": 1638275594179, "tick_direction": 3, "price": 0.003, "mark_price": 0.00350302, "iv": 92.25, "instrument_name": "BTC-31DEC21-100000-C", "index_price": 58100.74, "direction": "sell", "amount": 0.2}, {"trade_seq": 11503, "trade_id": "192444619", "timestamp": 1638270793746, "tick_direction": 3, "price": 0.003, "mark_price": 0.00275548, "iv": 94.62, "instrument_name": "BTC-31DEC21-100000-C", "index_price": 57154.96, "direction": "buy", "amount": 0.5}, {"trade_seq": 11502, "trade_id": "192428523", "timestamp": 1638262193928, "tick_direction": 3, "price": 0.003, "mark_price": 0.00282612, "iv": 94.42, "instrument_name": "BTC-31DEC21-100000-C", "index_price": 57156.84, "direction": "buy", "amount": 1.2}, {"trade_seq": 11501, "trade_id": "192428483", "timestamp": 1638262178020, "tick_direction": 3, "price": 0.003, "mark_price": 0.00284242, "iv": 94.37, "instrument_name": "BTC-31DEC21-100000-C", "index_price": 57171.82, "direction": "buy", "amount": 0.3}, {"trade_seq": 11500, "trade_id": "192428482", "timestamp": 1638262178020, "tick_direction": 3, "price": 0.003, "mark_price": 0.00284242, "iv": 94.37, "instrument_name": "BTC-31DEC21-100000-C", "index_price": 57171.82, "direction": "buy", "amount": 0.9}, {"trade_seq": 11499, "trade_id": "192428476", "timestamp": 1638262172870, "tick_direction": 3, "price": 0.003, "mark_price": 0.00284258, "iv": 94.38, "instrument_name": "BTC-31DEC21-100000-C", "index_price": 57163.11, "direction": "buy", "amount": 1.2}, {"trade_seq": 11498, "trade_id": "192428470", "timestamp": 1638262166268, "tick_direction": 3, "price": 0.003, "mark_price": 0.00285184, "iv": 94.34, "instrument_name": "BTC-31DEC21-100000-C", "index_price": 57177.16, "direction": "buy", "amount": 1.2}, {"trade_seq": 11497, "trade_id": "192423598", "timestamp": 1638261422647, "tick_direction": 3, "price": 0.003, "mark_price": 0.00326944, "iv": 95.67, "instrument_name": "BTC-31DEC21-100000-C", "index_price": 56651.66, "direction": "sell", "amount": 3.0}, {"trade_seq": 11496, "trade_id": "192423597", "timestamp": 1638261422647, "tick_direction": 3, "price": 0.003, "mark_price": 0.00326944, "iv": 95.67, "instrument_name": "BTC-31DEC21-100000-C", "index_price": 56651.66, "direction": "sell", "amount": 0.1}, {"trade_seq": 11495, "trade_id": "192423596", "timestamp": 1638261422647, "tick_direction": 2, "price": 0.003, "mark_price": 0.00326944, "iv": 95.67, "instrument_name": "BTC-31DEC21-100000-C", "index_price": 56651.66, "direction": "sell", "amount": 0.5}, {"trade_seq": 11494, "trade_id": "192408144", "timestamp": 1638254678219, "tick_direction": 3, "price": 0.0035, "mark_price": 0.00324408, "iv": 98.5, "instrument_name": "BTC-31DEC21-100000-C", "index_price": 56418.07, "direction": "buy", "amount": 1.0}, {"trade_seq": 11493, "trade_id": "192389728", "timestamp": 1638249564514, "tick_direction": 3, "price": 0.0035, "mark_price": 0.00317173, "iv": 96.85, "instrument_name": "BTC-31DEC21-100000-C", "index_price": 57036.91, "direction": "buy", "amount": 0.2}, {"trade_seq": 11492, "trade_id": "192389727", "timestamp": 1638249564514, "tick_direction": 3, "price": 0.0035, "mark_price": 0.00317173, "iv": 96.85, "instrument_name": "BTC-31DEC21-100000-C", "index_price": 57036.91, "direction": "buy", "amount": 2.8}, {"trade_seq": 11491, "trade_id": "192386158", "timestamp": 1638245386832, "tick_direction": 3, "price": 0.0035, "mark_price": 0.00326497, "iv": 96.31, "instrument_name": "BTC-31DEC21-100000-C", "index_price": 57235.58, "direction": "buy", "amount": 0.1}, {"trade_seq": 11490, "trade_id": "192358043", "timestamp": 1638230085109, "tick_direction": 3, "price": 0.0035, "mark_price": 0.00335519, "iv": 94.28, "instrument_name": "BTC-31DEC21-100000-C", "index_price": 57923.32, "direction": "buy", "amount": 1.0}, {"trade_seq": 11489, "trade_id": "192350533", "timestamp": 1638223909770, "tick_direction": 2, "price": 0.0035, "mark_price": 0.00375079, "iv": 92.97, "instrument_name": "BTC-31DEC21-100000-C", "index_price": 58395.1, "direction": "sell", "amount": 0.1}, {"trade_seq": 11488, "trade_id": "192348662", "timestamp": 1638222396329, "tick_direction": 0, "price": 0.004, "mark_price": 0.00372995, "iv": 95.46, "instrument_name": "BTC-31DEC21-100000-C", "index_price": 58228.22, "direction": "buy", "amount": 1.5}, {"trade_seq": 11487, "trade_id": "192346772", "timestamp": 1638220386496, "tick_direction": 3, "price": 0.0035, "mark_price": 0.00376369, "iv": 93.37, "instrument_name": "BTC-31DEC21-100000-C", "index_price": 58233.54, "direction": "sell", "amount": 0.2}, {"trade_seq": 11486, "trade_id": "192325870", "timestamp": 1638211522670, "tick_direction": 2, "price": 0.0035, "mark_price": 0.00373291, "iv": 92.05, "instrument_name": "BTC-31DEC21-100000-C", "index_price": 58691.34, "direction": "sell", "amount": 0.1}, {"trade_seq": 11485, "trade_id": "192323823", "timestamp": 1638210534275, "tick_direction": 1, "price": 0.004, "mark_price": 0.00370547, "iv": 94.08, "instrument_name": "BTC-31DEC21-100000-C", "index_price": 58726.77, "direction": "buy", "amount": 4.6}, {"trade_seq": 11484, "trade_id": "192323822", "timestamp": 1638210534275, "tick_direction": 0, "price": 0.004, "mark_price": 0.00370547, "iv": 94.08, "instrument_name": "BTC-31DEC21-100000-C", "index_price": 58726.77, "direction": "buy", "amount": 0.7}, {"trade_seq": 11483, "trade_id": "192297211", "timestamp": 1638201302578, "tick_direction": 3, "price": 0.003, "mark_price": 0.00358862, "iv": 93.68, "instrument_name": "BTC-31DEC21-100000-C", "index_price": 57015.98, "direction": "sell", "amount": 0.1}, {"trade_seq": 11482, "trade_id": "192297186", "timestamp": 1638201258838, "tick_direction": 3, "price": 0.003, "mark_price": 0.00361138, "iv": 93.67, "instrument_name": "BTC-31DEC21-100000-C", "index_price": 57014.69, "direction": "sell", "amount": 0.1}, {"trade_seq": 11481, "trade_id": "192297170", "timestamp": 1638201230237, "tick_direction": 3, "price": 0.003, "mark_price": 0.00363827, "iv": 93.63, "instrument_name": "BTC-31DEC21-100000-C", "index_price": 57019.8, "direction": "sell", "amount": 0.1}, {"trade_seq": 11480, "trade_id": "192297146", "timestamp": 1638201201335, "tick_direction": 3, "price": 0.003, "mark_price": 0.00366089, "iv": 93.62, "instrument_name": "BTC-31DEC21-100000-C", "index_price": 57022.38, "direction": "sell", "amount": 0.1}, {"trade_seq": 11479, "trade_id": "192297136", "timestamp": 1638201171148, "tick_direction": 3, "price": 0.003, "mark_price": 0.00368745, "iv": 93.61, "instrument_name": "BTC-31DEC21-100000-C", "index_price": 57022.94, "direction": "sell", "amount": 0.1}, {"trade_seq": 11478, "trade_id": "192297113", "timestamp": 1638201141874, "tick_direction": 2, "price": 0.003, "mark_price": 0.00371289, "iv": 93.62, "instrument_name": "BTC-31DEC21-100000-C", "index_price": 57030.1, "direction": "sell", "amount": 0.1}, {"trade_seq": 11477, "trade_id": "192297066", "timestamp": 1638201097195, "tick_direction": 3, "price": 0.0035, "mark_price": 0.00375265, "iv": 95.97, "instrument_name": "BTC-31DEC21-100000-C", "index_price": 57015.86, "direction": "sell", "amount": 0.1}, {"trade_seq": 11476, "trade_id": "192266802", "timestamp": 1638178709941, "tick_direction": 3, "price": 0.0035, "mark_price": 0.00371298, "iv": 94.7, "instrument_name": "BTC-31DEC21-100000-C", "index_price": 57295.6, "direction": "sell", "amount": 9.5}, {"trade_seq": 11475, "trade_id": "192266801", "timestamp": 1638178709941, "tick_direction": 2, "price": 0.0035, "mark_price": 0.00371298, "iv": 94.7, "instrument_name": "BTC-31DEC21-100000-C", "index_price": 57295.6, "direction": "sell", "amount": 0.5}, {"trade_seq": 11474, "trade_id": "192245827", "timestamp": 1638155286560, "tick_direction": 1, "price": 0.004, "mark_price": 0.00400678, "iv": 96.13, "instrument_name": "BTC-31DEC21-100000-C", "index_price": 57390.35, "direction": "sell", "amount": 3.0}, {"trade_seq": 11473, "trade_id": "192245826", "timestamp": 1638155286560, "tick_direction": 0, "price": 0.004, "mark_price": 0.00400678, "iv": 96.13, "instrument_name": "BTC-31DEC21-100000-C", "index_price": 57390.35, "direction": "sell", "amount": 3.0}, {"trade_seq": 11472, "trade_id": "192243057", "timestamp": 1638153359638, "tick_direction": 2, "price": 0.0035, "mark_price": 0.00398216, "iv": 93.51, "instrument_name": "BTC-31DEC21-100000-C", "index_price": 57594.17, "direction": "sell", "amount": 0.1}, {"trade_seq": 11471, "trade_id": "192198577", "timestamp": 1638137478135, "tick_direction": 1, "price": 0.004, "mark_price": 0.00409458, "iv": 98.12, "instrument_name": "BTC-31DEC21-100000-C", "index_price": 56426.02, "direction": "sell", "amount": 0.2}, {"trade_seq": 11470, "trade_id": "192194657", "timestamp": 1638136921526, "tick_direction": 1, "price": 0.004, "mark_price": 0.00417553, "iv": 98.16, "instrument_name": "BTC-31DEC21-100000-C", "index_price": 56428.48, "direction": "sell", "amount": 0.2}, {"trade_seq": 11469, "trade_id": "192194621", "timestamp": 1638136918758, "tick_direction": 1, "price": 0.004, "mark_price": 0.00420202, "iv": 98.06, "instrument_name": "BTC-31DEC21-100000-C", "index_price": 56469.13, "direction": "sell", "amount": 0.1}, {"trade_seq": 11468, "trade_id": "192194620", "timestamp": 1638136918758, "tick_direction": 1, "price": 0.004, "mark_price": 0.00420202, "iv": 98.06, "instrument_name": "BTC-31DEC21-100000-C", "index_price": 56469.13, "direction": "sell", "amount": 0.9}, {"trade_seq": 11467, "trade_id": "192194619", "timestamp": 1638136918758, "tick_direction": 1, "price": 0.004, "mark_price": 0.00420202, "iv": 98.06, "instrument_name": "BTC-31DEC21-100000-C", "index_price": 56469.13, "direction": "sell", "amount": 0.1}, {"trade_seq": 11466, "trade_id": "192194618", "timestamp": 1638136918758, "tick_direction": 1, "price": 0.004, "mark_price": 0.00420202, "iv": 98.06, "instrument_name": "BTC-31DEC21-100000-C", "index_price": 56469.13, "direction": "sell", "amount": 0.1}, {"trade_seq": 11465, "trade_id": "192194617", "timestamp": 1638136918758, "tick_direction": 1, "price": 0.004, "mark_price": 0.00420202, "iv": 98.06, "instrument_name": "BTC-31DEC21-100000-C", "index_price": 56469.13, "direction": "sell", "amount": 0.1}, {"trade_seq": 11464, "trade_id": "192186838", "timestamp": 1638135404524, "tick_direction": 0, "price": 0.004, "mark_price": 0.00386346, "iv": 99.96, "instrument_name": "BTC-31DEC21-100000-C", "index_price": 55716.13, "direction": "buy", "amount": 0.1}, {"trade_seq": 11463, "trade_id": "192170155", "timestamp": 1638128199505, "tick_direction": 1, "price": 0.0035, "mark_price": 0.00332185, "iv": 100.1, "instrument_name": "BTC-31DEC21-100000-C", "index_price": 54806.1, "direction": "buy", "amount": 0.4}, {"trade_seq": 11462, "trade_id": "192170154", "timestamp": 1638128199505, "tick_direction": 1, "price": 0.0035, "mark_price": 0.00332185, "iv": 100.1, "instrument_name": "BTC-31DEC21-100000-C", "index_price": 54806.1, "direction": "buy", "amount": 15.3}, {"trade_seq": 11461, "trade_id": "192169840", "timestamp": 1638128107042, "tick_direction": 1, "price": 0.0035, "mark_price": 0.00328318, "iv": 100.42, "instrument_name": "BTC-31DEC21-100000-C", "index_price": 54683.81, "direction": "buy", "amount": 1.0}, {"trade_seq": 11460, "trade_id": "192169636", "timestamp": 1638128027950, "tick_direction": 0, "price": 0.0035, "mark_price": 0.00329987, "iv": 100.41, "instrument_name": "BTC-31DEC21-100000-C", "index_price": 54681.53, "direction": "buy", "amount": 1.0}, {"trade_seq": 11459, "trade_id": "192151321", "timestamp": 1638120802309, "tick_direction": 2, "price": 0.003, "mark_price": 0.00321638, "iv": 99.44, "instrument_name": "BTC-31DEC21-100000-C", "index_price": 54099.11, "direction": "sell", "amount": 0.8}, {"trade_seq": 11458, "trade_id": "192134874", "timestamp": 1638100571420, "tick_direction": 0, "price": 0.0035, "mark_price": 0.00326, "iv": 100.2, "instrument_name": "BTC-31DEC21-100000-C", "index_price": 54583.64, "direction": "buy", "amount": 0.3}, {"trade_seq": 11457, "trade_id": "192133313", "timestamp": 1638097818186, "tick_direction": 2, "price": 0.003, "mark_price": 0.00321988, "iv": 97.41, "instrument_name": "BTC-31DEC21-100000-C", "index_price": 54741.18, "direction": "sell", "amount": 0.4}, {"trade_seq": 11456, "trade_id": "192093700", "timestamp": 1638051521040, "tick_direction": 3, "price": 0.0035, "mark_price": 0.00370249, "iv": 99.41, "instrument_name": "BTC-31DEC21-100000-C", "index_price": 54619.69, "direction": "sell", "amount": 5.0}, {"trade_seq": 11455, "trade_id": "192086597", "timestamp": 1638046900877, "tick_direction": 2, "price": 0.0035, "mark_price": 0.00374161, "iv": 100.23, "instrument_name": "BTC-31DEC21-100000-C", "index_price": 54282.67, "direction": "sell", "amount": 2.0}, {"trade_seq": 11454, "trade_id": "192065839", "timestamp": 1638023444631, "tick_direction": 1, "price": 0.0045, "mark_price": 0.00395818, "iv": 102.0, "instrument_name": "BTC-31DEC21-100000-C", "index_price": 55049.09, "direction": "buy", "amount": 2.0}, {"trade_seq": 11453, "trade_id": "192065838", "timestamp": 1638023441970, "tick_direction": 1, "price": 0.0045, "mark_price": 0.00395898, "iv": 102.0, "instrument_name": "BTC-31DEC21-100000-C", "index_price": 55047.49, "direction": "buy", "amount": 5.0}, {"trade_seq": 11452, "trade_id": "192065835", "timestamp": 1638023431925, "tick_direction": 1, "price": 0.0045, "mark_price": 0.00395191, "iv": 102.03, "instrument_name": "BTC-31DEC21-100000-C", "index_price": 55038.33, "direction": "buy", "amount": 5.0}, {"trade_seq": 11451, "trade_id": "192065834", "timestamp": 1638023427276, "tick_direction": 1, "price": 0.0045, "mark_price": 0.00395154, "iv": 102.02, "instrument_name": "BTC-31DEC21-100000-C", "index_price": 55040.68, "direction": "buy", "amount": 5.0}, {"trade_seq": 11450, "trade_id": "192065832", "timestamp": 1638023423980, "tick_direction": 0, "price": 0.0045, "mark_price": 0.00395161, "iv": 102.02, "instrument_name": "BTC-31DEC21-100000-C", "index_price": 55037.8, "direction": "buy", "amount": 5.0}, {"trade_seq": 11449, "trade_id": "192061843", "timestamp": 1638020261306, "tick_direction": 0, "price": 0.004, "mark_price": 0.00376875, "iv": 99.85, "instrument_name": "BTC-31DEC21-100000-C", "index_price": 55113.03, "direction": "buy", "amount": 0.1}, {"trade_seq": 11448, "trade_id": "192059828", "timestamp": 1638018588737, "tick_direction": 3, "price": 0.0035, "mark_price": 0.00369363, "iv": 98.24, "instrument_name": "BTC-31DEC21-100000-C", "index_price": 54881.17, "direction": "buy", "amount": 0.3}, {"trade_seq": 11447, "trade_id": "192059827", "timestamp": 1638018588548, "tick_direction": 3, "price": 0.0035, "mark_price": 0.00369363, "iv": 98.24, "instrument_name": "BTC-31DEC21-100000-C", "index_price": 54881.17, "direction": "buy", "amount": 4.7}, {"trade_seq": 11446, "trade_id": "192059798", "timestamp": 1638018548588, "tick_direction": 3, "price": 0.0035, "mark_price": 0.00379555, "iv": 98.17, "instrument_name": "BTC-31DEC21-100000-C", "index_price": 54907.62, "direction": "buy", "amount": 6.8}, {"trade_seq": 11445, "trade_id": "192059797", "timestamp": 1638018548563, "tick_direction": 3, "price": 0.0035, "mark_price": 0.00379555, "iv": 98.17, "instrument_name": "BTC-31DEC21-100000-C", "index_price": 54907.62, "direction": "sell", "amount": 1.4}, {"trade_seq": 11444, "trade_id": "192059271", "timestamp": 1638017451679, "tick_direction": 3, "price": 0.0035, "mark_price": 0.00375236, "iv": 98.4, "instrument_name": "BTC-31DEC21-100000-C", "index_price": 54810.2, "direction": "sell", "amount": 5.1}, {"trade_seq": 11443, "trade_id": "192059270", "timestamp": 1638017451679, "tick_direction": 3, "price": 0.0035, "mark_price": 0.00375236, "iv": 98.4, "instrument_name": "BTC-31DEC21-100000-C", "index_price": 54810.2, "direction": "sell", "amount": 9.9}, {"trade_seq": 11442, "trade_id": "192057508", "timestamp": 1638015127317, "tick_direction": 3, "price": 0.0035, "mark_price": 0.0037183, "iv": 98.95, "instrument_name": "BTC-31DEC21-100000-C", "index_price": 54579.39, "direction": "sell", "amount": 15.0}, {"trade_seq": 11441, "trade_id": "192057312", "timestamp": 1638015026417, "tick_direction": 2, "price": 0.0035, "mark_price": 0.00372911, "iv": 98.86, "instrument_name": "BTC-31DEC21-100000-C", "index_price": 54611.5, "direction": "sell", "amount": 0.1}, {"trade_seq": 11440, "trade_id": "192056453", "timestamp": 1638013652289, "tick_direction": 1, "price": 0.004, "mark_price": 0.00373824, "iv": 100.82, "instrument_name": "BTC-31DEC21-100000-C", "index_price": 54685.07, "direction": "buy", "amount": 2.0}, {"trade_seq": 11439, "trade_id": "192044145", "timestamp": 1638002043573, "tick_direction": 1, "price": 0.004, "mark_price": 0.00351135, "iv": 99.26, "instrument_name": "BTC-31DEC21-100000-C", "index_price": 55213.03, "direction": "buy", "amount": 0.7}, {"trade_seq": 11438, "trade_id": "192044144", "timestamp": 1638002043573, "tick_direction": 1, "price": 0.004, "mark_price": 0.00351135, "iv": 99.26, "instrument_name": "BTC-31DEC21-100000-C", "index_price": 55213.03, "direction": "buy", "amount": 29.3}, {"trade_seq": 11437, "trade_id": "192043367", "timestamp": 1638001870321, "tick_direction": 1, "price": 0.004, "mark_price": 0.00352955, "iv": 99.35, "instrument_name": "BTC-31DEC21-100000-C", "index_price": 55186.8, "direction": "buy", "amount": 9.2}, {"trade_seq": 11436, "trade_id": "192043366", "timestamp": 1638001870321, "tick_direction": 1, "price": 0.004, "mark_price": 0.00352955, "iv": 99.35, "instrument_name": "BTC-31DEC21-100000-C", "index_price": 55186.8, "direction": "buy", "amount": 10.0}, {"trade_seq": 11435, "trade_id": "192043365", "timestamp": 1638001870321, "tick_direction": 1, "price": 0.004, "mark_price": 0.00352955, "iv": 99.35, "instrument_name": "BTC-31DEC21-100000-C", "index_price": 55186.8, "direction": "buy", "amount": 3.5}, {"trade_seq": 11434, "trade_id": "192029713", "timestamp": 1637992471728, "tick_direction": 1, "price": 0.004, "mark_price": 0.00373169, "iv": 100.98, "instrument_name": "BTC-31DEC21-100000-C", "index_price": 54444.62, "direction": "buy", "amount": 20.0}, {"trade_seq": 11433, "trade_id": "192028953", "timestamp": 1637990441163, "tick_direction": 1, "price": 0.004, "mark_price": 0.0037661, "iv": 100.76, "instrument_name": "BTC-31DEC21-100000-C", "index_price": 54511.67, "direction": "buy", "amount": 1.2}, {"trade_seq": 11432, "trade_id": "192028452", "timestamp": 1637989445372, "tick_direction": 1, "price": 0.004, "mark_price": 0.00375958, "iv": 100.59, "instrument_name": "BTC-31DEC21-100000-C", "index_price": 54560.26, "direction": "buy", "amount": 1.2}, {"trade_seq": 11431, "trade_id": "192028438", "timestamp": 1637989396069, "tick_direction": 0, "price": 0.004, "mark_price": 0.00374804, "iv": 100.64, "instrument_name": "BTC-31DEC21-100000-C", "index_price": 54546.14, "direction": "buy", "amount": 1.2}, {"trade_seq": 11430, "trade_id": "192007355", "timestamp": 1637970548688, "tick_direction": 0, "price": 0.0035, "mark_price": 0.00326684, "iv": 99.92, "instrument_name": "BTC-31DEC21-100000-C", "index_price": 53837.34, "direction": "sell", "amount": 2.6}, {"trade_seq": 11429, "trade_id": "191997503", "timestamp": 1637965450036, "tick_direction": 2, "price": 0.003, "mark_price": 0.0034801, "iv": 96.38, "instrument_name": "BTC-31DEC21-100000-C", "index_price": 54285.09, "direction": "sell", "amount": 2.0}, {"trade_seq": 11428, "trade_id": "191990878", "timestamp": 1637962793387, "tick_direction": 3, "price": 0.0035, "mark_price": 0.00374701, "iv": 98.42, "instrument_name": "BTC-31DEC21-100000-C", "index_price": 54384.24, "direction": "sell", "amount": 1.0}, {"trade_seq": 11427, "trade_id": "191990877", "timestamp": 1637962793387, "tick_direction": 2, "price": 0.0035, "mark_price": 0.00374701, "iv": 98.42, "instrument_name": "BTC-31DEC21-100000-C", "index_price": 54384.24, "direction": "sell", "amount": 2.1}, {"trade_seq": 11426, "trade_id": "191979782", "timestamp": 1637953071653, "tick_direction": 1, "price": 0.004, "mark_price": 0.00371708, "iv": 100.84, "instrument_name": "BTC-31DEC21-100000-C", "index_price": 54183.3, "direction": "buy", "amount": 6.1}, {"trade_seq": 11425, "trade_id": "191979781", "timestamp": 1637953071653, "tick_direction": 0, "price": 0.004, "mark_price": 0.00371708, "iv": 100.84, "instrument_name": "BTC-31DEC21-100000-C", "index_price": 54183.3, "direction": "buy", "amount": 2.3}, {"trade_seq": 11424, "trade_id": "191975055", "timestamp": 1637950472235, "tick_direction": 3, "price": 0.0035, "mark_price": 0.00372464, "iv": 98.67, "instrument_name": "BTC-31DEC21-100000-C", "index_price": 54202.31, "direction": "sell", "amount": 0.9}, {"trade_seq": 11423, "trade_id": "191975054", "timestamp": 1637950472235, "tick_direction": 2, "price": 0.0035, "mark_price": 0.00372464, "iv": 98.67, "instrument_name": "BTC-31DEC21-100000-C", "index_price": 54202.31, "direction": "sell", "amount": 0.1}, {"trade_seq": 11422, "trade_id": "191970421", "timestamp": 1637947944327, "tick_direction": 3, "price": 0.004, "mark_price": 0.00378093, "iv": 100.28, "instrument_name": "BTC-31DEC21-100000-C", "index_price": 54404.16, "direction": "buy", "amount": 0.3}, {"trade_seq": 11421, "trade_id": "191955410", "timestamp": 1637942522084, "tick_direction": 3, "price": 0.004, "mark_price": 0.00368646, "iv": 100.49, "instrument_name": "BTC-31DEC21-100000-C", "index_price": 54307.5, "direction": "buy", "amount": 0.1}, {"trade_seq": 11420, "trade_id": "191951206", "timestamp": 1637940925972, "tick_direction": 3, "price": 0.004, "mark_price": 0.00383094, "iv": 99.97, "instrument_name": "BTC-31DEC21-100000-C", "index_price": 54486.79, "direction": "buy", "amount": 1.0}, {"trade_seq": 11419, "trade_id": "191951121", "timestamp": 1637940899211, "tick_direction": 3, "price": 0.004, "mark_price": 0.00382341, "iv": 100.04, "instrument_name": "BTC-31DEC21-100000-C", "index_price": 54452.26, "direction": "buy", "amount": 1.0}, {"trade_seq": 11418, "trade_id": "191949347", "timestamp": 1637940404636, "tick_direction": 2, "price": 0.004, "mark_price": 0.00426895, "iv": 99.97, "instrument_name": "BTC-31DEC21-100000-C", "index_price": 54482.58, "direction": "sell", "amount": 0.1}, {"trade_seq": 11417, "trade_id": "191937971", "timestamp": 1637937307798, "tick_direction": 3, "price": 0.0045, "mark_price": 0.00431824, "iv": 101.01, "instrument_name": "BTC-31DEC21-100000-C", "index_price": 54821.36, "direction": "buy", "amount": 2.0}, {"trade_seq": 11416, "trade_id": "191922506", "timestamp": 1637934181466, "tick_direction": 3, "price": 0.0045, "mark_price": 0.00445561, "iv": 102.29, "instrument_name": "BTC-31DEC21-100000-C", "index_price": 54333.24, "direction": "buy", "amount": 6.6}, {"trade_seq": 11415, "trade_id": "191922505", "timestamp": 1637934180222, "tick_direction": 3, "price": 0.0045, "mark_price": 0.00445444, "iv": 102.29, "instrument_name": "BTC-31DEC21-100000-C", "index_price": 54331.07, "direction": "buy", "amount": 30.0}, {"trade_seq": 11414, "trade_id": "191919122", "timestamp": 1637932827250, "tick_direction": 3, "price": 0.0045, "mark_price": 0.0045193, "iv": 102.55, "instrument_name": "BTC-31DEC21-100000-C", "index_price": 54177.5, "direction": "buy", "amount": 1.4}, {"trade_seq": 11413, "trade_id": "191919074", "timestamp": 1637932799775, "tick_direction": 3, "price": 0.0045, "mark_price": 0.00454619, "iv": 102.58, "instrument_name": "BTC-31DEC21-100000-C", "index_price": 54166.6, "direction": "buy", "amount": 1.2}, {"trade_seq": 11412, "trade_id": "191919073", "timestamp": 1637932799488, "tick_direction": 3, "price": 0.0045, "mark_price": 0.00454619, "iv": 102.58, "instrument_name": "BTC-31DEC21-100000-C", "index_price": 54166.6, "direction": "buy", "amount": 2.2}, {"trade_seq": 11411, "trade_id": "191919072", "timestamp": 1637932799369, "tick_direction": 3, "price": 0.0045, "mark_price": 0.00454619, "iv": 102.58, "instrument_name": "BTC-31DEC21-100000-C", "index_price": 54166.6, "direction": "buy", "amount": 3.7}, {"trade_seq": 11410, "trade_id": "191919070", "timestamp": 1637932798930, "tick_direction": 2, "price": 0.0045, "mark_price": 0.00454619, "iv": 102.55, "instrument_name": "BTC-31DEC21-100000-C", "index_price": 54176.6, "direction": "buy", "amount": 6.0}, {"trade_seq": 11409, "trade_id": "191910590", "timestamp": 1637930264910, "tick_direction": 1, "price": 0.005, "mark_price": 0.00400801, "iv": 104.04, "instrument_name": "BTC-31DEC21-100000-C", "index_price": 54321.57, "direction": "buy", "amount": 1.2}, {"trade_seq": 11408, "trade_id": "191910552", "timestamp": 1637930256058, "tick_direction": 0, "price": 0.005, "mark_price": 0.00398945, "iv": 104.05, "instrument_name": "BTC-31DEC21-100000-C", "index_price": 54312.46, "direction": "buy", "amount": 1.2}, {"trade_seq": 11407, "trade_id": "191910328", "timestamp": 1637930173230, "tick_direction": 1, "price": 0.0045, "mark_price": 0.00379914, "iv": 102.26, "instrument_name": "BTC-31DEC21-100000-C", "index_price": 54302.05, "direction": "buy", "amount": 4.7}, {"trade_seq": 11406, "trade_id": "191910234", "timestamp": 1637930161791, "tick_direction": 1, "price": 0.0045, "mark_price": 0.00376442, "iv": 102.32, "instrument_name": "BTC-31DEC21-100000-C", "index_price": 54276.21, "direction": "sell", "amount": 2.0}, {"trade_seq": 11405, "trade_id": "191910233", "timestamp": 1637930161784, "tick_direction": 1, "price": 0.0045, "mark_price": 0.00376442, "iv": 102.32, "instrument_name": "BTC-31DEC21-100000-C", "index_price": 54276.21, "direction": "buy", "amount": 4.3}, {"trade_seq": 11404, "trade_id": "191910232", "timestamp": 1637930161784, "tick_direction": 1, "price": 0.0045, "mark_price": 0.00376442, "iv": 102.32, "instrument_name": "BTC-31DEC21-100000-C", "index_price": 54276.21, "direction": "buy", "amount": 15.0}, {"trade_seq": 11403, "trade_id": "191910231", "timestamp": 1637930161784, "tick_direction": 1, "price": 0.0045, "mark_price": 0.00376442, "iv": 102.32, "instrument_name": "BTC-31DEC21-100000-C", "index_price": 54276.21, "direction": "buy", "amount": 30.0}, {"trade_seq": 11402, "trade_id": "191910139", "timestamp": 1637930155263, "tick_direction": 1, "price": 0.0045, "mark_price": 0.003781, "iv": 102.22, "instrument_name": "BTC-31DEC21-100000-C", "index_price": 54316.4, "direction": "buy", "amount": 7.4}, {"trade_seq": 11401, "trade_id": "191910138", "timestamp": 1637930155263, "tick_direction": 1, "price": 0.0045, "mark_price": 0.003781, "iv": 102.22, "instrument_name": "BTC-31DEC21-100000-C", "index_price": 54316.4, "direction": "buy", "amount": 6.7}, {"trade_seq": 11400, "trade_id": "191910137", "timestamp": 1637930155263, "tick_direction": 1, "price": 0.0045, "mark_price": 0.003781, "iv": 102.22, "instrument_name": "BTC-31DEC21-100000-C", "index_price": 54316.4, "direction": "buy", "amount": 8.7}, {"trade_seq": 11399, "trade_id": "191910136", "timestamp": 1637930155263, "tick_direction": 1, "price": 0.0045, "mark_price": 0.003781, "iv": 102.22, "instrument_name": "BTC-31DEC21-100000-C", "index_price": 54316.4, "direction": "buy", "amount": 10.0}, {"trade_seq": 11398, "trade_id": "191910135", "timestamp": 1637930155263, "tick_direction": 1, "price": 0.0045, "mark_price": 0.003781, "iv": 102.22, "instrument_name": "BTC-31DEC21-100000-C", "index_price": 54316.4, "direction": "buy", "amount": 34.0}, {"trade_seq": 11397, "trade_id": "191910134", "timestamp": 1637930155263, "tick_direction": 0, "price": 0.0045, "mark_price": 0.003781, "iv": 102.22, "instrument_name": "BTC-31DEC21-100000-C", "index_price": 54316.4, "direction": "buy", "amount": 5.2}, {"trade_seq": 11396, "trade_id": "191901980", "timestamp": 1637929063383, "tick_direction": 3, "price": 0.004, "mark_price": 0.00431335, "iv": 101.14, "instrument_name": "BTC-31DEC21-100000-C", "index_price": 53953.97, "direction": "sell", "amount": 1.0}, {"trade_seq": 11395, "trade_id": "191901979", "timestamp": 1637929063383, "tick_direction": 3, "price": 0.004, "mark_price": 0.00431335, "iv": 101.14, "instrument_name": "BTC-31DEC21-100000-C", "index_price": 53953.97, "direction": "sell", "amount": 11.1}, {"trade_seq": 11394, "trade_id": "191901880", "timestamp": 1637929052990, "tick_direction": 3, "price": 0.004, "mark_price": 0.00436293, "iv": 100.98, "instrument_name": "BTC-31DEC21-100000-C", "index_price": 54013.2, "direction": "sell", "amount": 1.2}, {"trade_seq": 11393, "trade_id": "191901529", "timestamp": 1637929039484, "tick_direction": 3, "price": 0.004, "mark_price": 0.00437712, "iv": 101.02, "instrument_name": "BTC-31DEC21-100000-C", "index_price": 54002.55, "direction": "sell", "amount": 1.0}, {"trade_seq": 11392, "trade_id": "191901371", "timestamp": 1637929033078, "tick_direction": 3, "price": 0.004, "mark_price": 0.00442839, "iv": 100.75, "instrument_name": "BTC-31DEC21-100000-C", "index_price": 54109.99, "direction": "sell", "amount": 1.0}, {"trade_seq": 11391, "trade_id": "191901370", "timestamp": 1637929032858, "tick_direction": 3, "price": 0.004, "mark_price": 0.00443369, "iv": 100.75, "instrument_name": "BTC-31DEC21-100000-C", "index_price": 54109.99, "direction": "sell", "amount": 1.0}, {"trade_seq": 11390, "trade_id": "191900796", "timestamp": 1637928986711, "tick_direction": 3, "price": 0.004, "mark_price": 0.00447255, "iv": 100.73, "instrument_name": "BTC-31DEC21-100000-C", "index_price": 54119.16, "direction": "sell", "amount": 1.3}, {"trade_seq": 11389, "trade_id": "191900760", "timestamp": 1637928984547, "tick_direction": 3, "price": 0.004, "mark_price": 0.00447518, "iv": 100.73, "instrument_name": "BTC-31DEC21-100000-C", "index_price": 54118.55, "direction": "sell", "amount": 1.9}, {"trade_seq": 11388, "trade_id": "191900736", "timestamp": 1637928982327, "tick_direction": 3, "price": 0.004, "mark_price": 0.00446977, "iv": 100.75, "instrument_name": "BTC-31DEC21-100000-C", "index_price": 54106.34, "direction": "sell", "amount": 1.6}, {"trade_seq": 11387, "trade_id": "191899467", "timestamp": 1637928917763, "tick_direction": 3, "price": 0.004, "mark_price": 0.00433838, "iv": 101.42, "instrument_name": "BTC-31DEC21-100000-C", "index_price": 53818.27, "direction": "sell", "amount": 1.5}, {"trade_seq": 11386, "trade_id": "191899014", "timestamp": 1637928901677, "tick_direction": 3, "price": 0.004, "mark_price": 0.00429137, "iv": 101.63, "instrument_name": "BTC-31DEC21-100000-C", "index_price": 53730.88, "direction": "sell", "amount": 1.3}, {"trade_seq": 11385, "trade_id": "191898880", "timestamp": 1637928895688, "tick_direction": 3, "price": 0.004, "mark_price": 0.0042902, "iv": 101.63, "instrument_name": "BTC-31DEC21-100000-C", "index_price": 53730.6, "direction": "sell", "amount": 10.0}, {"trade_seq": 11384, "trade_id": "191898878", "timestamp": 1637928895629, "tick_direction": 3, "price": 0.004, "mark_price": 0.0042902, "iv": 101.63, "instrument_name": "BTC-31DEC21-100000-C", "index_price": 53730.6, "direction": "sell", "amount": 1.2}, {"trade_seq": 11383, "trade_id": "191898769", "timestamp": 1637928887888, "tick_direction": 3, "price": 0.004, "mark_price": 0.00428415, "iv": 101.66, "instrument_name": "BTC-31DEC21-100000-C", "index_price": 53709.85, "direction": "sell", "amount": 1.2}, {"trade_seq": 11382, "trade_id": "191898747", "timestamp": 1637928885585, "tick_direction": 3, "price": 0.004, "mark_price": 0.00428391, "iv": 101.66, "instrument_name": "BTC-31DEC21-100000-C", "index_price": 53709.58, "direction": "sell", "amount": 1.5}, {"trade_seq": 11381, "trade_id": "191898731", "timestamp": 1637928883564, "tick_direction": 3, "price": 0.004, "mark_price": 0.00427593, "iv": 101.68, "instrument_name": "BTC-31DEC21-100000-C", "index_price": 53699.32, "direction": "sell", "amount": 1.5}