{"trades": [{"trade_seq": 3495, "trade_id": "196865830", "timestamp": 1640723357032, "tick_direction": 1, "price": 0.0005, "mark_price": 0.0, "iv": 500.0, "instrument_name": "BTC-31DEC21-160000-C", "index_price": 47811.11, "direction": "buy", "amount": 0.1}, {"trade_seq": 3494, "trade_id": "196109409", "timestamp": 1640160319941, "tick_direction": 1, "price": 0.0005, "mark_price": 0.0, "iv": 264.63, "instrument_name": "BTC-31DEC21-160000-C", "index_price": 49194.79, "direction": "buy", "amount": 2.0}, {"trade_seq": 3493, "trade_id": "196024155", "timestamp": 1640078414376, "tick_direction": 1, "price": 0.0005, "mark_price": 0.0, "iv": 254.29, "instrument_name": "BTC-31DEC21-160000-C", "index_price": 48473.97, "direction": "buy", "amount": 0.1}, {"trade_seq": 3492, "trade_id": "194870570", "timestamp": 1639409287284, "tick_direction": 0, "price": 0.0005, "mark_price": 2.8e-07, "iv": 193.78, "instrument_name": "BTC-31DEC21-160000-C", "index_price": 47404.81, "direction": "buy", "amount": 0.4}, {"trade_seq": 3491, "trade_id": "193769492", "timestamp": 1638787757596, "tick_direction": 2, "price": 0.0001, "mark_price": 1.21e-06, "iv": 141.98, "instrument_name": "BTC-31DEC21-160000-C", "index_price": 47713.14, "direction": "buy", "block_trade_id": "26997", "amount": 16.0}, {"trade_seq": 3490, "trade_id": "193709530", "timestamp": 1638776087122, "tick_direction": 3, "price": 0.0005, "mark_price": 2.82e-06, "iv": 161.33, "instrument_name": "BTC-31DEC21-160000-C", "index_price": 48054.32, "direction": "buy", "amount": 1.0}, {"trade_seq": 3489, "trade_id": "193709529", "timestamp": 1638776087122, "tick_direction": 3, "price": 0.0005, "mark_price": 2.82e-06, "iv": 161.33, "instrument_name": "BTC-31DEC21-160000-C", "index_price": 48054.32, "direction": "buy", "amount": 3.0}, {"trade_seq": 3488, "trade_id": "193709528", "timestamp": 1638776087122, "tick_direction": 3, "price": 0.0005, "mark_price": 2.82e-06, "iv": 161.33, "instrument_name": "BTC-31DEC21-160000-C", "index_price": 48054.32, "direction": "buy", "amount": 1.0}, {"trade_seq": 3487, "trade_id": "193570153", "timestamp": 1638713482746, "tick_direction": 3, "price": 0.0005, "mark_price": 4.48e-06, "iv": 157.1, "instrument_name": "BTC-31DEC21-160000-C", "index_price": 48965.19, "direction": "buy", "amount": 2.0}, {"trade_seq": 3486, "trade_id": "193413853", "timestamp": 1638630698137, "tick_direction": 3, "price": 0.0005, "mark_price": 2.29e-06, "iv": 155.59, "instrument_name": "BTC-31DEC21-160000-C", "index_price": 48405.3, "direction": "buy", "amount": 4.5}, {"trade_seq": 3485, "trade_id": "193413852", "timestamp": 1638630698137, "tick_direction": 3, "price": 0.0005, "mark_price": 2.29e-06, "iv": 155.59, "instrument_name": "BTC-31DEC21-160000-C", "index_price": 48405.3, "direction": "buy", "amount": 1.9}, {"trade_seq": 3484, "trade_id": "193381764", "timestamp": 1638622446896, "tick_direction": 3, "price": 0.0005, "mark_price": 1.2e-05, "iv": 157.86, "instrument_name": "BTC-31DEC21-160000-C", "index_price": 47194.34, "direction": "buy", "amount": 0.2}, {"trade_seq": 3483, "trade_id": "192971403", "timestamp": 1638550060799, "tick_direction": 3, "price": 0.0005, "mark_price": 2.653e-05, "iv": 137.9, "instrument_name": "BTC-31DEC21-160000-C", "index_price": 55244.66, "direction": "buy", "amount": 1.9}, {"trade_seq": 3482, "trade_id": "192971402", "timestamp": 1638550060799, "tick_direction": 3, "price": 0.0005, "mark_price": 2.653e-05, "iv": 137.9, "instrument_name": "BTC-31DEC21-160000-C", "index_price": 55244.66, "direction": "buy", "amount": 7.1}, {"trade_seq": 3481, "trade_id": "192873553", "timestamp": 1638496789612, "tick_direction": 3, "price": 0.0005, "mark_price": 3.695e-05, "iv": 133.64, "instrument_name": "BTC-31DEC21-160000-C", "index_price": 56558.8, "direction": "buy", "amount": 1.9}, {"trade_seq": 3480, "trade_id": "192445471", "timestamp": 1638271156366, "tick_direction": 3, "price": 0.0005, "mark_price": 0.00010893, "iv": 126.41, "instrument_name": "BTC-31DEC21-160000-C", "index_price": 57294.92, "direction": "sell", "amount": 0.5}, {"trade_seq": 3479, "trade_id": "192444617", "timestamp": 1638270788707, "tick_direction": 3, "price": 0.0005, "mark_price": 6.251e-05, "iv": 126.63, "instrument_name": "BTC-31DEC21-160000-C", "index_price": 57161.82, "direction": "sell", "amount": 0.5}, {"trade_seq": 3478, "trade_id": "192429784", "timestamp": 1638262541005, "tick_direction": 3, "price": 0.0005, "mark_price": 8.344e-05, "iv": 126.52, "instrument_name": "BTC-31DEC21-160000-C", "index_price": 57102.21, "direction": "sell", "amount": 1.1}, {"trade_seq": 3477, "trade_id": "192429722", "timestamp": 1638262516503, "tick_direction": 3, "price": 0.0005, "mark_price": 8.072e-05, "iv": 126.52, "instrument_name": "BTC-31DEC21-160000-C", "index_price": 57106.63, "direction": "buy", "amount": 2.0}, {"trade_seq": 3476, "trade_id": "192428875", "timestamp": 1638262271696, "tick_direction": 2, "price": 0.0005, "mark_price": 0.0001018, "iv": 126.83, "instrument_name": "BTC-31DEC21-160000-C", "index_price": 56928.74, "direction": "buy", "amount": 3.0}, {"trade_seq": 3475, "trade_id": "192291179", "timestamp": 1638196098054, "tick_direction": 0, "price": 0.001, "mark_price": 0.00026937, "iv": 133.95, "instrument_name": "BTC-31DEC21-160000-C", "index_price": 57205.1, "direction": "buy", "amount": 1.4}, {"trade_seq": 3474, "trade_id": "192283795", "timestamp": 1638191551440, "tick_direction": 2, "price": 0.0005, "mark_price": 0.00027467, "iv": 124.66, "instrument_name": "BTC-31DEC21-160000-C", "index_price": 57187.76, "direction": "buy", "amount": 0.5}, {"trade_seq": 3473, "trade_id": "192282238", "timestamp": 1638190607152, "tick_direction": 0, "price": 0.0006, "mark_price": 0.00027114, "iv": 127.3, "instrument_name": "BTC-31DEC21-160000-C", "index_price": 56959.48, "direction": "buy", "block_trade_id": "26229", "amount": 100.0}, {"trade_seq": 3472, "trade_id": "192098403", "timestamp": 1638057890769, "tick_direction": 3, "price": 0.0005, "mark_price": 0.0007154, "iv": 126.6, "instrument_name": "BTC-31DEC21-160000-C", "index_price": 54623.17, "direction": "sell", "amount": 9.0}, {"trade_seq": 3471, "trade_id": "191928000", "timestamp": 1637935339858, "tick_direction": 3, "price": 0.0005, "mark_price": 0.0007148, "iv": 124.19, "instrument_name": "BTC-31DEC21-160000-C", "index_price": 54483.09, "direction": "sell", "amount": 5.2}, {"trade_seq": 3470, "trade_id": "191927999", "timestamp": 1637935339858, "tick_direction": 3, "price": 0.0005, "mark_price": 0.0007148, "iv": 124.19, "instrument_name": "BTC-31DEC21-160000-C", "index_price": 54483.09, "direction": "sell", "amount": 5.0}, {"trade_seq": 3469, "trade_id": "191927998", "timestamp": 1637935339858, "tick_direction": 3, "price": 0.0005, "mark_price": 0.0007148, "iv": 124.19, "instrument_name": "BTC-31DEC21-160000-C", "index_price": 54483.09, "direction": "sell", "amount": 5.0}, {"trade_seq": 3468, "trade_id": "191927997", "timestamp": 1637935339858, "tick_direction": 3, "price": 0.0005, "mark_price": 0.0007148, "iv": 124.19, "instrument_name": "BTC-31DEC21-160000-C", "index_price": 54483.09, "direction": "sell", "amount": 0.1}, {"trade_seq": 3467, "trade_id": "191927996", "timestamp": 1637935339858, "tick_direction": 3, "price": 0.0005, "mark_price": 0.0007148, "iv": 124.19, "instrument_name": "BTC-31DEC21-160000-C", "index_price": 54483.09, "direction": "sell", "amount": 0.1}, {"trade_seq": 3466, "trade_id": "191927995", "timestamp": 1637935339858, "tick_direction": 3, "price": 0.0005, "mark_price": 0.0007148, "iv": 124.19, "instrument_name": "BTC-31DEC21-160000-C", "index_price": 54483.09, "direction": "sell", "amount": 2.0}, {"trade_seq": 3465, "trade_id": "191927994", "timestamp": 1637935339858, "tick_direction": 3, "price": 0.0005, "mark_price": 0.0007148, "iv": 124.19, "instrument_name": "BTC-31DEC21-160000-C", "index_price": 54483.09, "direction": "sell", "amount": 1.0}, {"trade_seq": 3464, "trade_id": "191927993", "timestamp": 1637935339858, "tick_direction": 3, "price": 0.0005, "mark_price": 0.0007148, "iv": 124.19, "instrument_name": "BTC-31DEC21-160000-C", "index_price": 54483.09, "direction": "sell", "amount": 3.6}, {"trade_seq": 3463, "trade_id": "191927992", "timestamp": 1637935339858, "tick_direction": 2, "price": 0.0005, "mark_price": 0.0007148, "iv": 124.19, "instrument_name": "BTC-31DEC21-160000-C", "index_price": 54483.09, "direction": "sell", "amount": 1.6}, {"trade_seq": 3462, "trade_id": "191842696", "timestamp": 1637920423325, "tick_direction": 0, "price": 0.001, "mark_price": 0.00071263, "iv": 132.04, "instrument_name": "BTC-31DEC21-160000-C", "index_price": 54925.0, "direction": "buy", "amount": 0.2}, {"trade_seq": 3461, "trade_id": "191707031", "timestamp": 1637891015830, "tick_direction": 2, "price": 0.0005, "mark_price": 0.00071055, "iv": 115.48, "instrument_name": "BTC-31DEC21-160000-C", "index_price": 58720.3, "direction": "sell", "amount": 0.1}, {"trade_seq": 3460, "trade_id": "191648205", "timestamp": 1637854713341, "tick_direction": 1, "price": 0.001, "mark_price": 0.00072171, "iv": 123.44, "instrument_name": "BTC-31DEC21-160000-C", "index_price": 58730.89, "direction": "buy", "amount": 1.3}, {"trade_seq": 3459, "trade_id": "191648204", "timestamp": 1637854713341, "tick_direction": 1, "price": 0.001, "mark_price": 0.00072171, "iv": 123.44, "instrument_name": "BTC-31DEC21-160000-C", "index_price": 58730.89, "direction": "buy", "amount": 5.0}, {"trade_seq": 3458, "trade_id": "191648203", "timestamp": 1637854713341, "tick_direction": 0, "price": 0.001, "mark_price": 0.00072171, "iv": 123.44, "instrument_name": "BTC-31DEC21-160000-C", "index_price": 58730.89, "direction": "buy", "amount": 3.7}, {"trade_seq": 3457, "trade_id": "191631305", "timestamp": 1637846466326, "tick_direction": 2, "price": 0.0005, "mark_price": 0.00073309, "iv": 114.56, "instrument_name": "BTC-31DEC21-160000-C", "index_price": 58746.6, "direction": "sell", "amount": 0.3}, {"trade_seq": 3456, "trade_id": "191631231", "timestamp": 1637846427613, "tick_direction": 2, "price": 0.001, "mark_price": 0.00073098, "iv": 123.21, "instrument_name": "BTC-31DEC21-160000-C", "index_price": 58711.05, "direction": "buy", "amount": 0.3}, {"trade_seq": 3455, "trade_id": "191449531", "timestamp": 1637761883585, "tick_direction": 1, "price": 0.0015, "mark_price": 0.00089077, "iv": 131.88, "instrument_name": "BTC-31DEC21-160000-C", "index_price": 56309.36, "direction": "buy", "amount": 0.7}, {"trade_seq": 3454, "trade_id": "191224295", "timestamp": 1637662141342, "tick_direction": 0, "price": 0.0015, "mark_price": 0.00091383, "iv": 129.25, "instrument_name": "BTC-31DEC21-160000-C", "index_price": 56592.2, "direction": "buy", "amount": 1.0}, {"trade_seq": 3453, "trade_id": "191133244", "timestamp": 1637621432163, "tick_direction": 3, "price": 0.001, "mark_price": 0.00119908, "iv": 122.66, "instrument_name": "BTC-31DEC21-160000-C", "index_price": 56668.86, "direction": "buy", "amount": 3.0}, {"trade_seq": 3452, "trade_id": "191132260", "timestamp": 1637620785052, "tick_direction": 3, "price": 0.001, "mark_price": 0.00125805, "iv": 122.84, "instrument_name": "BTC-31DEC21-160000-C", "index_price": 56570.36, "direction": "sell", "amount": 0.5}, {"trade_seq": 3451, "trade_id": "191132236", "timestamp": 1637620776990, "tick_direction": 2, "price": 0.001, "mark_price": 0.00125591, "iv": 122.87, "instrument_name": "BTC-31DEC21-160000-C", "index_price": 56554.29, "direction": "sell", "amount": 1.3}, {"trade_seq": 3450, "trade_id": "191126849", "timestamp": 1637617092174, "tick_direction": 1, "price": 0.0015, "mark_price": 0.00123325, "iv": 129.25, "instrument_name": "BTC-31DEC21-160000-C", "index_price": 56188.74, "direction": "buy", "amount": 0.1}, {"trade_seq": 3449, "trade_id": "191112355", "timestamp": 1637613307484, "tick_direction": 0, "price": 0.0015, "mark_price": 0.00090811, "iv": 129.17, "instrument_name": "BTC-31DEC21-160000-C", "index_price": 56192.74, "direction": "buy", "amount": 0.2}, {"trade_seq": 3448, "trade_id": "191100730", "timestamp": 1637610165747, "tick_direction": 2, "price": 0.001, "mark_price": 0.00123542, "iv": 123.31, "instrument_name": "BTC-31DEC21-160000-C", "index_price": 56167.51, "direction": "sell", "amount": 2.0}, {"trade_seq": 3447, "trade_id": "191014908", "timestamp": 1637588284566, "tick_direction": 0, "price": 0.0015, "mark_price": 0.00108305, "iv": 122.81, "instrument_name": "BTC-31DEC21-160000-C", "index_price": 59323.02, "direction": "buy", "amount": 1.0}, {"trade_seq": 3446, "trade_id": "190998845", "timestamp": 1637586009478, "tick_direction": 3, "price": 0.001, "mark_price": 0.00122501, "iv": 120.94, "instrument_name": "BTC-31DEC21-160000-C", "index_price": 57227.5, "direction": "sell", "amount": 2.1}, {"trade_seq": 3445, "trade_id": "190998844", "timestamp": 1637586009478, "tick_direction": 3, "price": 0.001, "mark_price": 0.00122501, "iv": 120.94, "instrument_name": "BTC-31DEC21-160000-C", "index_price": 57227.5, "direction": "sell", "amount": 2.7}, {"trade_seq": 3444, "trade_id": "190998843", "timestamp": 1637586009478, "tick_direction": 3, "price": 0.001, "mark_price": 0.00122501, "iv": 120.94, "instrument_name": "BTC-31DEC21-160000-C", "index_price": 57227.5, "direction": "sell", "amount": 0.1}, {"trade_seq": 3443, "trade_id": "190998842", "timestamp": 1637586009478, "tick_direction": 3, "price": 0.001, "mark_price": 0.00122501, "iv": 120.94, "instrument_name": "BTC-31DEC21-160000-C", "index_price": 57227.5, "direction": "sell", "amount": 0.1}, {"trade_seq": 3442, "trade_id": "190998841", "timestamp": 1637586009478, "tick_direction": 2, "price": 0.001, "mark_price": 0.00122501, "iv": 120.94, "instrument_name": "BTC-31DEC21-160000-C", "index_price": 57227.5, "direction": "sell", "amount": 5.0}, {"trade_seq": 3441, "trade_id": "190683546", "timestamp": 1637320632669, "tick_direction": 3, "price": 0.0015, "mark_price": 0.0017217, "iv": 122.79, "instrument_name": "BTC-31DEC21-160000-C", "index_price": 56713.21, "direction": "sell", "amount": 1.1}, {"trade_seq": 3440, "trade_id": "190681521", "timestamp": 1637319916148, "tick_direction": 3, "price": 0.0015, "mark_price": 0.00173855, "iv": 122.33, "instrument_name": "BTC-31DEC21-160000-C", "index_price": 56941.46, "direction": "sell", "amount": 0.1}, {"trade_seq": 3439, "trade_id": "190681424", "timestamp": 1637319875638, "tick_direction": 3, "price": 0.0015, "mark_price": 0.00172489, "iv": 122.46, "instrument_name": "BTC-31DEC21-160000-C", "index_price": 56873.58, "direction": "sell", "amount": 0.1}, {"trade_seq": 3438, "trade_id": "190681422", "timestamp": 1637319874863, "tick_direction": 3, "price": 0.0015, "mark_price": 0.00172488, "iv": 122.45, "instrument_name": "BTC-31DEC21-160000-C", "index_price": 56877.08, "direction": "sell", "amount": 0.1}, {"trade_seq": 3437, "trade_id": "190681421", "timestamp": 1637319874118, "tick_direction": 3, "price": 0.0015, "mark_price": 0.00172502, "iv": 122.45, "instrument_name": "BTC-31DEC21-160000-C", "index_price": 56877.04, "direction": "sell", "amount": 0.1}, {"trade_seq": 3436, "trade_id": "190681417", "timestamp": 1637319872907, "tick_direction": 3, "price": 0.0015, "mark_price": 0.00172494, "iv": 122.45, "instrument_name": "BTC-31DEC21-160000-C", "index_price": 56878.07, "direction": "sell", "amount": 0.1}, {"trade_seq": 3435, "trade_id": "190681416", "timestamp": 1637319872216, "tick_direction": 3, "price": 0.0015, "mark_price": 0.00172494, "iv": 122.45, "instrument_name": "BTC-31DEC21-160000-C", "index_price": 56877.98, "direction": "sell", "amount": 0.1}, {"trade_seq": 3434, "trade_id": "190681413", "timestamp": 1637319871632, "tick_direction": 3, "price": 0.0015, "mark_price": 0.00172497, "iv": 122.45, "instrument_name": "BTC-31DEC21-160000-C", "index_price": 56877.98, "direction": "sell", "amount": 0.1}, {"trade_seq": 3433, "trade_id": "190681388", "timestamp": 1637319847835, "tick_direction": 3, "price": 0.0015, "mark_price": 0.00172565, "iv": 122.43, "instrument_name": "BTC-31DEC21-160000-C", "index_price": 56885.14, "direction": "sell", "amount": 0.5}, {"trade_seq": 3432, "trade_id": "190681383", "timestamp": 1637319844983, "tick_direction": 3, "price": 0.0015, "mark_price": 0.00172595, "iv": 122.43, "instrument_name": "BTC-31DEC21-160000-C", "index_price": 56887.9, "direction": "sell", "amount": 0.5}, {"trade_seq": 3431, "trade_id": "190681382", "timestamp": 1637319844128, "tick_direction": 3, "price": 0.0015, "mark_price": 0.00172569, "iv": 122.43, "instrument_name": "BTC-31DEC21-160000-C", "index_price": 56887.9, "direction": "sell", "amount": 0.5}, {"trade_seq": 3430, "trade_id": "190681380", "timestamp": 1637319843186, "tick_direction": 3, "price": 0.0015, "mark_price": 0.00172569, "iv": 122.43, "instrument_name": "BTC-31DEC21-160000-C", "index_price": 56887.04, "direction": "sell", "amount": 0.5}, {"trade_seq": 3429, "trade_id": "190681376", "timestamp": 1637319842383, "tick_direction": 3, "price": 0.0015, "mark_price": 0.00172646, "iv": 122.42, "instrument_name": "BTC-31DEC21-160000-C", "index_price": 56891.14, "direction": "sell", "amount": 0.5}, {"trade_seq": 3428, "trade_id": "190681373", "timestamp": 1637319841386, "tick_direction": 2, "price": 0.0015, "mark_price": 0.00172519, "iv": 122.43, "instrument_name": "BTC-31DEC21-160000-C", "index_price": 56885.25, "direction": "sell", "amount": 0.5}, {"trade_seq": 3427, "trade_id": "190668957", "timestamp": 1637312820980, "tick_direction": 0, "price": 0.002, "mark_price": 0.00147899, "iv": 126.2, "instrument_name": "BTC-31DEC21-160000-C", "index_price": 57143.69, "direction": "buy", "amount": 0.1}, {"trade_seq": 3426, "trade_id": "190665070", "timestamp": 1637311688576, "tick_direction": 3, "price": 0.0015, "mark_price": 0.00163468, "iv": 121.72, "instrument_name": "BTC-31DEC21-160000-C", "index_price": 57257.86, "direction": "sell", "amount": 2.0}, {"trade_seq": 3425, "trade_id": "190655977", "timestamp": 1637309667070, "tick_direction": 3, "price": 0.0015, "mark_price": 0.00140519, "iv": 123.23, "instrument_name": "BTC-31DEC21-160000-C", "index_price": 56422.87, "direction": "sell", "amount": 2.8}, {"trade_seq": 3424, "trade_id": "190655976", "timestamp": 1637309667056, "tick_direction": 3, "price": 0.0015, "mark_price": 0.00140519, "iv": 123.23, "instrument_name": "BTC-31DEC21-160000-C", "index_price": 56422.87, "direction": "sell", "amount": 0.1}, {"trade_seq": 3423, "trade_id": "190655939", "timestamp": 1637309663897, "tick_direction": 3, "price": 0.0015, "mark_price": 0.00140348, "iv": 123.24, "instrument_name": "BTC-31DEC21-160000-C", "index_price": 56415.94, "direction": "buy", "amount": 0.5}, {"trade_seq": 3422, "trade_id": "190552256", "timestamp": 1637274794235, "tick_direction": 3, "price": 0.0015, "mark_price": 0.00145793, "iv": 120.74, "instrument_name": "BTC-31DEC21-160000-C", "index_price": 57507.24, "direction": "sell", "amount": 1.0}, {"trade_seq": 3421, "trade_id": "190520643", "timestamp": 1637263292177, "tick_direction": 3, "price": 0.0015, "mark_price": 0.00174228, "iv": 119.32, "instrument_name": "BTC-31DEC21-160000-C", "index_price": 58184.51, "direction": "sell", "amount": 0.1}, {"trade_seq": 3420, "trade_id": "190520642", "timestamp": 1637263292177, "tick_direction": 3, "price": 0.0015, "mark_price": 0.00174228, "iv": 119.32, "instrument_name": "BTC-31DEC21-160000-C", "index_price": 58184.51, "direction": "sell", "amount": 0.2}, {"trade_seq": 3419, "trade_id": "190355327", "timestamp": 1637220497912, "tick_direction": 2, "price": 0.0015, "mark_price": 0.00193369, "iv": 116.13, "instrument_name": "BTC-31DEC21-160000-C", "index_price": 59601.33, "direction": "sell", "amount": 0.8}, {"trade_seq": 3418, "trade_id": "190268670", "timestamp": 1637160650836, "tick_direction": 1, "price": 0.002, "mark_price": 0.00173365, "iv": 118.85, "instrument_name": "BTC-31DEC21-160000-C", "index_price": 59880.96, "direction": "buy", "amount": 0.9}, {"trade_seq": 3417, "trade_id": "190268669", "timestamp": 1637160650836, "tick_direction": 1, "price": 0.002, "mark_price": 0.00173365, "iv": 118.85, "instrument_name": "BTC-31DEC21-160000-C", "index_price": 59880.96, "direction": "buy", "amount": 0.1}, {"trade_seq": 3416, "trade_id": "190204491", "timestamp": 1637133279440, "tick_direction": 0, "price": 0.002, "mark_price": 0.00172896, "iv": 119.14, "instrument_name": "BTC-31DEC21-160000-C", "index_price": 59474.59, "direction": "buy", "amount": 4.0}, {"trade_seq": 3415, "trade_id": "190032718", "timestamp": 1637066219367, "tick_direction": 0, "price": 0.0015, "mark_price": 0.0017075, "iv": 112.25, "instrument_name": "BTC-31DEC21-160000-C", "index_price": 60630.58, "direction": "sell", "amount": 4.0}, {"trade_seq": 3414, "trade_id": "189890579", "timestamp": 1637038074054, "tick_direction": 3, "price": 0.001, "mark_price": 0.00167247, "iv": 105.91, "instrument_name": "BTC-31DEC21-160000-C", "index_price": 61241.22, "direction": "sell", "amount": 12.0}, {"trade_seq": 3413, "trade_id": "189890578", "timestamp": 1637038074054, "tick_direction": 3, "price": 0.001, "mark_price": 0.00167247, "iv": 105.91, "instrument_name": "BTC-31DEC21-160000-C", "index_price": 61241.22, "direction": "sell", "amount": 10.5}, {"trade_seq": 3412, "trade_id": "189890577", "timestamp": 1637038074054, "tick_direction": 3, "price": 0.001, "mark_price": 0.00167247, "iv": 105.91, "instrument_name": "BTC-31DEC21-160000-C", "index_price": 61241.22, "direction": "sell", "amount": 1.0}, {"trade_seq": 3411, "trade_id": "189890576", "timestamp": 1637038074054, "tick_direction": 3, "price": 0.001, "mark_price": 0.00167247, "iv": 105.91, "instrument_name": "BTC-31DEC21-160000-C", "index_price": 61241.22, "direction": "sell", "amount": 1.0}, {"trade_seq": 3410, "trade_id": "189890575", "timestamp": 1637038074054, "tick_direction": 2, "price": 0.001, "mark_price": 0.00167247, "iv": 105.91, "instrument_name": "BTC-31DEC21-160000-C", "index_price": 61241.22, "direction": "sell", "amount": 5.0}, {"trade_seq": 3409, "trade_id": "189890520", "timestamp": 1637038034759, "tick_direction": 2, "price": 0.0015, "mark_price": 0.00172371, "iv": 110.95, "instrument_name": "BTC-31DEC21-160000-C", "index_price": 61256.17, "direction": "sell", "amount": 0.5}, {"trade_seq": 3408, "trade_id": "189827205", "timestamp": 1637026257650, "tick_direction": 0, "price": 0.0025, "mark_price": 0.00192571, "iv": 117.12, "instrument_name": "BTC-31DEC21-160000-C", "index_price": 61778.17, "direction": "buy", "amount": 2.0}, {"trade_seq": 3407, "trade_id": "189814881", "timestamp": 1637024871979, "tick_direction": 3, "price": 0.002, "mark_price": 0.00183639, "iv": 113.92, "instrument_name": "BTC-31DEC21-160000-C", "index_price": 61671.86, "direction": "sell", "amount": 1.9}, {"trade_seq": 3406, "trade_id": "189729480", "timestamp": 1636994305114, "tick_direction": 3, "price": 0.002, "mark_price": 0.00248185, "iv": 108.86, "instrument_name": "BTC-31DEC21-160000-C", "index_price": 64380.53, "direction": "sell", "amount": 2.7}, {"trade_seq": 3405, "trade_id": "189729479", "timestamp": 1636994305114, "tick_direction": 3, "price": 0.002, "mark_price": 0.00248185, "iv": 108.86, "instrument_name": "BTC-31DEC21-160000-C", "index_price": 64380.53, "direction": "sell", "amount": 7.1}, {"trade_seq": 3404, "trade_id": "189638336", "timestamp": 1636936155189, "tick_direction": 2, "price": 0.002, "mark_price": 0.00255657, "iv": 105.55, "instrument_name": "BTC-31DEC21-160000-C", "index_price": 65952.83, "direction": "sell", "amount": 3.0}, {"trade_seq": 3403, "trade_id": "189610789", "timestamp": 1636922209044, "tick_direction": 3, "price": 0.0025, "mark_price": 0.00223084, "iv": 111.49, "instrument_name": "BTC-31DEC21-160000-C", "index_price": 64150.33, "direction": "buy", "amount": 0.8}, {"trade_seq": 3402, "trade_id": "189571615", "timestamp": 1636892449667, "tick_direction": 2, "price": 0.0025, "mark_price": 0.00258049, "iv": 110.64, "instrument_name": "BTC-31DEC21-160000-C", "index_price": 64402.33, "direction": "sell", "amount": 0.2}, {"trade_seq": 3401, "trade_id": "189568845", "timestamp": 1636886732320, "tick_direction": 1, "price": 0.003, "mark_price": 0.0024648, "iv": 113.32, "instrument_name": "BTC-31DEC21-160000-C", "index_price": 64416.11, "direction": "buy", "amount": 0.1}, {"trade_seq": 3400, "trade_id": "189568070", "timestamp": 1636885246744, "tick_direction": 0, "price": 0.003, "mark_price": 0.00246911, "iv": 113.36, "instrument_name": "BTC-31DEC21-160000-C", "index_price": 64396.83, "direction": "buy", "amount": 0.5}, {"trade_seq": 3399, "trade_id": "189523001", "timestamp": 1636841300424, "tick_direction": 3, "price": 0.0025, "mark_price": 0.00274122, "iv": 110.08, "instrument_name": "BTC-31DEC21-160000-C", "index_price": 64303.17, "direction": "sell", "amount": 0.1}, {"trade_seq": 3398, "trade_id": "189522249", "timestamp": 1636839891028, "tick_direction": 3, "price": 0.0025, "mark_price": 0.0022446, "iv": 110.17, "instrument_name": "BTC-31DEC21-160000-C", "index_price": 64241.93, "direction": "sell", "amount": 1.0}, {"trade_seq": 3397, "trade_id": "189522241", "timestamp": 1636839864317, "tick_direction": 3, "price": 0.0025, "mark_price": 0.00223879, "iv": 110.17, "instrument_name": "BTC-31DEC21-160000-C", "index_price": 64239.68, "direction": "buy", "amount": 10.0}, {"trade_seq": 3396, "trade_id": "189486048", "timestamp": 1636813346993, "tick_direction": 3, "price": 0.0025, "mark_price": 0.00222908, "iv": 109.99, "instrument_name": "BTC-31DEC21-160000-C", "index_price": 64102.87, "direction": "buy", "amount": 1.0}, {"trade_seq": 3395, "trade_id": "189481001", "timestamp": 1636811569362, "tick_direction": 3, "price": 0.0025, "mark_price": 0.00223783, "iv": 110.96, "instrument_name": "BTC-31DEC21-160000-C", "index_price": 63524.66, "direction": "buy", "amount": 0.2}, {"trade_seq": 3394, "trade_id": "189451439", "timestamp": 1636773589725, "tick_direction": 3, "price": 0.0025, "mark_price": 0.00225937, "iv": 109.88, "instrument_name": "BTC-31DEC21-160000-C", "index_price": 63787.75, "direction": "buy", "amount": 1.9}, {"trade_seq": 3393, "trade_id": "189449357", "timestamp": 1636771629912, "tick_direction": 3, "price": 0.0025, "mark_price": 0.00226404, "iv": 109.73, "instrument_name": "BTC-31DEC21-160000-C", "index_price": 63892.71, "direction": "sell", "amount": 2.3}, {"trade_seq": 3392, "trade_id": "189414987", "timestamp": 1636741361838, "tick_direction": 3, "price": 0.0025, "mark_price": 0.00268267, "iv": 108.98, "instrument_name": "BTC-31DEC21-160000-C", "index_price": 64006.86, "direction": "sell", "amount": 0.2}, {"trade_seq": 3391, "trade_id": "189414408", "timestamp": 1636741040486, "tick_direction": 2, "price": 0.0025, "mark_price": 0.00248483, "iv": 109.07, "instrument_name": "BTC-31DEC21-160000-C", "index_price": 63959.92, "direction": "sell", "amount": 1.8}, {"trade_seq": 3390, "trade_id": "189179753", "timestamp": 1636629592200, "tick_direction": 0, "price": 0.003, "mark_price": 0.00245954, "iv": 108.45, "instrument_name": "BTC-31DEC21-160000-C", "index_price": 65147.7, "direction": "buy", "amount": 0.3}, {"trade_seq": 3389, "trade_id": "189144310", "timestamp": 1636607075398, "tick_direction": 2, "price": 0.002, "mark_price": 0.00246992, "iv": 103.25, "instrument_name": "BTC-31DEC21-160000-C", "index_price": 64654.98, "direction": "sell", "amount": 0.1}, {"trade_seq": 3388, "trade_id": "189093932", "timestamp": 1636584394946, "tick_direction": 1, "price": 0.0025, "mark_price": 0.00274579, "iv": 105.6, "instrument_name": "BTC-31DEC21-160000-C", "index_price": 64873.41, "direction": "sell", "amount": 2.4}, {"trade_seq": 3387, "trade_id": "189030675", "timestamp": 1636577815352, "tick_direction": 0, "price": 0.0025, "mark_price": 0.00261985, "iv": 104.64, "instrument_name": "BTC-31DEC21-160000-C", "index_price": 65348.21, "direction": "sell", "amount": 3.0}, {"trade_seq": 3386, "trade_id": "189030506", "timestamp": 1636577797472, "tick_direction": 2, "price": 0.002, "mark_price": 0.00261362, "iv": 101.67, "instrument_name": "BTC-31DEC21-160000-C", "index_price": 65333.0, "direction": "sell", "amount": 1.3}, {"trade_seq": 3385, "trade_id": "189029823", "timestamp": 1636577735895, "tick_direction": 3, "price": 0.0025, "mark_price": 0.00280729, "iv": 104.27, "instrument_name": "BTC-31DEC21-160000-C", "index_price": 65583.71, "direction": "sell", "amount": 3.0}, {"trade_seq": 3384, "trade_id": "189029804", "timestamp": 1636577731718, "tick_direction": 2, "price": 0.0025, "mark_price": 0.0028175, "iv": 104.24, "instrument_name": "BTC-31DEC21-160000-C", "index_price": 65589.53, "direction": "sell", "amount": 5.7}, {"trade_seq": 3383, "trade_id": "188993645", "timestamp": 1636571669608, "tick_direction": 1, "price": 0.0035, "mark_price": 0.00309397, "iv": 105.3, "instrument_name": "BTC-31DEC21-160000-C", "index_price": 67929.4, "direction": "buy", "amount": 0.5}, {"trade_seq": 3382, "trade_id": "188993168", "timestamp": 1636571240617, "tick_direction": 0, "price": 0.0035, "mark_price": 0.00300094, "iv": 105.29, "instrument_name": "BTC-31DEC21-160000-C", "index_price": 67930.47, "direction": "buy", "amount": 0.1}, {"trade_seq": 3381, "trade_id": "188992239", "timestamp": 1636571014622, "tick_direction": 3, "price": 0.003, "mark_price": 0.00304629, "iv": 102.97, "instrument_name": "BTC-31DEC21-160000-C", "index_price": 67943.75, "direction": "sell", "amount": 12.0}, {"trade_seq": 3380, "trade_id": "188992238", "timestamp": 1636571013924, "tick_direction": 2, "price": 0.003, "mark_price": 0.00304673, "iv": 102.97, "instrument_name": "BTC-31DEC21-160000-C", "index_price": 67943.75, "direction": "sell", "amount": 12.0}, {"trade_seq": 3379, "trade_id": "188965198", "timestamp": 1636560780377, "tick_direction": 0, "price": 0.004, "mark_price": 0.00346581, "iv": 106.41, "instrument_name": "BTC-31DEC21-160000-C", "index_price": 68486.88, "direction": "buy", "amount": 0.5}, {"trade_seq": 3378, "trade_id": "188959768", "timestamp": 1636558713825, "tick_direction": 3, "price": 0.003, "mark_price": 0.00329981, "iv": 102.11, "instrument_name": "BTC-31DEC21-160000-C", "index_price": 68439.44, "direction": "sell", "amount": 5.3}, {"trade_seq": 3377, "trade_id": "188959767", "timestamp": 1636558713825, "tick_direction": 3, "price": 0.003, "mark_price": 0.00329981, "iv": 102.11, "instrument_name": "BTC-31DEC21-160000-C", "index_price": 68439.44, "direction": "sell", "amount": 19.7}, {"trade_seq": 3376, "trade_id": "188959745", "timestamp": 1636558701480, "tick_direction": 3, "price": 0.003, "mark_price": 0.00330664, "iv": 102.09, "instrument_name": "BTC-31DEC21-160000-C", "index_price": 68433.58, "direction": "sell", "amount": 10.3}, {"trade_seq": 3375, "trade_id": "188959744", "timestamp": 1636558701480, "tick_direction": 3, "price": 0.003, "mark_price": 0.00330664, "iv": 102.09, "instrument_name": "BTC-31DEC21-160000-C", "index_price": 68433.58, "direction": "sell", "amount": 2.8}, {"trade_seq": 3374, "trade_id": "188959743", "timestamp": 1636558701480, "tick_direction": 3, "price": 0.003, "mark_price": 0.00330664, "iv": 102.09, "instrument_name": "BTC-31DEC21-160000-C", "index_price": 68433.58, "direction": "sell", "amount": 11.9}, {"trade_seq": 3373, "trade_id": "188832130", "timestamp": 1636483863674, "tick_direction": 2, "price": 0.003, "mark_price": 0.00321294, "iv": 103.69, "instrument_name": "BTC-31DEC21-160000-C", "index_price": 66669.69, "direction": "sell", "amount": 0.1}, {"trade_seq": 3372, "trade_id": "188694194", "timestamp": 1636414457719, "tick_direction": 3, "price": 0.0035, "mark_price": 0.00378393, "iv": 103.32, "instrument_name": "BTC-31DEC21-160000-C", "index_price": 67684.32, "direction": "sell", "amount": 0.1}, {"trade_seq": 3371, "trade_id": "188694068", "timestamp": 1636414414056, "tick_direction": 2, "price": 0.0035, "mark_price": 0.00373931, "iv": 103.51, "instrument_name": "BTC-31DEC21-160000-C", "index_price": 67579.61, "direction": "sell", "amount": 0.1}, {"trade_seq": 3370, "trade_id": "188681793", "timestamp": 1636412979235, "tick_direction": 1, "price": 0.004, "mark_price": 0.00383847, "iv": 106.73, "instrument_name": "BTC-31DEC21-160000-C", "index_price": 66833.42, "direction": "sell", "amount": 0.1}, {"trade_seq": 3369, "trade_id": "188681792", "timestamp": 1636412979229, "tick_direction": 1, "price": 0.004, "mark_price": 0.00383847, "iv": 106.73, "instrument_name": "BTC-31DEC21-160000-C", "index_price": 66833.42, "direction": "buy", "amount": 0.4}, {"trade_seq": 3368, "trade_id": "188648593", "timestamp": 1636393108654, "tick_direction": 1, "price": 0.004, "mark_price": 0.00376974, "iv": 107.57, "instrument_name": "BTC-31DEC21-160000-C", "index_price": 66133.89, "direction": "buy", "amount": 0.1}, {"trade_seq": 3367, "trade_id": "188617905", "timestamp": 1636380180415, "tick_direction": 1, "price": 0.004, "mark_price": 0.00350606, "iv": 108.23, "instrument_name": "BTC-31DEC21-160000-C", "index_price": 65533.19, "direction": "buy", "amount": 10.0}, {"trade_seq": 3366, "trade_id": "188595499", "timestamp": 1636368371762, "tick_direction": 1, "price": 0.004, "mark_price": 0.00347268, "iv": 107.38, "instrument_name": "BTC-31DEC21-160000-C", "index_price": 65948.5, "direction": "buy", "amount": 0.3}, {"trade_seq": 3365, "trade_id": "188595498", "timestamp": 1636368371762, "tick_direction": 0, "price": 0.004, "mark_price": 0.00347268, "iv": 107.38, "instrument_name": "BTC-31DEC21-160000-C", "index_price": 65948.5, "direction": "buy", "amount": 0.2}, {"trade_seq": 3364, "trade_id": "188543311", "timestamp": 1636345379291, "tick_direction": 2, "price": 0.0026, "mark_price": 0.00319226, "iv": 101.95, "instrument_name": "BTC-31DEC21-160000-C", "index_price": 65283.01, "direction": "sell", "block_trade_id": "24790", "amount": 50.0}, {"trade_seq": 3363, "trade_id": "188525227", "timestamp": 1636335066419, "tick_direction": 0, "price": 0.0035, "mark_price": 0.00315646, "iv": 105.98, "instrument_name": "BTC-31DEC21-160000-C", "index_price": 65326.39, "direction": "buy", "amount": 0.5}, {"trade_seq": 3362, "trade_id": "188477603", "timestamp": 1636327629914, "tick_direction": 2, "price": 0.003, "mark_price": 0.00326391, "iv": 107.57, "instrument_name": "BTC-31DEC21-160000-C", "index_price": 62992.99, "direction": "sell", "amount": 0.5}, {"trade_seq": 3361, "trade_id": "188472602", "timestamp": 1636322847692, "tick_direction": 0, "price": 0.0035, "mark_price": 0.0031316, "iv": 109.73, "instrument_name": "BTC-31DEC21-160000-C", "index_price": 62999.21, "direction": "buy", "amount": 0.5}, {"trade_seq": 3360, "trade_id": "188446871", "timestamp": 1636302651485, "tick_direction": 0, "price": 0.003, "mark_price": 0.00267689, "iv": 108.56, "instrument_name": "BTC-31DEC21-160000-C", "index_price": 62134.65, "direction": "sell", "amount": 1.0}, {"trade_seq": 3359, "trade_id": "188438037", "timestamp": 1636292878749, "tick_direction": 0, "price": 0.0025, "mark_price": 0.00223375, "iv": 106.02, "instrument_name": "BTC-31DEC21-160000-C", "index_price": 61972.1, "direction": "buy", "amount": 0.5}, {"trade_seq": 3358, "trade_id": "188426037", "timestamp": 1636281835419, "tick_direction": 3, "price": 0.002, "mark_price": 0.00248576, "iv": 102.95, "instrument_name": "BTC-31DEC21-160000-C", "index_price": 61967.4, "direction": "sell", "amount": 0.1}, {"trade_seq": 3357, "trade_id": "188425389", "timestamp": 1636281424516, "tick_direction": 2, "price": 0.002, "mark_price": 0.00246742, "iv": 102.65, "instrument_name": "BTC-31DEC21-160000-C", "index_price": 62139.18, "direction": "sell", "amount": 2.0}, {"trade_seq": 3356, "trade_id": "188240256", "timestamp": 1636125588188, "tick_direction": 3, "price": 0.0025, "mark_price": 0.00270466, "iv": 105.69, "instrument_name": "BTC-31DEC21-160000-C", "index_price": 61027.78, "direction": "sell", "amount": 5.2}, {"trade_seq": 3355, "trade_id": "188234148", "timestamp": 1636124359540, "tick_direction": 3, "price": 0.0025, "mark_price": 0.00271245, "iv": 105.29, "instrument_name": "BTC-31DEC21-160000-C", "index_price": 61281.02, "direction": "sell", "amount": 5.3}, {"trade_seq": 3354, "trade_id": "188207788", "timestamp": 1636109190055, "tick_direction": 2, "price": 0.0025, "mark_price": 0.00274315, "iv": 104.65, "instrument_name": "BTC-31DEC21-160000-C", "index_price": 61576.79, "direction": "sell", "amount": 2.0}, {"trade_seq": 3353, "trade_id": "188199258", "timestamp": 1636101885333, "tick_direction": 1, "price": 0.003, "mark_price": 0.00289945, "iv": 106.23, "instrument_name": "BTC-31DEC21-160000-C", "index_price": 62099.2, "direction": "buy", "amount": 5.0}, {"trade_seq": 3352, "trade_id": "188196779", "timestamp": 1636100089599, "tick_direction": 1, "price": 0.003, "mark_price": 0.00324162, "iv": 106.26, "instrument_name": "BTC-31DEC21-160000-C", "index_price": 62058.65, "direction": "sell", "amount": 3.0}, {"trade_seq": 3351, "trade_id": "188188448", "timestamp": 1636098130034, "tick_direction": 1, "price": 0.003, "mark_price": 0.00324313, "iv": 105.76, "instrument_name": "BTC-31DEC21-160000-C", "index_price": 62425.85, "direction": "sell", "amount": 5.0}, {"trade_seq": 3350, "trade_id": "188188447", "timestamp": 1636098130034, "tick_direction": 1, "price": 0.003, "mark_price": 0.00324313, "iv": 105.76, "instrument_name": "BTC-31DEC21-160000-C", "index_price": 62425.85, "direction": "sell", "amount": 0.9}, {"trade_seq": 3349, "trade_id": "188169523", "timestamp": 1636082560062, "tick_direction": 0, "price": 0.003, "mark_price": 0.00326084, "iv": 105.77, "instrument_name": "BTC-31DEC21-160000-C", "index_price": 62267.05, "direction": "sell", "amount": 0.1}, {"trade_seq": 3348, "trade_id": "188158921", "timestamp": 1636076072971, "tick_direction": 3, "price": 0.0025, "mark_price": 0.00295975, "iv": 104.95, "instrument_name": "BTC-31DEC21-160000-C", "index_price": 61109.78, "direction": "buy", "amount": 0.7}, {"trade_seq": 3347, "trade_id": "188158920", "timestamp": 1636076072962, "tick_direction": 3, "price": 0.0025, "mark_price": 0.00295975, "iv": 104.95, "instrument_name": "BTC-31DEC21-160000-C", "index_price": 61109.78, "direction": "sell", "amount": 5.1}, {"trade_seq": 3346, "trade_id": "188158919", "timestamp": 1636076072962, "tick_direction": 3, "price": 0.0025, "mark_price": 0.00295975, "iv": 104.95, "instrument_name": "BTC-31DEC21-160000-C", "index_price": 61109.78, "direction": "sell", "amount": 2.2}, {"trade_seq": 3345, "trade_id": "188158918", "timestamp": 1636076072962, "tick_direction": 2, "price": 0.0025, "mark_price": 0.00295975, "iv": 104.95, "instrument_name": "BTC-31DEC21-160000-C", "index_price": 61109.78, "direction": "sell", "amount": 2.0}, {"trade_seq": 3344, "trade_id": "188032632", "timestamp": 1636008190221, "tick_direction": 2, "price": 0.0035, "mark_price": 0.00361929, "iv": 106.73, "instrument_name": "BTC-31DEC21-160000-C", "index_price": 62485.96, "direction": "sell", "amount": 0.1}, {"trade_seq": 3343, "trade_id": "188011271", "timestamp": 1635988749652, "tick_direction": 0, "price": 0.004, "mark_price": 0.00370774, "iv": 108.44, "instrument_name": "BTC-31DEC21-160000-C", "index_price": 62574.16, "direction": "buy", "amount": 1.0}, {"trade_seq": 3342, "trade_id": "187930377", "timestamp": 1635950299062, "tick_direction": 3, "price": 0.003, "mark_price": 0.00338341, "iv": 104.99, "instrument_name": "BTC-31DEC21-160000-C", "index_price": 61850.92, "direction": "sell", "amount": 2.0}, {"trade_seq": 3341, "trade_id": "187930376", "timestamp": 1635950299062, "tick_direction": 2, "price": 0.003, "mark_price": 0.00338341, "iv": 104.99, "instrument_name": "BTC-31DEC21-160000-C", "index_price": 61850.92, "direction": "sell", "amount": 1.0}, {"trade_seq": 3340, "trade_id": "187905222", "timestamp": 1635943478652, "tick_direction": 3, "price": 0.0035, "mark_price": 0.00372143, "iv": 105.89, "instrument_name": "BTC-31DEC21-160000-C", "index_price": 62612.31, "direction": "sell", "amount": 2.0}, {"trade_seq": 3339, "trade_id": "187905221", "timestamp": 1635943478652, "tick_direction": 3, "price": 0.0035, "mark_price": 0.00372143, "iv": 105.89, "instrument_name": "BTC-31DEC21-160000-C", "index_price": 62612.31, "direction": "sell", "amount": 2.0}, {"trade_seq": 3338, "trade_id": "187905220", "timestamp": 1635943478652, "tick_direction": 2, "price": 0.0035, "mark_price": 0.00372143, "iv": 105.89, "instrument_name": "BTC-31DEC21-160000-C", "index_price": 62612.31, "direction": "sell", "amount": 0.7}, {"trade_seq": 3337, "trade_id": "187902584", "timestamp": 1635943213684, "tick_direction": 1, "price": 0.004, "mark_price": 0.0036991, "iv": 107.81, "instrument_name": "BTC-31DEC21-160000-C", "index_price": 62691.97, "direction": "buy", "amount": 1.0}, {"trade_seq": 3336, "trade_id": "187898412", "timestamp": 1635940345711, "tick_direction": 1, "price": 0.004, "mark_price": 0.00374865, "iv": 106.96, "instrument_name": "BTC-31DEC21-160000-C", "index_price": 63184.5, "direction": "buy", "amount": 0.5}, {"trade_seq": 3335, "trade_id": "187898411", "timestamp": 1635940345711, "tick_direction": 1, "price": 0.004, "mark_price": 0.00374865, "iv": 106.96, "instrument_name": "BTC-31DEC21-160000-C", "index_price": 63184.5, "direction": "buy", "amount": 0.5}, {"trade_seq": 3334, "trade_id": "187890783", "timestamp": 1635928479941, "tick_direction": 1, "price": 0.004, "mark_price": 0.0037269, "iv": 107.16, "instrument_name": "BTC-31DEC21-160000-C", "index_price": 62986.78, "direction": "buy", "amount": 2.0}, {"trade_seq": 3333, "trade_id": "187888747", "timestamp": 1635927392013, "tick_direction": 1, "price": 0.004, "mark_price": 0.00373151, "iv": 106.75, "instrument_name": "BTC-31DEC21-160000-C", "index_price": 63231.69, "direction": "buy", "amount": 0.1}, {"trade_seq": 3332, "trade_id": "187887848", "timestamp": 1635926620987, "tick_direction": 0, "price": 0.004, "mark_price": 0.00386725, "iv": 106.58, "instrument_name": "BTC-31DEC21-160000-C", "index_price": 63354.7, "direction": "buy", "amount": 1.0}, {"trade_seq": 3331, "trade_id": "187879523", "timestamp": 1635916045740, "tick_direction": 2, "price": 0.0035, "mark_price": 0.00375629, "iv": 105.04, "instrument_name": "BTC-31DEC21-160000-C", "index_price": 62943.5, "direction": "sell", "amount": 0.3}, {"trade_seq": 3330, "trade_id": "187875402", "timestamp": 1635911658128, "tick_direction": 2, "price": 0.004, "mark_price": 0.00428426, "iv": 106.43, "instrument_name": "BTC-31DEC21-160000-C", "index_price": 63275.76, "direction": "sell", "amount": 0.5}, {"trade_seq": 3329, "trade_id": "187838692", "timestamp": 1635880168573, "tick_direction": 2, "price": 0.0045, "mark_price": 0.00473631, "iv": 107.7, "instrument_name": "BTC-31DEC21-160000-C", "index_price": 63374.75, "direction": "sell", "amount": 0.1}, {"trade_seq": 3328, "trade_id": "187832589", "timestamp": 1635875009664, "tick_direction": 1, "price": 0.005, "mark_price": 0.00474626, "iv": 109.02, "instrument_name": "BTC-31DEC21-160000-C", "index_price": 63569.82, "direction": "buy", "amount": 1.0}, {"trade_seq": 3327, "trade_id": "187829128", "timestamp": 1635871642783, "tick_direction": 1, "price": 0.005, "mark_price": 0.00449471, "iv": 108.62, "instrument_name": "BTC-31DEC21-160000-C", "index_price": 63778.16, "direction": "buy", "amount": 0.1}, {"trade_seq": 3326, "trade_id": "187794979", "timestamp": 1635860147629, "tick_direction": 0, "price": 0.005, "mark_price": 0.00473041, "iv": 109.39, "instrument_name": "BTC-31DEC21-160000-C", "index_price": 63201.36, "direction": "buy", "amount": 0.5}, {"trade_seq": 3325, "trade_id": "187666725", "timestamp": 1635791286915, "tick_direction": 3, "price": 0.0045, "mark_price": 0.00473995, "iv": 111.39, "instrument_name": "BTC-31DEC21-160000-C", "index_price": 60620.06, "direction": "sell", "amount": 0.1}, {"trade_seq": 3324, "trade_id": "187666724", "timestamp": 1635791286915, "tick_direction": 3, "price": 0.0045, "mark_price": 0.00473995, "iv": 111.39, "instrument_name": "BTC-31DEC21-160000-C", "index_price": 60620.06, "direction": "sell", "amount": 0.1}, {"trade_seq": 3323, "trade_id": "187666723", "timestamp": 1635791286915, "tick_direction": 2, "price": 0.0045, "mark_price": 0.00473995, "iv": 111.39, "instrument_name": "BTC-31DEC21-160000-C", "index_price": 60620.06, "direction": "sell", "amount": 0.1}, {"trade_seq": 3322, "trade_id": "187577530", "timestamp": 1635748627882, "tick_direction": 1, "price": 0.005, "mark_price": 0.00451822, "iv": 112.41, "instrument_name": "BTC-31DEC21-160000-C", "index_price": 60835.82, "direction": "buy", "amount": 0.1}, {"trade_seq": 3321, "trade_id": "187577529", "timestamp": 1635748626792, "tick_direction": 1, "price": 0.005, "mark_price": 0.00451539, "iv": 112.42, "instrument_name": "BTC-31DEC21-160000-C", "index_price": 60832.13, "direction": "buy", "amount": 0.1}, {"trade_seq": 3320, "trade_id": "187577441", "timestamp": 1635748582123, "tick_direction": 1, "price": 0.005, "mark_price": 0.00442592, "iv": 112.56, "instrument_name": "BTC-31DEC21-160000-C", "index_price": 60755.04, "direction": "buy", "amount": 0.1}, {"trade_seq": 3319, "trade_id": "187577440", "timestamp": 1635748580612, "tick_direction": 1, "price": 0.005, "mark_price": 0.00442472, "iv": 112.56, "instrument_name": "BTC-31DEC21-160000-C", "index_price": 60755.04, "direction": "buy", "amount": 0.1}, {"trade_seq": 3318, "trade_id": "187513156", "timestamp": 1635705692046, "tick_direction": 1, "price": 0.005, "mark_price": 0.00460829, "iv": 112.18, "instrument_name": "BTC-31DEC21-160000-C", "index_price": 60672.22, "direction": "buy", "amount": 0.1}, {"trade_seq": 3317, "trade_id": "187513155", "timestamp": 1635705692046, "tick_direction": 0, "price": 0.005, "mark_price": 0.00460829, "iv": 112.18, "instrument_name": "BTC-31DEC21-160000-C", "index_price": 60672.22, "direction": "buy", "amount": 0.1}, {"trade_seq": 3316, "trade_id": "187415554", "timestamp": 1635612502048, "tick_direction": 2, "price": 0.004, "mark_price": 0.00488871, "iv": 106.67, "instrument_name": "BTC-31DEC21-160000-C", "index_price": 61169.69, "direction": "sell", "amount": 3.0}, {"trade_seq": 3315, "trade_id": "187397706", "timestamp": 1635603182917, "tick_direction": 3, "price": 0.0055, "mark_price": 0.00571719, "iv": 111.3, "instrument_name": "BTC-31DEC21-160000-C", "index_price": 61436.19, "direction": "sell", "amount": 3.0}, {"trade_seq": 3314, "trade_id": "187397705", "timestamp": 1635603182917, "tick_direction": 3, "price": 0.0055, "mark_price": 0.00571719, "iv": 111.3, "instrument_name": "BTC-31DEC21-160000-C", "index_price": 61436.19, "direction": "sell", "amount": 1.0}, {"trade_seq": 3313, "trade_id": "187397704", "timestamp": 1635603182917, "tick_direction": 2, "price": 0.0055, "mark_price": 0.00571719, "iv": 111.3, "instrument_name": "BTC-31DEC21-160000-C", "index_price": 61436.19, "direction": "sell", "amount": 0.2}, {"trade_seq": 3312, "trade_id": "187327396", "timestamp": 1635535159576, "tick_direction": 2, "price": 0.006, "mark_price": 0.0064712, "iv": 110.85, "instrument_name": "BTC-31DEC21-160000-C", "index_price": 62129.06, "direction": "sell", "amount": 0.5}, {"trade_seq": 3311, "trade_id": "187302456", "timestamp": 1635524276289, "tick_direction": 1, "price": 0.0065, "mark_price": 0.00628457, "iv": 110.87, "instrument_name": "BTC-31DEC21-160000-C", "index_price": 62881.4, "direction": "buy", "amount": 0.8}, {"trade_seq": 3310, "trade_id": "187302431", "timestamp": 1635524269402, "tick_direction": 1, "price": 0.0065, "mark_price": 0.00628129, "iv": 110.88, "instrument_name": "BTC-31DEC21-160000-C", "index_price": 62870.53, "direction": "buy", "amount": 1.2}, {"trade_seq": 3309, "trade_id": "187259462", "timestamp": 1635514605136, "tick_direction": 1, "price": 0.0065, "mark_price": 0.00596866, "iv": 113.77, "instrument_name": "BTC-31DEC21-160000-C", "index_price": 60996.85, "direction": "buy", "amount": 0.2}, {"trade_seq": 3308, "trade_id": "187197115", "timestamp": 1635493931746, "tick_direction": 1, "price": 0.0065, "mark_price": 0.0059947, "iv": 114.11, "instrument_name": "BTC-31DEC21-160000-C", "index_price": 60573.48, "direction": "buy", "amount": 0.1}, {"trade_seq": 3307, "trade_id": "186994582", "timestamp": 1635429274379, "tick_direction": 1, "price": 0.0065, "mark_price": 0.00645354, "iv": 112.45, "instrument_name": "BTC-31DEC21-160000-C", "index_price": 61447.95, "direction": "buy", "amount": 0.8}, {"trade_seq": 3306, "trade_id": "186994507", "timestamp": 1635429254478, "tick_direction": 1, "price": 0.0065, "mark_price": 0.00645214, "iv": 112.51, "instrument_name": "BTC-31DEC21-160000-C", "index_price": 61418.44, "direction": "buy", "amount": 1.2}, {"trade_seq": 3305, "trade_id": "186971730", "timestamp": 1635418403550, "tick_direction": 0, "price": 0.0065, "mark_price": 0.00669059, "iv": 113.24, "instrument_name": "BTC-31DEC21-160000-C", "index_price": 60976.72, "direction": "sell", "amount": 1.0}, {"trade_seq": 3304, "trade_id": "186928031", "timestamp": 1635403978608, "tick_direction": 0, "price": 0.006, "mark_price": 0.00606534, "iv": 114.46, "instrument_name": "BTC-31DEC21-160000-C", "index_price": 59233.27, "direction": "sell", "amount": 2.0}, {"trade_seq": 3303, "trade_id": "186863271", "timestamp": 1635371933824, "tick_direction": 3, "price": 0.0055, "mark_price": 0.00593492, "iv": 113.48, "instrument_name": "BTC-31DEC21-160000-C", "index_price": 58808.41, "direction": "sell", "amount": 0.1}, {"trade_seq": 3302, "trade_id": "186863270", "timestamp": 1635371933824, "tick_direction": 3, "price": 0.0055, "mark_price": 0.00593492, "iv": 113.48, "instrument_name": "BTC-31DEC21-160000-C", "index_price": 58808.41, "direction": "sell", "amount": 1.0}, {"trade_seq": 3301, "trade_id": "186863269", "timestamp": 1635371933824, "tick_direction": 2, "price": 0.0055, "mark_price": 0.00593492, "iv": 113.48, "instrument_name": "BTC-31DEC21-160000-C", "index_price": 58808.41, "direction": "sell", "amount": 0.1}, {"trade_seq": 3300, "trade_id": "186750624", "timestamp": 1635327859045, "tick_direction": 2, "price": 0.006, "mark_price": 0.00649357, "iv": 114.04, "instrument_name": "BTC-31DEC21-160000-C", "index_price": 58978.53, "direction": "sell", "amount": 1.0}, {"trade_seq": 3299, "trade_id": "186683212", "timestamp": 1635318876652, "tick_direction": 0, "price": 0.007, "mark_price": 0.00642559, "iv": 113.7, "instrument_name": "BTC-31DEC21-160000-C", "index_price": 60776.48, "direction": "buy", "amount": 0.2}, {"trade_seq": 3298, "trade_id": "186494991", "timestamp": 1635236024843, "tick_direction": 0, "price": 0.0065, "mark_price": 0.00627522, "iv": 107.76, "instrument_name": "BTC-31DEC21-160000-C", "index_price": 62957.75, "direction": "sell", "amount": 0.3}, {"trade_seq": 3297, "trade_id": "186469855", "timestamp": 1635217421574, "tick_direction": 3, "price": 0.0055, "mark_price": 0.0059515, "iv": 105.14, "instrument_name": "BTC-31DEC21-160000-C", "index_price": 62665.88, "direction": "sell", "amount": 1.0}, {"trade_seq": 3296, "trade_id": "186460668", "timestamp": 1635207081258, "tick_direction": 3, "price": 0.0055, "mark_price": 0.00603467, "iv": 104.81, "instrument_name": "BTC-31DEC21-160000-C", "index_price": 62866.7, "direction": "sell", "amount": 4.8}, {"trade_seq": 3295, "trade_id": "186460667", "timestamp": 1635207081258, "tick_direction": 3, "price": 0.0055, "mark_price": 0.00603467, "iv": 104.81, "instrument_name": "BTC-31DEC21-160000-C", "index_price": 62866.7, "direction": "sell", "amount": 19.9}, {"trade_seq": 3294, "trade_id": "186460666", "timestamp": 1635207081258, "tick_direction": 3, "price": 0.0055, "mark_price": 0.00603467, "iv": 104.81, "instrument_name": "BTC-31DEC21-160000-C", "index_price": 62866.7, "direction": "sell", "amount": 24.0}, {"trade_seq": 3293, "trade_id": "186460665", "timestamp": 1635207081258, "tick_direction": 2, "price": 0.0055, "mark_price": 0.00603467, "iv": 104.81, "instrument_name": "BTC-31DEC21-160000-C", "index_price": 62866.7, "direction": "sell", "amount": 2.0}, {"trade_seq": 3292, "trade_id": "186457207", "timestamp": 1635204536973, "tick_direction": 3, "price": 0.006, "mark_price": 0.00648675, "iv": 105.87, "instrument_name": "BTC-31DEC21-160000-C", "index_price": 63107.65, "direction": "sell", "amount": 19.9}, {"trade_seq": 3291, "trade_id": "186454357", "timestamp": 1635201665229, "tick_direction": 2, "price": 0.006, "mark_price": 0.00657277, "iv": 106.09, "instrument_name": "BTC-31DEC21-160000-C", "index_price": 62921.54, "direction": "sell", "amount": 13.1}, {"trade_seq": 3290, "trade_id": "186451497", "timestamp": 1635199198263, "tick_direction": 2, "price": 0.0068, "mark_price": 0.00699341, "iv": 108.38, "instrument_name": "BTC-31DEC21-160000-C", "index_price": 62826.08, "direction": "sell", "block_trade_id": "24028", "amount": 140.0}, {"trade_seq": 3289, "trade_id": "186385072", "timestamp": 1635168487764, "tick_direction": 1, "price": 0.008, "mark_price": 0.00769097, "iv": 110.65, "instrument_name": "BTC-31DEC21-160000-C", "index_price": 63120.61, "direction": "buy", "amount": 1.5}, {"trade_seq": 3288, "trade_id": "186385071", "timestamp": 1635168487764, "tick_direction": 0, "price": 0.008, "mark_price": 0.00769097, "iv": 110.65, "instrument_name": "BTC-31DEC21-160000-C", "index_price": 63120.61, "direction": "buy", "amount": 0.5}, {"trade_seq": 3287, "trade_id": "186344006", "timestamp": 1635142887525, "tick_direction": 2, "price": 0.0075, "mark_price": 0.00777108, "iv": 111.12, "instrument_name": "BTC-31DEC21-160000-C", "index_price": 61920.39, "direction": "sell", "amount": 1.0}, {"trade_seq": 3286, "trade_id": "186336469", "timestamp": 1635134518777, "tick_direction": 0, "price": 0.008, "mark_price": 0.00778652, "iv": 111.85, "instrument_name": "BTC-31DEC21-160000-C", "index_price": 62181.66, "direction": "buy", "amount": 0.3}, {"trade_seq": 3285, "trade_id": "186271520", "timestamp": 1635087105606, "tick_direction": 3, "price": 0.007, "mark_price": 0.00667636, "iv": 112.11, "instrument_name": "BTC-31DEC21-160000-C", "index_price": 60202.45, "direction": "buy", "amount": 1.0}, {"trade_seq": 3284, "trade_id": "186205318", "timestamp": 1635016505517, "tick_direction": 2, "price": 0.007, "mark_price": 0.00731997, "iv": 110.01, "instrument_name": "BTC-31DEC21-160000-C", "index_price": 61121.26, "direction": "sell", "amount": 1.0}, {"trade_seq": 3283, "trade_id": "186187957", "timestamp": 1634999907553, "tick_direction": 1, "price": 0.008, "mark_price": 0.00725846, "iv": 112.36, "instrument_name": "BTC-31DEC21-160000-C", "index_price": 61114.34, "direction": "buy", "amount": 1.0}, {"trade_seq": 3282, "trade_id": "186176944", "timestamp": 1634990641441, "tick_direction": 0, "price": 0.008, "mark_price": 0.00752462, "iv": 111.41, "instrument_name": "BTC-31DEC21-160000-C", "index_price": 61622.18, "direction": "buy", "amount": 1.2}, {"trade_seq": 3281, "trade_id": "186097690", "timestamp": 1634937119000, "tick_direction": 1, "price": 0.007, "mark_price": 0.00624327, "iv": 109.79, "instrument_name": "BTC-31DEC21-160000-C", "index_price": 60848.08, "direction": "buy", "amount": 1.0}, {"trade_seq": 3280, "trade_id": "186097434", "timestamp": 1634936765186, "tick_direction": 1, "price": 0.007, "mark_price": 0.00629644, "iv": 109.82, "instrument_name": "BTC-31DEC21-160000-C", "index_price": 60837.68, "direction": "buy", "amount": 1.0}, {"trade_seq": 3279, "trade_id": "186097393", "timestamp": 1634936596566, "tick_direction": 0, "price": 0.007, "mark_price": 0.00637136, "iv": 109.82, "instrument_name": "BTC-31DEC21-160000-C", "index_price": 60823.39, "direction": "buy", "amount": 1.0}, {"trade_seq": 3278, "trade_id": "186075228", "timestamp": 1634925572137, "tick_direction": 0, "price": 0.0065, "mark_price": 0.00636351, "iv": 108.78, "instrument_name": "BTC-31DEC21-160000-C", "index_price": 60561.17, "direction": "buy", "amount": 1.8}, {"trade_seq": 3277, "trade_id": "186072764", "timestamp": 1634924563073, "tick_direction": 3, "price": 0.006, "mark_price": 0.00626756, "iv": 107.07, "instrument_name": "BTC-31DEC21-160000-C", "index_price": 60752.14, "direction": "sell", "amount": 1.4}, {"trade_seq": 3276, "trade_id": "186072757", "timestamp": 1634924561557, "tick_direction": 3, "price": 0.006, "mark_price": 0.00626432, "iv": 107.08, "instrument_name": "BTC-31DEC21-160000-C", "index_price": 60747.47, "direction": "sell", "amount": 1.2}, {"trade_seq": 3275, "trade_id": "186070889", "timestamp": 1634923816380, "tick_direction": 3, "price": 0.006, "mark_price": 0.00621905, "iv": 107.38, "instrument_name": "BTC-31DEC21-160000-C", "index_price": 60567.73, "direction": "sell", "amount": 1.5}, {"trade_seq": 3274, "trade_id": "186062056", "timestamp": 1634920610455, "tick_direction": 3, "price": 0.006, "mark_price": 0.00642819, "iv": 106.61, "instrument_name": "BTC-31DEC21-160000-C", "index_price": 61101.97, "direction": "sell", "amount": 1.4}, {"trade_seq": 3273, "trade_id": "186062044", "timestamp": 1634920609176, "tick_direction": 2, "price": 0.006, "mark_price": 0.00643209, "iv": 106.6, "instrument_name": "BTC-31DEC21-160000-C", "index_price": 61109.85, "direction": "sell", "amount": 1.3}, {"trade_seq": 3272, "trade_id": "186002236", "timestamp": 1634911646587, "tick_direction": 2, "price": 0.0075, "mark_price": 0.00789475, "iv": 109.24, "instrument_name": "BTC-31DEC21-160000-C", "index_price": 61829.19, "direction": "buy", "amount": 1.0}, {"trade_seq": 3271, "trade_id": "185989695", "timestamp": 1634911072482, "tick_direction": 3, "price": 0.0085, "mark_price": 0.00855833, "iv": 110.6, "instrument_name": "BTC-31DEC21-160000-C", "index_price": 62455.39, "direction": "sell", "amount": 5.0}, {"trade_seq": 3270, "trade_id": "185989677", "timestamp": 1634911069418, "tick_direction": 3, "price": 0.0085, "mark_price": 0.00855769, "iv": 110.61, "instrument_name": "BTC-31DEC21-160000-C", "index_price": 62445.87, "direction": "sell", "amount": 5.0}, {"trade_seq": 3269, "trade_id": "185989657", "timestamp": 1634911068457, "tick_direction": 3, "price": 0.0085, "mark_price": 0.00855356, "iv": 110.6, "instrument_name": "BTC-31DEC21-160000-C", "index_price": 62457.04, "direction": "sell", "amount": 5.0}, {"trade_seq": 3268, "trade_id": "185989552", "timestamp": 1634911058568, "tick_direction": 3, "price": 0.0085, "mark_price": 0.00850495, "iv": 110.71, "instrument_name": "BTC-31DEC21-160000-C", "index_price": 62393.28, "direction": "sell", "amount": 1.2}, {"trade_seq": 3267, "trade_id": "185989005", "timestamp": 1634911030291, "tick_direction": 3, "price": 0.0085, "mark_price": 0.00854032, "iv": 110.56, "instrument_name": "BTC-31DEC21-160000-C", "index_price": 62482.13, "direction": "sell", "amount": 6.6}, {"trade_seq": 3266, "trade_id": "185985390", "timestamp": 1634910660081, "tick_direction": 3, "price": 0.0085, "mark_price": 0.00851273, "iv": 110.1, "instrument_name": "BTC-31DEC21-160000-C", "index_price": 62773.88, "direction": "sell", "amount": 6.5}, {"trade_seq": 3265, "trade_id": "185984325", "timestamp": 1634910607692, "tick_direction": 3, "price": 0.0085, "mark_price": 0.00855367, "iv": 109.91, "instrument_name": "BTC-31DEC21-160000-C", "index_price": 62904.72, "direction": "sell", "amount": 1.5}, {"trade_seq": 3264, "trade_id": "185983752", "timestamp": 1634910570131, "tick_direction": 3, "price": 0.0085, "mark_price": 0.00861283, "iv": 109.73, "instrument_name": "BTC-31DEC21-160000-C", "index_price": 63013.46, "direction": "sell", "amount": 1.2}, {"trade_seq": 3263, "trade_id": "185982467", "timestamp": 1634910108756, "tick_direction": 3, "price": 0.0085, "mark_price": 0.00872284, "iv": 109.29, "instrument_name": "BTC-31DEC21-160000-C", "index_price": 63286.41, "direction": "sell", "amount": 12.0}, {"trade_seq": 3262, "trade_id": "185982444", "timestamp": 1634910104702, "tick_direction": 2, "price": 0.0085, "mark_price": 0.0087235, "iv": 109.29, "instrument_name": "BTC-31DEC21-160000-C", "index_price": 63285.12, "direction": "sell", "amount": 12.0}, {"trade_seq": 3261, "trade_id": "185970467", "timestamp": 1634902094594, "tick_direction": 0, "price": 0.009, "mark_price": 0.00874406, "iv": 110.15, "instrument_name": "BTC-31DEC21-160000-C", "index_price": 63414.27, "direction": "buy", "amount": 0.1}, {"trade_seq": 3260, "trade_id": "185964347", "timestamp": 1634898359417, "tick_direction": 3, "price": 0.0085, "mark_price": 0.00870487, "iv": 109.48, "instrument_name": "BTC-31DEC21-160000-C", "index_price": 63083.78, "direction": "sell", "amount": 1.0}, {"trade_seq": 3259, "trade_id": "185880989", "timestamp": 1634858040983, "tick_direction": 3, "price": 0.0085, "mark_price": 0.008899, "iv": 109.58, "instrument_name": "BTC-31DEC21-160000-C", "index_price": 62699.83, "direction": "sell", "amount": 2.0}, {"trade_seq": 3258, "trade_id": "185874474", "timestamp": 1634854237617, "tick_direction": 3, "price": 0.0085, "mark_price": 0.0087782, "iv": 109.24, "instrument_name": "BTC-31DEC21-160000-C", "index_price": 62869.13, "direction": "sell", "amount": 2.2}, {"trade_seq": 3257, "trade_id": "185871595", "timestamp": 1634853353423, "tick_direction": 2, "price": 0.0085, "mark_price": 0.00858298, "iv": 110.21, "instrument_name": "BTC-31DEC21-160000-C", "index_price": 62263.1, "direction": "sell", "amount": 9.6}, {"trade_seq": 3256, "trade_id": "185818295", "timestamp": 1634834998266, "tick_direction": 3, "price": 0.009, "mark_price": 0.00885295, "iv": 110.04, "instrument_name": "BTC-31DEC21-160000-C", "index_price": 62968.33, "direction": "buy", "amount": 1.2}, {"trade_seq": 3255, "trade_id": "185759392", "timestamp": 1634826347122, "tick_direction": 2, "price": 0.009, "mark_price": 0.00858746, "iv": 109.35, "instrument_name": "BTC-31DEC21-160000-C", "index_price": 63159.07, "direction": "sell", "amount": 0.1}, {"trade_seq": 3254, "trade_id": "185739034", "timestamp": 1634822612951, "tick_direction": 3, "price": 0.0095, "mark_price": 0.00936245, "iv": 107.07, "instrument_name": "BTC-31DEC21-160000-C", "index_price": 65377.49, "direction": "buy", "amount": 0.1}, {"trade_seq": 3253, "trade_id": "185657332", "timestamp": 1634801712123, "tick_direction": 3, "price": 0.0095, "mark_price": 0.00947115, "iv": 107.37, "instrument_name": "BTC-31DEC21-160000-C", "index_price": 65057.21, "direction": "buy", "amount": 0.1}, {"trade_seq": 3252, "trade_id": "185633807", "timestamp": 1634794497998, "tick_direction": 3, "price": 0.0095, "mark_price": 0.00943028, "iv": 107.68, "instrument_name": "BTC-31DEC21-160000-C", "index_price": 64925.86, "direction": "buy", "amount": 0.1}, {"trade_seq": 3251, "trade_id": "185590426", "timestamp": 1634781792765, "tick_direction": 2, "price": 0.0095, "mark_price": 0.00935262, "iv": 108.4, "instrument_name": "BTC-31DEC21-160000-C", "index_price": 64482.31, "direction": "sell", "amount": 3.0}, {"trade_seq": 3250, "trade_id": "185514064", "timestamp": 1634759072363, "tick_direction": 2, "price": 0.0115, "mark_price": 0.01212352, "iv": 109.28, "instrument_name": "BTC-31DEC21-160000-C", "index_price": 66289.04, "direction": "sell", "amount": 1.0}, {"trade_seq": 3249, "trade_id": "185503835", "timestamp": 1634756692047, "tick_direction": 2, "price": 0.012, "mark_price": 0.01217968, "iv": 109.46, "instrument_name": "BTC-31DEC21-160000-C", "index_price": 66673.3, "direction": "buy", "amount": 0.1}, {"trade_seq": 3248, "trade_id": "185486667", "timestamp": 1634750920364, "tick_direction": 0, "price": 0.0125, "mark_price": 0.01206089, "iv": 110.54, "instrument_name": "BTC-31DEC21-160000-C", "index_price": 66464.59, "direction": "buy", "amount": 0.1}, {"trade_seq": 3247, "trade_id": "185477129", "timestamp": 1634747715104, "tick_direction": 3, "price": 0.012, "mark_price": 0.01221833, "iv": 109.53, "instrument_name": "BTC-31DEC21-160000-C", "index_price": 66485.9, "direction": "sell", "amount": 1.3}, {"trade_seq": 3246, "trade_id": "185477128", "timestamp": 1634747715104, "tick_direction": 2, "price": 0.012, "mark_price": 0.01221833, "iv": 109.53, "instrument_name": "BTC-31DEC21-160000-C", "index_price": 66485.9, "direction": "sell", "amount": 1.0}, {"trade_seq": 3245, "trade_id": "185474483", "timestamp": 1634746748280, "tick_direction": 2, "price": 0.0125, "mark_price": 0.01255344, "iv": 110.14, "instrument_name": "BTC-31DEC21-160000-C", "index_price": 66605.59, "direction": "sell", "amount": 0.1}, {"trade_seq": 3244, "trade_id": "185464813", "timestamp": 1634744555210, "tick_direction": 0, "price": 0.013, "mark_price": 0.01242237, "iv": 110.87, "instrument_name": "BTC-31DEC21-160000-C", "index_price": 66613.51, "direction": "buy", "amount": 0.9}, {"trade_seq": 3243, "trade_id": "185461974", "timestamp": 1634743900268, "tick_direction": 0, "price": 0.0125, "mark_price": 0.01248946, "iv": 110.04, "instrument_name": "BTC-31DEC21-160000-C", "index_price": 66619.99, "direction": "sell", "amount": 0.1}, {"trade_seq": 3242, "trade_id": "185428824", "timestamp": 1634739467142, "tick_direction": 2, "price": 0.012, "mark_price": 0.01147971, "iv": 110.39, "instrument_name": "BTC-31DEC21-160000-C", "index_price": 65891.11, "direction": "sell", "amount": 5.2}, {"trade_seq": 3241, "trade_id": "185422992", "timestamp": 1634738539988, "tick_direction": 1, "price": 0.0125, "mark_price": 0.01162575, "iv": 110.91, "instrument_name": "BTC-31DEC21-160000-C", "index_price": 66148.3, "direction": "sell", "amount": 0.8}, {"trade_seq": 3240, "trade_id": "185422991", "timestamp": 1634738539966, "tick_direction": 1, "price": 0.0125, "mark_price": 0.01163432, "iv": 110.91, "instrument_name": "BTC-31DEC21-160000-C", "index_price": 66148.3, "direction": "sell", "amount": 1.2}, {"trade_seq": 3239, "trade_id": "185422878", "timestamp": 1634738533922, "tick_direction": 0, "price": 0.0125, "mark_price": 0.01163966, "iv": 110.82, "instrument_name": "BTC-31DEC21-160000-C", "index_price": 66197.18, "direction": "buy", "amount": 1.0}, {"trade_seq": 3238, "trade_id": "185422053", "timestamp": 1634738517827, "tick_direction": 1, "price": 0.012, "mark_price": 0.01154835, "iv": 110.1, "instrument_name": "BTC-31DEC21-160000-C", "index_price": 66132.51, "direction": "sell", "amount": 3.5}, {"trade_seq": 3237, "trade_id": "185422052", "timestamp": 1634738517827, "tick_direction": 1, "price": 0.012, "mark_price": 0.01154835, "iv": 110.1, "instrument_name": "BTC-31DEC21-160000-C", "index_price": 66132.51, "direction": "sell", "amount": 2.0}, {"trade_seq": 3236, "trade_id": "185421486", "timestamp": 1634738477651, "tick_direction": 1, "price": 0.012, "mark_price": 0.01132764, "iv": 110.28, "instrument_name": "BTC-31DEC21-160000-C", "index_price": 66001.68, "direction": "buy", "amount": 1.0}, {"trade_seq": 3235, "trade_id": "185412750", "timestamp": 1634737631912, "tick_direction": 0, "price": 0.012, "mark_price": 0.01116387, "iv": 111.06, "instrument_name": "BTC-31DEC21-160000-C", "index_price": 65451.73, "direction": "buy", "amount": 1.0}, {"trade_seq": 3234, "trade_id": "185374346", "timestamp": 1634732721891, "tick_direction": 2, "price": 0.01, "mark_price": 0.01052125, "iv": 109.57, "instrument_name": "BTC-31DEC21-160000-C", "index_price": 64129.65, "direction": "sell", "amount": 1.0}, {"trade_seq": 3233, "trade_id": "185364351", "timestamp": 1634726903862, "tick_direction": 0, "price": 0.011, "mark_price": 0.01046027, "iv": 111.88, "instrument_name": "BTC-31DEC21-160000-C", "index_price": 63835.92, "direction": "buy", "amount": 2.0}, {"trade_seq": 3232, "trade_id": "185342717", "timestamp": 1634714252519, "tick_direction": 0, "price": 0.0105, "mark_price": 0.01026898, "iv": 110.77, "instrument_name": "BTC-31DEC21-160000-C", "index_price": 63921.34, "direction": "buy", "amount": 2.0}, {"trade_seq": 3231, "trade_id": "185341233", "timestamp": 1634711962118, "tick_direction": 1, "price": 0.01, "mark_price": 0.01031461, "iv": 109.92, "instrument_name": "BTC-31DEC21-160000-C", "index_price": 63859.38, "direction": "sell", "amount": 3.0}, {"trade_seq": 3230, "trade_id": "185340289", "timestamp": 1634711322421, "tick_direction": 1, "price": 0.01, "mark_price": 0.01025783, "iv": 110.04, "instrument_name": "BTC-31DEC21-160000-C", "index_price": 63776.92, "direction": "sell", "amount": 0.3}, {"trade_seq": 3229, "trade_id": "185330284", "timestamp": 1634701877279, "tick_direction": 1, "price": 0.01, "mark_price": 0.01009006, "iv": 109.61, "instrument_name": "BTC-31DEC21-160000-C", "index_price": 63962.76, "direction": "sell", "amount": 1.2}, {"trade_seq": 3228, "trade_id": "185305054", "timestamp": 1634680460054, "tick_direction": 0, "price": 0.01, "mark_price": 0.0095687, "iv": 109.34, "instrument_name": "BTC-31DEC21-160000-C", "index_price": 64028.53, "direction": "buy", "amount": 2.0}, {"trade_seq": 3227, "trade_id": "185299823", "timestamp": 1634677058367, "tick_direction": 2, "price": 0.009, "mark_price": 0.00944897, "iv": 107.08, "instrument_name": "BTC-31DEC21-160000-C", "index_price": 64119.21, "direction": "sell", "amount": 1.9}, {"trade_seq": 3226, "trade_id": "185298530", "timestamp": 1634676292340, "tick_direction": 2, "price": 0.0095, "mark_price": 0.00957208, "iv": 107.97, "instrument_name": "BTC-31DEC21-160000-C", "index_price": 64224.48, "direction": "buy", "amount": 1.0}, {"trade_seq": 3225, "trade_id": "185281211", "timestamp": 1634671253252, "tick_direction": 1, "price": 0.01, "mark_price": 0.00923141, "iv": 109.6, "instrument_name": "BTC-31DEC21-160000-C", "index_price": 63725.99, "direction": "buy", "amount": 3.0}, {"trade_seq": 3224, "trade_id": "185280872", "timestamp": 1634671036172, "tick_direction": 1, "price": 0.01, "mark_price": 0.00917276, "iv": 109.69, "instrument_name": "BTC-31DEC21-160000-C", "index_price": 63673.72, "direction": "buy", "amount": 2.0}, {"trade_seq": 3223, "trade_id": "185277351", "timestamp": 1634669897742, "tick_direction": 1, "price": 0.01, "mark_price": 0.00900791, "iv": 109.99, "instrument_name": "BTC-31DEC21-160000-C", "index_price": 63489.09, "direction": "buy", "amount": 0.5}, {"trade_seq": 3222, "trade_id": "185277350", "timestamp": 1634669897742, "tick_direction": 0, "price": 0.01, "mark_price": 0.00900791, "iv": 109.99, "instrument_name": "BTC-31DEC21-160000-C", "index_price": 63489.09, "direction": "buy", "amount": 0.5}, {"trade_seq": 3221, "trade_id": "185277325", "timestamp": 1634669885295, "tick_direction": 1, "price": 0.0095, "mark_price": 0.0089968, "iv": 108.99, "instrument_name": "BTC-31DEC21-160000-C", "index_price": 63487.94, "direction": "sell", "amount": 1.1}, {"trade_seq": 3220, "trade_id": "185277324", "timestamp": 1634669885242, "tick_direction": 1, "price": 0.0095, "mark_price": 0.0089968, "iv": 108.99, "instrument_name": "BTC-31DEC21-160000-C", "index_price": 63487.94, "direction": "sell", "amount": 1.9}, {"trade_seq": 3219, "trade_id": "185275611", "timestamp": 1634669374052, "tick_direction": 1, "price": 0.0095, "mark_price": 0.00898675, "iv": 109.02, "instrument_name": "BTC-31DEC21-160000-C", "index_price": 63470.66, "direction": "buy", "amount": 2.0}, {"trade_seq": 3218, "trade_id": "185273920", "timestamp": 1634669048312, "tick_direction": 0, "price": 0.0095, "mark_price": 0.00907832, "iv": 108.97, "instrument_name": "BTC-31DEC21-160000-C", "index_price": 63477.28, "direction": "buy", "amount": 3.0}, {"trade_seq": 3217, "trade_id": "185232536", "timestamp": 1634653626627, "tick_direction": 3, "price": 0.0085, "mark_price": 0.00836176, "iv": 110.0, "instrument_name": "BTC-31DEC21-160000-C", "index_price": 61431.48, "direction": "sell", "amount": 9.6}, {"trade_seq": 3216, "trade_id": "185206056", "timestamp": 1634650410966, "tick_direction": 3, "price": 0.0085, "mark_price": 0.00914661, "iv": 107.92, "instrument_name": "BTC-31DEC21-160000-C", "index_price": 62708.3, "direction": "sell", "amount": 0.2}, {"trade_seq": 3215, "trade_id": "185205447", "timestamp": 1634650385654, "tick_direction": 2, "price": 0.0085, "mark_price": 0.00916658, "iv": 107.98, "instrument_name": "BTC-31DEC21-160000-C", "index_price": 62682.32, "direction": "sell", "amount": 0.2}, {"trade_seq": 3214, "trade_id": "185193103", "timestamp": 1634644342399, "tick_direction": 1, "price": 0.0095, "mark_price": 0.00903446, "iv": 110.88, "instrument_name": "BTC-31DEC21-160000-C", "index_price": 62176.39, "direction": "buy", "amount": 0.5}, {"trade_seq": 3213, "trade_id": "185192827", "timestamp": 1634643446854, "tick_direction": 0, "price": 0.0095, "mark_price": 0.00898867, "iv": 110.81, "instrument_name": "BTC-31DEC21-160000-C", "index_price": 62216.42, "direction": "buy", "amount": 3.0}, {"trade_seq": 3212, "trade_id": "185190086", "timestamp": 1634640517977, "tick_direction": 2, "price": 0.0085, "mark_price": 0.00866, "iv": 108.82, "instrument_name": "BTC-31DEC21-160000-C", "index_price": 62104.37, "direction": "buy", "amount": 0.3}, {"trade_seq": 3211, "trade_id": "185186602", "timestamp": 1634638324065, "tick_direction": 3, "price": 0.009, "mark_price": 0.00933487, "iv": 109.44, "instrument_name": "BTC-31DEC21-160000-C", "index_price": 62385.08, "direction": "sell", "amount": 1.5}, {"trade_seq": 3210, "trade_id": "185178779", "timestamp": 1634633183199, "tick_direction": 3, "price": 0.009, "mark_price": 0.00906044, "iv": 110.05, "instrument_name": "BTC-31DEC21-160000-C", "index_price": 61970.94, "direction": "sell", "amount": 1.2}, {"trade_seq": 3209, "trade_id": "185178130", "timestamp": 1634632841387, "tick_direction": 3, "price": 0.009, "mark_price": 0.00902617, "iv": 110.19, "instrument_name": "BTC-31DEC21-160000-C", "index_price": 61866.7, "direction": "sell", "amount": 1.4}, {"trade_seq": 3208, "trade_id": "185177378", "timestamp": 1634632587834, "tick_direction": 2, "price": 0.009, "mark_price": 0.00899841, "iv": 110.23, "instrument_name": "BTC-31DEC21-160000-C", "index_price": 61849.12, "direction": "sell", "amount": 1.5}, {"trade_seq": 3207, "trade_id": "185157691", "timestamp": 1634617566221, "tick_direction": 0, "price": 0.0105, "mark_price": 0.00999535, "iv": 111.58, "instrument_name": "BTC-31DEC21-160000-C", "index_price": 62772.52, "direction": "buy", "amount": 1.0}, {"trade_seq": 3206, "trade_id": "185138214", "timestamp": 1634606549595, "tick_direction": 1, "price": 0.0085, "mark_price": 0.0090123, "iv": 108.84, "instrument_name": "BTC-31DEC21-160000-C", "index_price": 61887.15, "direction": "sell", "amount": 1.0}, {"trade_seq": 3205, "trade_id": "185116647", "timestamp": 1634588573257, "tick_direction": 1, "price": 0.0085, "mark_price": 0.00793602, "iv": 109.38, "instrument_name": "BTC-31DEC21-160000-C", "index_price": 61503.58, "direction": "buy", "amount": 1.2}, {"trade_seq": 3204, "trade_id": "185116547", "timestamp": 1634588452891, "tick_direction": 1, "price": 0.0085, "mark_price": 0.00771172, "iv": 109.47, "instrument_name": "BTC-31DEC21-160000-C", "index_price": 61430.51, "direction": "sell", "amount": 8.5}, {"trade_seq": 3203, "trade_id": "185116546", "timestamp": 1634588452891, "tick_direction": 1, "price": 0.0085, "mark_price": 0.00771172, "iv": 109.47, "instrument_name": "BTC-31DEC21-160000-C", "index_price": 61430.51, "direction": "sell", "amount": 2.1}, {"trade_seq": 3202, "trade_id": "185116545", "timestamp": 1634588452887, "tick_direction": 1, "price": 0.0085, "mark_price": 0.00771172, "iv": 109.47, "instrument_name": "BTC-31DEC21-160000-C", "index_price": 61430.51, "direction": "buy", "amount": 4.8}, {"trade_seq": 3201, "trade_id": "185116544", "timestamp": 1634588452887, "tick_direction": 1, "price": 0.0085, "mark_price": 0.00771172, "iv": 109.47, "instrument_name": "BTC-31DEC21-160000-C", "index_price": 61430.51, "direction": "buy", "amount": 20.0}, {"trade_seq": 3200, "trade_id": "185116543", "timestamp": 1634588452887, "tick_direction": 1, "price": 0.0085, "mark_price": 0.00771172, "iv": 109.47, "instrument_name": "BTC-31DEC21-160000-C", "index_price": 61430.51, "direction": "buy", "amount": 2.6}, {"trade_seq": 3199, "trade_id": "185116542", "timestamp": 1634588452887, "tick_direction": 0, "price": 0.0085, "mark_price": 0.00771172, "iv": 109.47, "instrument_name": "BTC-31DEC21-160000-C", "index_price": 61430.51, "direction": "buy", "amount": 12.0}, {"trade_seq": 3198, "trade_id": "185116541", "timestamp": 1634588423824, "tick_direction": 0, "price": 0.008, "mark_price": 0.00768183, "iv": 108.34, "instrument_name": "BTC-31DEC21-160000-C", "index_price": 61435.87, "direction": "buy", "amount": 1.7}, {"trade_seq": 3197, "trade_id": "185072440", "timestamp": 1634564264182, "tick_direction": 3, "price": 0.007, "mark_price": 0.00745036, "iv": 105.78, "instrument_name": "BTC-31DEC21-160000-C", "index_price": 61452.81, "direction": "sell", "amount": 0.2}, {"trade_seq": 3196, "trade_id": "185061921", "timestamp": 1634562277253, "tick_direction": 2, "price": 0.007, "mark_price": 0.00701311, "iv": 107.76, "instrument_name": "BTC-31DEC21-160000-C", "index_price": 60093.59, "direction": "sell", "amount": 0.2}, {"trade_seq": 3195, "trade_id": "185038688", "timestamp": 1634554021260, "tick_direction": 1, "price": 0.0075, "mark_price": 0.00710708, "iv": 107.23, "instrument_name": "BTC-31DEC21-160000-C", "index_price": 61160.29, "direction": "buy", "amount": 4.3}, {"trade_seq": 3194, "trade_id": "185038687", "timestamp": 1634554021260, "tick_direction": 1, "price": 0.0075, "mark_price": 0.00710708, "iv": 107.23, "instrument_name": "BTC-31DEC21-160000-C", "index_price": 61160.29, "direction": "buy", "amount": 1.5}, {"trade_seq": 3193, "trade_id": "185038093", "timestamp": 1634553735280, "tick_direction": 1, "price": 0.0075, "mark_price": 0.00704089, "iv": 107.3, "instrument_name": "BTC-31DEC21-160000-C", "index_price": 61129.27, "direction": "buy", "amount": 1.0}, {"trade_seq": 3192, "trade_id": "184984309", "timestamp": 1634532468361, "tick_direction": 1, "price": 0.0075, "mark_price": 0.00730778, "iv": 105.45, "instrument_name": "BTC-31DEC21-160000-C", "index_price": 62149.07, "direction": "sell", "amount": 1.2}, {"trade_seq": 3191, "trade_id": "184983239", "timestamp": 1634531377257, "tick_direction": 1, "price": 0.0075, "mark_price": 0.00736485, "iv": 105.57, "instrument_name": "BTC-31DEC21-160000-C", "index_price": 62098.34, "direction": "sell", "amount": 3.0}, {"trade_seq": 3190, "trade_id": "184971602", "timestamp": 1634522124684, "tick_direction": 0, "price": 0.0075, "mark_price": 0.00768502, "iv": 105.24, "instrument_name": "BTC-31DEC21-160000-C", "index_price": 62273.98, "direction": "sell", "amount": 7.9}, {"trade_seq": 3189, "trade_id": "184881913", "timestamp": 1634488157274, "tick_direction": 2, "price": 0.0065, "mark_price": 0.00672642, "iv": 104.66, "instrument_name": "BTC-31DEC21-160000-C", "index_price": 60893.15, "direction": "sell", "amount": 0.2}, {"trade_seq": 3188, "trade_id": "184853215", "timestamp": 1634468710058, "tick_direction": 0, "price": 0.0075, "mark_price": 0.00697302, "iv": 106.44, "instrument_name": "BTC-31DEC21-160000-C", "index_price": 61167.45, "direction": "buy", "amount": 0.3}, {"trade_seq": 3187, "trade_id": "184821530", "timestamp": 1634433432500, "tick_direction": 1, "price": 0.007, "mark_price": 0.00695977, "iv": 105.24, "instrument_name": "BTC-31DEC21-160000-C", "index_price": 60982.06, "direction": "sell", "amount": 1.0}, {"trade_seq": 3186, "trade_id": "184821463", "timestamp": 1634433386146, "tick_direction": 0, "price": 0.007, "mark_price": 0.0069471, "iv": 105.26, "instrument_name": "BTC-31DEC21-160000-C", "index_price": 60963.73, "direction": "sell", "amount": 1.0}, {"trade_seq": 3185, "trade_id": "184784713", "timestamp": 1634399939416, "tick_direction": 3, "price": 0.0065, "mark_price": 0.00696655, "iv": 103.77, "instrument_name": "BTC-31DEC21-160000-C", "index_price": 60921.95, "direction": "sell", "amount": 0.1}, {"trade_seq": 3184, "trade_id": "184784712", "timestamp": 1634399939416, "tick_direction": 2, "price": 0.0065, "mark_price": 0.00696655, "iv": 103.77, "instrument_name": "BTC-31DEC21-160000-C", "index_price": 60921.95, "direction": "sell", "amount": 0.9}, {"trade_seq": 3183, "trade_id": "184774150", "timestamp": 1634392240307, "tick_direction": 3, "price": 0.0075, "mark_price": 0.00775808, "iv": 105.99, "instrument_name": "BTC-31DEC21-160000-C", "index_price": 61060.31, "direction": "sell", "amount": 35.0}, {"trade_seq": 3182, "trade_id": "184774149", "timestamp": 1634392240307, "tick_direction": 2, "price": 0.0075, "mark_price": 0.00775808, "iv": 105.99, "instrument_name": "BTC-31DEC21-160000-C", "index_price": 61060.31, "direction": "sell", "amount": 2.8}, {"trade_seq": 3181, "trade_id": "184773618", "timestamp": 1634391788759, "tick_direction": 0, "price": 0.008, "mark_price": 0.00778605, "iv": 107.12, "instrument_name": "BTC-31DEC21-160000-C", "index_price": 61101.62, "direction": "buy", "amount": 1.0}, {"trade_seq": 3180, "trade_id": "184770099", "timestamp": 1634389827214, "tick_direction": 2, "price": 0.0075, "mark_price": 0.00775963, "iv": 106.32, "instrument_name": "BTC-31DEC21-160000-C", "index_price": 60829.25, "direction": "sell", "amount": 1.2}, {"trade_seq": 3179, "trade_id": "184745897", "timestamp": 1634375697086, "tick_direction": 0, "price": 0.008, "mark_price": 0.00774352, "iv": 106.21, "instrument_name": "BTC-31DEC21-160000-C", "index_price": 61539.3, "direction": "buy", "amount": 0.4}, {"trade_seq": 3178, "trade_id": "184741608", "timestamp": 1634372588983, "tick_direction": 2, "price": 0.0075, "mark_price": 0.00773227, "iv": 104.55, "instrument_name": "BTC-31DEC21-160000-C", "index_price": 61883.33, "direction": "sell", "amount": 1.0}, {"trade_seq": 3177, "trade_id": "184717875", "timestamp": 1634354089850, "tick_direction": 1, "price": 0.008, "mark_price": 0.00777107, "iv": 105.68, "instrument_name": "BTC-31DEC21-160000-C", "index_price": 61724.16, "direction": "buy", "amount": 0.5}, {"trade_seq": 3176, "trade_id": "184675771", "timestamp": 1634332027143, "tick_direction": 0, "price": 0.008, "mark_price": 0.00776631, "iv": 104.32, "instrument_name": "BTC-31DEC21-160000-C", "index_price": 62364.61, "direction": "buy", "block_trade_id": "23178", "amount": 50.0}, {"trade_seq": 3175, "trade_id": "184648277", "timestamp": 1634329068276, "tick_direction": 0, "price": 0.0075, "mark_price": 0.00766181, "iv": 102.96, "instrument_name": "BTC-31DEC21-160000-C", "index_price": 62332.61, "direction": "buy", "amount": 2.0}, {"trade_seq": 3174, "trade_id": "184642027", "timestamp": 1634327620245, "tick_direction": 2, "price": 0.0065, "mark_price": 0.00703272, "iv": 102.02, "instrument_name": "BTC-31DEC21-160000-C", "index_price": 61403.76, "direction": "sell", "amount": 0.1}, {"trade_seq": 3173, "trade_id": "184613671", "timestamp": 1634319631233, "tick_direction": 1, "price": 0.0075, "mark_price": 0.0070829, "iv": 104.36, "instrument_name": "BTC-31DEC21-160000-C", "index_price": 61411.75, "direction": "sell", "amount": 2.0}, {"trade_seq": 3172, "trade_id": "184613670", "timestamp": 1634319631223, "tick_direction": 1, "price": 0.0075, "mark_price": 0.0070829, "iv": 104.36, "instrument_name": "BTC-31DEC21-160000-C", "index_price": 61411.75, "direction": "buy", "amount": 1.2}, {"trade_seq": 3171, "trade_id": "184613662", "timestamp": 1634319622463, "tick_direction": 0, "price": 0.0075, "mark_price": 0.00708058, "iv": 104.36, "instrument_name": "BTC-31DEC21-160000-C", "index_price": 61414.13, "direction": "buy", "amount": 1.4}, {"trade_seq": 3170, "trade_id": "184613270", "timestamp": 1634319480273, "tick_direction": 3, "price": 0.007, "mark_price": 0.00706523, "iv": 103.17, "instrument_name": "BTC-31DEC21-160000-C", "index_price": 61419.32, "direction": "sell", "amount": 1.3}, {"trade_seq": 3169, "trade_id": "184613269", "timestamp": 1634319479384, "tick_direction": 3, "price": 0.007, "mark_price": 0.00706443, "iv": 103.16, "instrument_name": "BTC-31DEC21-160000-C", "index_price": 61420.8, "direction": "sell", "amount": 2.1}, {"trade_seq": 3168, "trade_id": "184613266", "timestamp": 1634319477507, "tick_direction": 3, "price": 0.007, "mark_price": 0.00706195, "iv": 103.16, "instrument_name": "BTC-31DEC21-160000-C", "index_price": 61419.57, "direction": "sell", "amount": 1.0}, {"trade_seq": 3167, "trade_id": "184613265", "timestamp": 1634319477368, "tick_direction": 2, "price": 0.007, "mark_price": 0.00706195, "iv": 103.16, "instrument_name": "BTC-31DEC21-160000-C", "index_price": 61419.57, "direction": "sell", "amount": 4.0}, {"trade_seq": 3166, "trade_id": "184608878", "timestamp": 1634318757187, "tick_direction": 1, "price": 0.0075, "mark_price": 0.00719962, "iv": 104.39, "instrument_name": "BTC-31DEC21-160000-C", "index_price": 61396.72, "direction": "sell", "amount": 0.1}, {"trade_seq": 3165, "trade_id": "184608855", "timestamp": 1634318752620, "tick_direction": 0, "price": 0.0075, "mark_price": 0.00719653, "iv": 104.39, "instrument_name": "BTC-31DEC21-160000-C", "index_price": 61401.41, "direction": "sell", "amount": 0.1}, {"trade_seq": 3164, "trade_id": "184608808", "timestamp": 1634318739404, "tick_direction": 2, "price": 0.007, "mark_price": 0.00717022, "iv": 103.25, "instrument_name": "BTC-31DEC21-160000-C", "index_price": 61385.89, "direction": "sell", "amount": 0.1}, {"trade_seq": 3163, "trade_id": "184560174", "timestamp": 1634310281445, "tick_direction": 1, "price": 0.008, "mark_price": 0.00791903, "iv": 107.65, "instrument_name": "BTC-31DEC21-160000-C", "index_price": 59984.58, "direction": "sell", "amount": 1.5}, {"trade_seq": 3162, "trade_id": "184560173", "timestamp": 1634310281363, "tick_direction": 1, "price": 0.008, "mark_price": 0.00791903, "iv": 107.65, "instrument_name": "BTC-31DEC21-160000-C", "index_price": 59984.58, "direction": "sell", "amount": 2.4}, {"trade_seq": 3161, "trade_id": "184560171", "timestamp": 1634310279887, "tick_direction": 1, "price": 0.008, "mark_price": 0.007925, "iv": 107.63, "instrument_name": "BTC-31DEC21-160000-C", "index_price": 59985.69, "direction": "sell", "amount": 3.7}, {"trade_seq": 3160, "trade_id": "184533236", "timestamp": 1634304808223, "tick_direction": 1, "price": 0.008, "mark_price": 0.00751778, "iv": 107.95, "instrument_name": "BTC-31DEC21-160000-C", "index_price": 59813.56, "direction": "buy", "amount": 5.1}, {"trade_seq": 3159, "trade_id": "184533233", "timestamp": 1634304808215, "tick_direction": 0, "price": 0.008, "mark_price": 0.00751778, "iv": 107.95, "instrument_name": "BTC-31DEC21-160000-C", "index_price": 59813.56, "direction": "buy", "amount": 2.3}, {"trade_seq": 3158, "trade_id": "184527925", "timestamp": 1634303808183, "tick_direction": 1, "price": 0.0075, "mark_price": 0.0076491, "iv": 106.98, "instrument_name": "BTC-31DEC21-160000-C", "index_price": 59700.25, "direction": "sell", "amount": 2.1}, {"trade_seq": 3157, "trade_id": "184527924", "timestamp": 1634303807760, "tick_direction": 0, "price": 0.0075, "mark_price": 0.0076491, "iv": 106.98, "instrument_name": "BTC-31DEC21-160000-C", "index_price": 59699.88, "direction": "sell", "amount": 3.3}, {"trade_seq": 3156, "trade_id": "184495800", "timestamp": 1634287242622, "tick_direction": 2, "price": 0.0065, "mark_price": 0.00703605, "iv": 105.12, "instrument_name": "BTC-31DEC21-160000-C", "index_price": 59085.92, "direction": "sell", "amount": 0.4}, {"trade_seq": 3155, "trade_id": "184485582", "timestamp": 1634284104778, "tick_direction": 3, "price": 0.0075, "mark_price": 0.00701384, "iv": 107.12, "instrument_name": "BTC-31DEC21-160000-C", "index_price": 59330.75, "direction": "buy", "amount": 3.5}, {"trade_seq": 3154, "trade_id": "184485575", "timestamp": 1634284099418, "tick_direction": 2, "price": 0.0075, "mark_price": 0.00701418, "iv": 107.12, "instrument_name": "BTC-31DEC21-160000-C", "index_price": 59330.81, "direction": "buy", "amount": 2.3}, {"trade_seq": 3153, "trade_id": "184443704", "timestamp": 1634269430392, "tick_direction": 0, "price": 0.008, "mark_price": 0.0077589, "iv": 108.32, "instrument_name": "BTC-31DEC21-160000-C", "index_price": 59286.44, "direction": "buy", "amount": 1.0}, {"trade_seq": 3152, "trade_id": "184440317", "timestamp": 1634267894381, "tick_direction": 2, "price": 0.0075, "mark_price": 0.00769213, "iv": 107.47, "instrument_name": "BTC-31DEC21-160000-C", "index_price": 59063.11, "direction": "sell", "amount": 3.0}, {"trade_seq": 3151, "trade_id": "184438982", "timestamp": 1634267635410, "tick_direction": 0, "price": 0.008, "mark_price": 0.00763369, "iv": 108.62, "instrument_name": "BTC-31DEC21-160000-C", "index_price": 59052.15, "direction": "sell", "amount": 2.0}, {"trade_seq": 3150, "trade_id": "184229194", "timestamp": 1634171729809, "tick_direction": 3, "price": 0.0075, "mark_price": 0.00719183, "iv": 109.37, "instrument_name": "BTC-31DEC21-160000-C", "index_price": 57231.98, "direction": "sell", "amount": 0.2}, {"trade_seq": 3149, "trade_id": "184229186", "timestamp": 1634171723784, "tick_direction": 3, "price": 0.0075, "mark_price": 0.00718573, "iv": 109.37, "instrument_name": "BTC-31DEC21-160000-C", "index_price": 57236.68, "direction": "sell", "amount": 0.4}, {"trade_seq": 3148, "trade_id": "184229182", "timestamp": 1634171719724, "tick_direction": 3, "price": 0.0075, "mark_price": 0.00717483, "iv": 109.38, "instrument_name": "BTC-31DEC21-160000-C", "index_price": 57226.6, "direction": "sell", "amount": 0.5}, {"trade_seq": 3147, "trade_id": "184229180", "timestamp": 1634171718992, "tick_direction": 2, "price": 0.0075, "mark_price": 0.0071723, "iv": 109.38, "instrument_name": "BTC-31DEC21-160000-C", "index_price": 57226.6, "direction": "sell", "amount": 0.9}, {"trade_seq": 3146, "trade_id": "184221848", "timestamp": 1634165088500, "tick_direction": 1, "price": 0.008, "mark_price": 0.00722475, "iv": 110.16, "instrument_name": "BTC-31DEC21-160000-C", "index_price": 57517.87, "direction": "buy", "amount": 0.5}, {"trade_seq": 3145, "trade_id": "184221745", "timestamp": 1634164966351, "tick_direction": 1, "price": 0.008, "mark_price": 0.00726513, "iv": 110.07, "instrument_name": "BTC-31DEC21-160000-C", "index_price": 57588.11, "direction": "buy", "amount": 0.3}, {"trade_seq": 3144, "trade_id": "184221673", "timestamp": 1634164856577, "tick_direction": 1, "price": 0.008, "mark_price": 0.00726679, "iv": 110.08, "instrument_name": "BTC-31DEC21-160000-C", "index_price": 57591.89, "direction": "buy", "amount": 0.1}, {"trade_seq": 3143, "trade_id": "184221662", "timestamp": 1634164847112, "tick_direction": 0, "price": 0.008, "mark_price": 0.00726937, "iv": 110.06, "instrument_name": "BTC-31DEC21-160000-C", "index_price": 57602.59, "direction": "buy", "amount": 0.1}, {"trade_seq": 3142, "trade_id": "184177152", "timestamp": 1634143570154, "tick_direction": 0, "price": 0.007, "mark_price": 0.0068715, "iv": 108.47, "instrument_name": "BTC-31DEC21-160000-C", "index_price": 57015.19, "direction": "buy", "amount": 0.2}, {"trade_seq": 3141, "trade_id": "184092528", "timestamp": 1634103866033, "tick_direction": 3, "price": 0.006, "mark_price": 0.00615683, "iv": 107.96, "instrument_name": "BTC-31DEC21-160000-C", "index_price": 55440.97, "direction": "sell", "amount": 0.2}, {"trade_seq": 3140, "trade_id": "184092515", "timestamp": 1634103861749, "tick_direction": 3, "price": 0.006, "mark_price": 0.00614288, "iv": 108.0, "instrument_name": "BTC-31DEC21-160000-C", "index_price": 55433.98, "direction": "sell", "amount": 0.4}, {"trade_seq": 3139, "trade_id": "183961079", "timestamp": 1634037210029, "tick_direction": 3, "price": 0.006, "mark_price": 0.00623576, "iv": 104.87, "instrument_name": "BTC-31DEC21-160000-C", "index_price": 57144.55, "direction": "sell", "amount": 0.4}, {"trade_seq": 3138, "trade_id": "183911722", "timestamp": 1634000411272, "tick_direction": 2, "price": 0.006, "mark_price": 0.00676269, "iv": 104.92, "instrument_name": "BTC-31DEC21-160000-C", "index_price": 56920.76, "direction": "sell", "amount": 5.0}, {"trade_seq": 3137, "trade_id": "183900363", "timestamp": 1633993244225, "tick_direction": 3, "price": 0.0065, "mark_price": 0.00708648, "iv": 105.8, "instrument_name": "BTC-31DEC21-160000-C", "index_price": 57156.78, "direction": "sell", "amount": 0.1}, {"trade_seq": 3136, "trade_id": "183900290", "timestamp": 1633993198162, "tick_direction": 3, "price": 0.0065, "mark_price": 0.00709918, "iv": 105.74, "instrument_name": "BTC-31DEC21-160000-C", "index_price": 57188.02, "direction": "sell", "amount": 0.1}, {"trade_seq": 3135, "trade_id": "183900281", "timestamp": 1633993139034, "tick_direction": 2, "price": 0.0065, "mark_price": 0.00709934, "iv": 105.7, "instrument_name": "BTC-31DEC21-160000-C", "index_price": 57213.79, "direction": "sell", "amount": 2.0}, {"trade_seq": 3134, "trade_id": "183900250", "timestamp": 1633993020042, "tick_direction": 2, "price": 0.007, "mark_price": 0.00717961, "iv": 106.97, "instrument_name": "BTC-31DEC21-160000-C", "index_price": 57193.02, "direction": "buy", "amount": 3.0}, {"trade_seq": 3133, "trade_id": "183893771", "timestamp": 1633984592359, "tick_direction": 0, "price": 0.0075, "mark_price": 0.00701627, "iv": 107.95, "instrument_name": "BTC-31DEC21-160000-C", "index_price": 57295.84, "direction": "buy", "amount": 2.3}, {"trade_seq": 3132, "trade_id": "183891901", "timestamp": 1633983568721, "tick_direction": 3, "price": 0.007, "mark_price": 0.00718676, "iv": 106.97, "instrument_name": "BTC-31DEC21-160000-C", "index_price": 57133.63, "direction": "sell", "amount": 19.0}, {"trade_seq": 3131, "trade_id": "183891900", "timestamp": 1633983568721, "tick_direction": 3, "price": 0.007, "mark_price": 0.00718676, "iv": 106.97, "instrument_name": "BTC-31DEC21-160000-C", "index_price": 57133.63, "direction": "sell", "amount": 21.0}, {"trade_seq": 3130, "trade_id": "183878780", "timestamp": 1633978996811, "tick_direction": 3, "price": 0.007, "mark_price": 0.00751309, "iv": 106.45, "instrument_name": "BTC-31DEC21-160000-C", "index_price": 57405.59, "direction": "sell", "amount": 9.8}, {"trade_seq": 3129, "trade_id": "183878779", "timestamp": 1633978996811, "tick_direction": 2, "price": 0.007, "mark_price": 0.00751309, "iv": 106.45, "instrument_name": "BTC-31DEC21-160000-C", "index_price": 57405.59, "direction": "sell", "amount": 0.1}, {"trade_seq": 3128, "trade_id": "183867772", "timestamp": 1633968948048, "tick_direction": 1, "price": 0.0075, "mark_price": 0.0081218, "iv": 107.05, "instrument_name": "BTC-31DEC21-160000-C", "index_price": 57742.53, "direction": "sell", "amount": 3.0}, {"trade_seq": 3127, "trade_id": "183867771", "timestamp": 1633968948048, "tick_direction": 1, "price": 0.0075, "mark_price": 0.0081218, "iv": 107.05, "instrument_name": "BTC-31DEC21-160000-C", "index_price": 57742.53, "direction": "sell", "amount": 30.0}, {"trade_seq": 3126, "trade_id": "183867770", "timestamp": 1633968948048, "tick_direction": 1, "price": 0.0075, "mark_price": 0.0081218, "iv": 107.05, "instrument_name": "BTC-31DEC21-160000-C", "index_price": 57742.53, "direction": "sell", "amount": 2.1}, {"trade_seq": 3125, "trade_id": "183859731", "timestamp": 1633963584051, "tick_direction": 1, "price": 0.0075, "mark_price": 0.008129, "iv": 107.42, "instrument_name": "BTC-31DEC21-160000-C", "index_price": 57496.43, "direction": "sell", "amount": 1.0}, {"trade_seq": 3124, "trade_id": "183859730", "timestamp": 1633963584051, "tick_direction": 0, "price": 0.0075, "mark_price": 0.008129, "iv": 107.42, "instrument_name": "BTC-31DEC21-160000-C", "index_price": 57496.43, "direction": "sell", "amount": 2.2}, {"trade_seq": 3123, "trade_id": "183821499", "timestamp": 1633947036123, "tick_direction": 2, "price": 0.0069, "mark_price": 0.00774922, "iv": 107.33, "instrument_name": "BTC-31DEC21-160000-C", "index_price": 56460.93, "direction": "sell", "block_trade_id": "22628", "amount": 50.0}, {"trade_seq": 3122, "trade_id": "183821214", "timestamp": 1633946651114, "tick_direction": 0, "price": 0.008, "mark_price": 0.00775796, "iv": 109.87, "instrument_name": "BTC-31DEC21-160000-C", "index_price": 56490.35, "direction": "buy", "amount": 0.8}, {"trade_seq": 3121, "trade_id": "183820510", "timestamp": 1633945865807, "tick_direction": 3, "price": 0.0075, "mark_price": 0.0079218, "iv": 108.59, "instrument_name": "BTC-31DEC21-160000-C", "index_price": 56587.41, "direction": "buy", "amount": 0.5}, {"trade_seq": 3120, "trade_id": "183820509", "timestamp": 1633945865804, "tick_direction": 2, "price": 0.0075, "mark_price": 0.0079218, "iv": 108.59, "instrument_name": "BTC-31DEC21-160000-C", "index_price": 56587.41, "direction": "sell", "amount": 0.5}, {"trade_seq": 3119, "trade_id": "183706635", "timestamp": 1633886966398, "tick_direction": 0, "price": 0.008, "mark_price": 0.0075068, "iv": 111.52, "instrument_name": "BTC-31DEC21-160000-C", "index_price": 55163.76, "direction": "buy", "amount": 2.5}, {"trade_seq": 3118, "trade_id": "183701545", "timestamp": 1633881494342, "tick_direction": 2, "price": 0.0075, "mark_price": 0.00739344, "iv": 109.96, "instrument_name": "BTC-31DEC21-160000-C", "index_price": 55401.0, "direction": "sell", "amount": 30.0}, {"trade_seq": 3117, "trade_id": "183609829", "timestamp": 1633802566536, "tick_direction": 1, "price": 0.008, "mark_price": 0.00697724, "iv": 111.29, "instrument_name": "BTC-31DEC21-160000-C", "index_price": 55032.73, "direction": "buy", "amount": 1.0}, {"trade_seq": 3116, "trade_id": "183582566", "timestamp": 1633778674256, "tick_direction": 0, "price": 0.008, "mark_price": 0.00716877, "iv": 111.16, "instrument_name": "BTC-31DEC21-160000-C", "index_price": 54984.1, "direction": "buy", "amount": 10.0}, {"trade_seq": 3115, "trade_id": "183576027", "timestamp": 1633776515287, "tick_direction": 0, "price": 0.0075, "mark_price": 0.00695662, "iv": 110.44, "instrument_name": "BTC-31DEC21-160000-C", "index_price": 54715.88, "direction": "buy", "amount": 0.2}, {"trade_seq": 3114, "trade_id": "183547579", "timestamp": 1633748713191, "tick_direction": 2, "price": 0.0065, "mark_price": 0.00704111, "iv": 108.5, "instrument_name": "BTC-31DEC21-160000-C", "index_price": 54194.46, "direction": "sell", "amount": 5.0}, {"trade_seq": 3113, "trade_id": "183537822", "timestamp": 1633736352969, "tick_direction": 1, "price": 0.0075, "mark_price": 0.00706194, "iv": 111.39, "instrument_name": "BTC-31DEC21-160000-C", "index_price": 53865.96, "direction": "sell", "amount": 0.1}, {"trade_seq": 3112, "trade_id": "183532134", "timestamp": 1633729005260, "tick_direction": 1, "price": 0.0075, "mark_price": 0.00776224, "iv": 110.89, "instrument_name": "BTC-31DEC21-160000-C", "index_price": 54156.05, "direction": "sell", "amount": 0.1}, {"trade_seq": 3111, "trade_id": "183531050", "timestamp": 1633727527094, "tick_direction": 0, "price": 0.0075, "mark_price": 0.00770333, "iv": 111.23, "instrument_name": "BTC-31DEC21-160000-C", "index_price": 53957.56, "direction": "sell", "amount": 0.4}, {"trade_seq": 3110, "trade_id": "183476779", "timestamp": 1633699929579, "tick_direction": 3, "price": 0.007, "mark_price": 0.00744481, "iv": 108.52, "instrument_name": "BTC-31DEC21-160000-C", "index_price": 54793.23, "direction": "sell", "amount": 0.4}, {"trade_seq": 3109, "trade_id": "183466080", "timestamp": 1633695472640, "tick_direction": 2, "price": 0.007, "mark_price": 0.00715996, "iv": 108.43, "instrument_name": "BTC-31DEC21-160000-C", "index_price": 54849.61, "direction": "buy", "amount": 1.0}, {"trade_seq": 3108, "trade_id": "183316095", "timestamp": 1633616462037, "tick_direction": 0, "price": 0.009, "mark_price": 0.00869719, "iv": 112.74, "instrument_name": "BTC-31DEC21-160000-C", "index_price": 54641.03, "direction": "sell", "amount": 0.1}, {"trade_seq": 3107, "trade_id": "183297796", "timestamp": 1633609597039, "tick_direction": 3, "price": 0.008, "mark_price": 0.00835298, "iv": 111.44, "instrument_name": "BTC-31DEC21-160000-C", "index_price": 53987.05, "direction": "sell", "amount": 0.4}, {"trade_seq": 3106, "trade_id": "183297791", "timestamp": 1633609595568, "tick_direction": 3, "price": 0.008, "mark_price": 0.00835138, "iv": 111.44, "instrument_name": "BTC-31DEC21-160000-C", "index_price": 53992.58, "direction": "sell", "amount": 0.5}, {"trade_seq": 3105, "trade_id": "183292821", "timestamp": 1633605668947, "tick_direction": 3, "price": 0.008, "mark_price": 0.0080169, "iv": 111.35, "instrument_name": "BTC-31DEC21-160000-C", "index_price": 54019.89, "direction": "sell", "amount": 0.4}