{"trades": [{"trade_seq": 331, "trade_id": "3189664", "timestamp": 1514022087083, "tick_direction": 3, "price": 0.6235, "mark_price": 0.64708033, "iv": 0.0, "instrument_name": "BTC-29DEC17-5000-C", "index_price": 14501.32, "direction": "buy", "amount": 0.2}, {"trade_seq": 330, "trade_id": "3189659", "timestamp": 1514022086986, "tick_direction": 2, "price": 0.6235, "mark_price": 0.64708033, "iv": 0.0, "instrument_name": "BTC-29DEC17-5000-C", "index_price": 14538.62, "direction": "buy", "amount": 1.0}, {"trade_seq": 329, "trade_id": "2969901", "timestamp": 1513717929244, "tick_direction": 2, "price": 0.7154, "mark_price": 0.71878515, "iv": 0.0, "instrument_name": "BTC-29DEC17-5000-C", "index_price": 17448.72, "direction": "buy", "amount": 2.2}, {"trade_seq": 328, "trade_id": "2850935", "timestamp": 1513557256739, "tick_direction": 0, "price": 0.7346, "mark_price": 0.73724329, "iv": 0.0, "instrument_name": "BTC-29DEC17-5000-C", "index_price": 18615.62, "direction": "sell", "amount": 1.0}, {"trade_seq": 327, "trade_id": "2643159", "timestamp": 1513185128217, "tick_direction": 0, "price": 0.715, "mark_price": 0.71238029, "iv": 299.26, "instrument_name": "BTC-29DEC17-5000-C", "index_price": 16634.27, "direction": "sell", "amount": 0.1}, {"trade_seq": 326, "trade_id": "2169059", "timestamp": 1512634915844, "tick_direction": 0, "price": 0.6567, "mark_price": 0.65735383, "iv": 0.0, "instrument_name": "BTC-29DEC17-5000-C", "index_price": 14550.86, "direction": "buy", "amount": 2.5}, {"trade_seq": 325, "trade_id": "2164361", "timestamp": 1512623713392, "tick_direction": 2, "price": 0.6499, "mark_price": 0.65132467, "iv": 0.0, "instrument_name": "BTC-29DEC17-5000-C", "index_price": 14250.74, "direction": "sell", "amount": 0.2}, {"trade_seq": 324, "trade_id": "2164360", "timestamp": 1512623713392, "tick_direction": 2, "price": 0.6508, "mark_price": 0.65132467, "iv": 0.0, "instrument_name": "BTC-29DEC17-5000-C", "index_price": 14250.74, "direction": "sell", "amount": 0.2}, {"trade_seq": 323, "trade_id": "2164251", "timestamp": 1512623472638, "tick_direction": 0, "price": 0.6519, "mark_price": 0.65215013, "iv": 0.0, "instrument_name": "BTC-29DEC17-5000-C", "index_price": 14319.54, "direction": "sell", "amount": 1.0}, {"trade_seq": 322, "trade_id": "2164194", "timestamp": 1512623334673, "tick_direction": 2, "price": 0.6511, "mark_price": 0.65110692, "iv": 0.0, "instrument_name": "BTC-29DEC17-5000-C", "index_price": 14277.84, "direction": "sell", "amount": 1.0}, {"trade_seq": 321, "trade_id": "2164100", "timestamp": 1512623203085, "tick_direction": 2, "price": 0.6537, "mark_price": 0.65333812, "iv": 166.39, "instrument_name": "BTC-29DEC17-5000-C", "index_price": 14339.27, "direction": "sell", "amount": 0.3}, {"trade_seq": 320, "trade_id": "2164014", "timestamp": 1512623112644, "tick_direction": 0, "price": 0.6539, "mark_price": 0.65365893, "iv": 159.55, "instrument_name": "BTC-29DEC17-5000-C", "index_price": 14318.97, "direction": "buy", "amount": 0.5}, {"trade_seq": 319, "trade_id": "2150283", "timestamp": 1512606146432, "tick_direction": 0, "price": 0.6495, "mark_price": 0.64473186, "iv": 232.76, "instrument_name": "BTC-29DEC17-5000-C", "index_price": 14006.71, "direction": "buy", "amount": 2.5}, {"trade_seq": 318, "trade_id": "2143973", "timestamp": 1512601361297, "tick_direction": 0, "price": 0.633, "mark_price": 0.62490721, "iv": 245.45, "instrument_name": "BTC-29DEC17-5000-C", "index_price": 13685.26, "direction": "sell", "amount": 1.0}, {"trade_seq": 317, "trade_id": "2088159", "timestamp": 1512484630922, "tick_direction": 0, "price": 0.5839, "mark_price": 0.58334977, "iv": 141.21, "instrument_name": "BTC-29DEC17-5000-C", "index_price": 11827.78, "direction": "sell", "amount": 2.5}, {"trade_seq": 316, "trade_id": "2062041", "timestamp": 1512405963082, "tick_direction": 0, "price": 0.5628, "mark_price": 0.56260712, "iv": 118.65, "instrument_name": "BTC-29DEC17-5000-C", "index_price": 11304.03, "direction": "sell", "amount": 0.1}, {"trade_seq": 315, "trade_id": "1941936", "timestamp": 1512165088522, "tick_direction": 0, "price": 0.5601, "mark_price": 0.55076463, "iv": 191.1, "instrument_name": "BTC-29DEC17-5000-C", "index_price": 10920.29, "direction": "sell", "amount": 0.2}, {"trade_seq": 314, "trade_id": "1932093", "timestamp": 1512146171138, "tick_direction": 0, "price": 0.5493, "mark_price": 0.53941652, "iv": 187.46, "instrument_name": "BTC-29DEC17-5000-C", "index_price": 10678.97, "direction": "buy", "amount": 0.3}, {"trade_seq": 313, "trade_id": "1927117", "timestamp": 1512138536635, "tick_direction": 2, "price": 0.546, "mark_price": 0.53644183, "iv": 184.44, "instrument_name": "BTC-29DEC17-5000-C", "index_price": 10687.5, "direction": "buy", "amount": 0.2}, {"trade_seq": 312, "trade_id": "1924635", "timestamp": 1512136706261, "tick_direction": 0, "price": 0.5485, "mark_price": 0.53899444, "iv": 185.27, "instrument_name": "BTC-29DEC17-5000-C", "index_price": 10701.28, "direction": "buy", "amount": 0.1}, {"trade_seq": 311, "trade_id": "1924014", "timestamp": 1512136284909, "tick_direction": 2, "price": 0.5463, "mark_price": 0.53662447, "iv": 184.94, "instrument_name": "BTC-29DEC17-5000-C", "index_price": 10648.8, "direction": "buy", "amount": 0.2}, {"trade_seq": 310, "trade_id": "1923590", "timestamp": 1512135947263, "tick_direction": 0, "price": 0.5472, "mark_price": 0.53757603, "iv": 185.13, "instrument_name": "BTC-29DEC17-5000-C", "index_price": 10556.81, "direction": "buy", "amount": 0.2}, {"trade_seq": 309, "trade_id": "1870667", "timestamp": 1512053853867, "tick_direction": 3, "price": 0.47, "mark_price": 0.47082412, "iv": 0.0, "instrument_name": "BTC-29DEC17-5000-C", "index_price": 9438.16, "direction": "buy", "amount": 2.6}, {"trade_seq": 308, "trade_id": "1870662", "timestamp": 1512053851544, "tick_direction": 2, "price": 0.47, "mark_price": 0.47073288, "iv": 0.0, "instrument_name": "BTC-29DEC17-5000-C", "index_price": 9438.16, "direction": "buy", "amount": 1.5}, {"trade_seq": 307, "trade_id": "1782376", "timestamp": 1511969866028, "tick_direction": 2, "price": 0.5388, "mark_price": 0.54091285, "iv": 0.0, "instrument_name": "BTC-29DEC17-5000-C", "index_price": 10563.88, "direction": "sell", "amount": 0.6}, {"trade_seq": 306, "trade_id": "1771952", "timestamp": 1511962134270, "tick_direction": 0, "price": 0.5539, "mark_price": 0.54800904, "iv": 165.18, "instrument_name": "BTC-29DEC17-5000-C", "index_price": 10908.69, "direction": "sell", "amount": 0.3}, {"trade_seq": 305, "trade_id": "1762186", "timestamp": 1511935314791, "tick_direction": 3, "price": 0.5205, "mark_price": 0.52567792, "iv": 0.0, "instrument_name": "BTC-29DEC17-5000-C", "index_price": 10466.11, "direction": "buy", "amount": 0.4}, {"trade_seq": 304, "trade_id": "1762124", "timestamp": 1511935281812, "tick_direction": 3, "price": 0.5205, "mark_price": 0.51779802, "iv": 132.4, "instrument_name": "BTC-29DEC17-5000-C", "index_price": 9969.51, "direction": "buy", "amount": 2.4}, {"trade_seq": 303, "trade_id": "1762025", "timestamp": 1511935268125, "tick_direction": 2, "price": 0.5205, "mark_price": 0.52448769, "iv": 0.0, "instrument_name": "BTC-29DEC17-5000-C", "index_price": 10110.23, "direction": "buy", "amount": 0.2}, {"trade_seq": 302, "trade_id": "1752528", "timestamp": 1511926454665, "tick_direction": 2, "price": 0.5312, "mark_price": 0.52500992, "iv": 156.49, "instrument_name": "BTC-29DEC17-5000-C", "index_price": 10249.22, "direction": "sell", "amount": 0.2}, {"trade_seq": 301, "trade_id": "1752527", "timestamp": 1511926454637, "tick_direction": 0, "price": 0.5313, "mark_price": 0.52500992, "iv": 157.0, "instrument_name": "BTC-29DEC17-5000-C", "index_price": 10249.22, "direction": "buy", "amount": 0.2}, {"trade_seq": 300, "trade_id": "1742278", "timestamp": 1511880317940, "tick_direction": 0, "price": 0.5019, "mark_price": 0.50141761, "iv": 99.99, "instrument_name": "BTC-29DEC17-5000-C", "index_price": 9899.72, "direction": "sell", "amount": 1.0}, {"trade_seq": 299, "trade_id": "1706410", "timestamp": 1511745860085, "tick_direction": 0, "price": 0.4982, "mark_price": 0.48990126, "iv": 147.85, "instrument_name": "BTC-29DEC17-5000-C", "index_price": 9616.12, "direction": "sell", "amount": 0.2}, {"trade_seq": 298, "trade_id": "1676910", "timestamp": 1511661762997, "tick_direction": 0, "price": 0.4512, "mark_price": 0.44047634, "iv": 137.41, "instrument_name": "BTC-29DEC17-5000-C", "index_price": 8842.35, "direction": "buy", "amount": 1.0}, {"trade_seq": 297, "trade_id": "1667527", "timestamp": 1511615920224, "tick_direction": 0, "price": 0.4222, "mark_price": 0.42806192, "iv": 0.0, "instrument_name": "BTC-29DEC17-5000-C", "index_price": 8610.2, "direction": "buy", "amount": 0.8}, {"trade_seq": 296, "trade_id": "1653289", "timestamp": 1511535047559, "tick_direction": 2, "price": 0.3833, "mark_price": 0.38974669, "iv": 0.0, "instrument_name": "BTC-29DEC17-5000-C", "index_price": 8177.01, "direction": "sell", "amount": 0.9}, {"trade_seq": 295, "trade_id": "1653288", "timestamp": 1511535047559, "tick_direction": 2, "price": 0.3834, "mark_price": 0.38974669, "iv": 0.0, "instrument_name": "BTC-29DEC17-5000-C", "index_price": 8177.01, "direction": "buy", "amount": 0.1}, {"trade_seq": 294, "trade_id": "1649474", "timestamp": 1511513097721, "tick_direction": 2, "price": 0.3886, "mark_price": 0.39495254, "iv": 0.0, "instrument_name": "BTC-29DEC17-5000-C", "index_price": 8278.45, "direction": "sell", "amount": 0.1}, {"trade_seq": 293, "trade_id": "1616589", "timestamp": 1511374767197, "tick_direction": 0, "price": 0.389, "mark_price": 0.38757971, "iv": 99.03, "instrument_name": "BTC-29DEC17-5000-C", "index_price": 8119.82, "direction": "buy", "amount": 0.2}, {"trade_seq": 292, "trade_id": "1599090", "timestamp": 1511303688750, "tick_direction": 2, "price": 0.3829, "mark_price": 0.38730935, "iv": 63.66, "instrument_name": "BTC-29DEC17-5000-C", "index_price": 8057.89, "direction": "buy", "amount": 0.2}, {"trade_seq": 291, "trade_id": "1566768", "timestamp": 1511209997494, "tick_direction": 2, "price": 0.399, "mark_price": 0.40514763, "iv": 0.0, "instrument_name": "BTC-29DEC17-5000-C", "index_price": 8247.42, "direction": "sell", "amount": 0.4}, {"trade_seq": 290, "trade_id": "1562989", "timestamp": 1511189629684, "tick_direction": 2, "price": 0.4179, "mark_price": 0.41102271, "iv": 118.13, "instrument_name": "BTC-29DEC17-5000-C", "index_price": 8217.2, "direction": "sell", "amount": 0.2}, {"trade_seq": 289, "trade_id": "1562761", "timestamp": 1511189235428, "tick_direction": 0, "price": 0.4414, "mark_price": 0.40852446, "iv": 167.69, "instrument_name": "BTC-29DEC17-5000-C", "index_price": 8204.57, "direction": "sell", "amount": 0.1}, {"trade_seq": 288, "trade_id": "1562760", "timestamp": 1511189234661, "tick_direction": 0, "price": 0.4154, "mark_price": 0.40852446, "iv": 117.76, "instrument_name": "BTC-29DEC17-5000-C", "index_price": 8204.57, "direction": "sell", "amount": 0.1}, {"trade_seq": 287, "trade_id": "1562709", "timestamp": 1511188962305, "tick_direction": 2, "price": 0.4126, "mark_price": 0.40746557, "iv": 113.09, "instrument_name": "BTC-29DEC17-5000-C", "index_price": 8199.9, "direction": "sell", "amount": 0.1}, {"trade_seq": 286, "trade_id": "1562644", "timestamp": 1511188521260, "tick_direction": 2, "price": 0.4154, "mark_price": 0.40672809, "iv": 121.82, "instrument_name": "BTC-29DEC17-5000-C", "index_price": 8188.75, "direction": "sell", "amount": 0.5}, {"trade_seq": 285, "trade_id": "1541226", "timestamp": 1511067251734, "tick_direction": 0, "price": 0.4239, "mark_price": 0.37862018, "iv": 173.16, "instrument_name": "BTC-29DEC17-5000-C", "index_price": 7796.42, "direction": "buy", "amount": 0.8}, {"trade_seq": 284, "trade_id": "1490534", "timestamp": 1510878928593, "tick_direction": 0, "price": 0.4, "mark_price": 0.3869577, "iv": 121.12, "instrument_name": "BTC-29DEC17-5000-C", "index_price": 7932.44, "direction": "buy", "amount": 0.5}, {"trade_seq": 283, "trade_id": "1490532", "timestamp": 1510878911698, "tick_direction": 2, "price": 0.3998, "mark_price": 0.3869577, "iv": 120.75, "instrument_name": "BTC-29DEC17-5000-C", "index_price": 7932.42, "direction": "buy", "amount": 0.5}, {"trade_seq": 282, "trade_id": "1487624", "timestamp": 1510870068873, "tick_direction": 0, "price": 0.4, "mark_price": 0.38874, "iv": 117.93, "instrument_name": "BTC-29DEC17-5000-C", "index_price": 7957.7, "direction": "buy", "amount": 0.5}, {"trade_seq": 281, "trade_id": "1487129", "timestamp": 1510868915859, "tick_direction": 0, "price": 0.3956, "mark_price": 0.3811794, "iv": 122.5, "instrument_name": "BTC-29DEC17-5000-C", "index_price": 7861.24, "direction": "buy", "amount": 0.1}, {"trade_seq": 280, "trade_id": "1487124", "timestamp": 1510868901758, "tick_direction": 0, "price": 0.3952, "mark_price": 0.38117966, "iv": 121.78, "instrument_name": "BTC-29DEC17-5000-C", "index_price": 7858.92, "direction": "buy", "amount": 0.1}, {"trade_seq": 279, "trade_id": "1487102", "timestamp": 1510868830424, "tick_direction": 2, "price": 0.3947, "mark_price": 0.38017535, "iv": 122.5, "instrument_name": "BTC-29DEC17-5000-C", "index_price": 7847.91, "direction": "buy", "amount": 0.1}, {"trade_seq": 278, "trade_id": "1487051", "timestamp": 1510868766536, "tick_direction": 2, "price": 0.397, "mark_price": 0.38204459, "iv": 123.61, "instrument_name": "BTC-29DEC17-5000-C", "index_price": 7880.13, "direction": "buy", "amount": 0.1}, {"trade_seq": 277, "trade_id": "1487024", "timestamp": 1510868618541, "tick_direction": 2, "price": 0.3981, "mark_price": 0.38331226, "iv": 123.55, "instrument_name": "BTC-29DEC17-5000-C", "index_price": 7878.12, "direction": "buy", "amount": 0.1}, {"trade_seq": 276, "trade_id": "1487012", "timestamp": 1510868601115, "tick_direction": 0, "price": 0.3985, "mark_price": 0.38360594, "iv": 123.79, "instrument_name": "BTC-29DEC17-5000-C", "index_price": 7878.86, "direction": "buy", "amount": 0.1}, {"trade_seq": 275, "trade_id": "1486991", "timestamp": 1510868530236, "tick_direction": 0, "price": 0.397, "mark_price": 0.38268894, "iv": 122.58, "instrument_name": "BTC-29DEC17-5000-C", "index_price": 7862.41, "direction": "buy", "amount": 0.1}, {"trade_seq": 274, "trade_id": "1486981", "timestamp": 1510868495683, "tick_direction": 2, "price": 0.3969, "mark_price": 0.38263199, "iv": 122.49, "instrument_name": "BTC-29DEC17-5000-C", "index_price": 7861.37, "direction": "buy", "amount": 0.1}, {"trade_seq": 273, "trade_id": "1486911", "timestamp": 1510868381294, "tick_direction": 0, "price": 0.3975, "mark_price": 0.38348237, "iv": 122.19, "instrument_name": "BTC-29DEC17-5000-C", "index_price": 7871.96, "direction": "buy", "amount": 0.1}, {"trade_seq": 272, "trade_id": "1482218", "timestamp": 1510856551639, "tick_direction": 0, "price": 0.3875, "mark_price": 0.37185608, "iv": 122.82, "instrument_name": "BTC-29DEC17-5000-C", "index_price": 7765.13, "direction": "buy", "amount": 0.1}, {"trade_seq": 271, "trade_id": "1433459", "timestamp": 1510661470310, "tick_direction": 0, "price": 0.2369, "mark_price": 0.25198193, "iv": 73.35, "instrument_name": "BTC-29DEC17-5000-C", "index_price": 6498.22, "direction": "sell", "amount": 1.0}, {"trade_seq": 270, "trade_id": "1382566", "timestamp": 1510520309714, "tick_direction": 2, "price": 0.1996, "mark_price": null, "iv": 77.56, "instrument_name": "BTC-29DEC17-5000-C", "index_price": 5943.01, "direction": "sell", "amount": 0.2}, {"trade_seq": 269, "trade_id": "1382565", "timestamp": 1510520309714, "tick_direction": 2, "price": 0.1998, "mark_price": null, "iv": 77.75, "instrument_name": "BTC-29DEC17-5000-C", "index_price": 5943.01, "direction": "sell", "amount": 1.3}, {"trade_seq": 268, "trade_id": "1382335", "timestamp": 1510520190977, "tick_direction": 2, "price": 0.2104, "mark_price": null, "iv": 83.24, "instrument_name": "BTC-29DEC17-5000-C", "index_price": 5992.54, "direction": "sell", "amount": 1.0}, {"trade_seq": 267, "trade_id": "1352119", "timestamp": 1510467434911, "tick_direction": 2, "price": 0.2156, "mark_price": null, "iv": 113.34, "instrument_name": "BTC-29DEC17-5000-C", "index_price": 5642.78, "direction": "sell", "amount": 0.1}, {"trade_seq": 266, "trade_id": "1351797", "timestamp": 1510466949453, "tick_direction": 0, "price": 0.2275, "mark_price": null, "iv": 113.6, "instrument_name": "BTC-29DEC17-5000-C", "index_price": 5780.35, "direction": "buy", "amount": 0.1}, {"trade_seq": 265, "trade_id": "1351795", "timestamp": 1510466948528, "tick_direction": 0, "price": 0.2274, "mark_price": null, "iv": 89.56, "instrument_name": "BTC-29DEC17-5000-C", "index_price": 6097.04, "direction": "sell", "amount": 1.8}, {"trade_seq": 264, "trade_id": "1351742", "timestamp": 1510466917326, "tick_direction": 0, "price": 0.2263, "mark_price": null, "iv": 115.13, "instrument_name": "BTC-29DEC17-5000-C", "index_price": 5743.48, "direction": "sell", "amount": 0.1}, {"trade_seq": 263, "trade_id": "1350327", "timestamp": 1510464397550, "tick_direction": 2, "price": 0.2156, "mark_price": null, "iv": 103.0, "instrument_name": "BTC-29DEC17-5000-C", "index_price": 5791.62, "direction": "sell", "amount": 0.1}, {"trade_seq": 262, "trade_id": "1349778", "timestamp": 1510464035450, "tick_direction": 2, "price": 0.2224, "mark_price": null, "iv": 104.78, "instrument_name": "BTC-29DEC17-5000-C", "index_price": 5845.38, "direction": "sell", "amount": 0.1}, {"trade_seq": 261, "trade_id": "1307489", "timestamp": 1510341957241, "tick_direction": 2, "price": 0.2396, "mark_price": null, "iv": 0.0, "instrument_name": "BTC-29DEC17-5000-C", "index_price": 6603.8, "direction": "buy", "amount": 0.1}, {"trade_seq": 260, "trade_id": "1305587", "timestamp": 1510338427864, "tick_direction": 2, "price": 0.285, "mark_price": null, "iv": 101.8, "instrument_name": "BTC-29DEC17-5000-C", "index_price": 6605.23, "direction": "sell", "amount": 1.0}, {"trade_seq": 259, "trade_id": "1295676", "timestamp": 1510299407793, "tick_direction": 2, "price": 0.3265, "mark_price": null, "iv": 93.94, "instrument_name": "BTC-29DEC17-5000-C", "index_price": 7197.74, "direction": "sell", "amount": 0.1}, {"trade_seq": 258, "trade_id": "1272671", "timestamp": 1510165416045, "tick_direction": 0, "price": 0.3584, "mark_price": null, "iv": 98.99, "instrument_name": "BTC-29DEC17-5000-C", "index_price": 7564.33, "direction": "buy", "amount": 1.0}, {"trade_seq": 257, "trade_id": "1268666", "timestamp": 1510162330489, "tick_direction": 1, "price": 0.35, "mark_price": null, "iv": 0.0, "instrument_name": "BTC-29DEC17-5000-C", "index_price": 7866.65, "direction": "buy", "amount": 0.5}, {"trade_seq": 256, "trade_id": "1268534", "timestamp": 1510162169627, "tick_direction": 1, "price": 0.35, "mark_price": null, "iv": 0.0, "instrument_name": "BTC-29DEC17-5000-C", "index_price": 7821.58, "direction": "buy", "amount": 1.5}, {"trade_seq": 255, "trade_id": "1268497", "timestamp": 1510162125361, "tick_direction": 1, "price": 0.35, "mark_price": null, "iv": 0.0, "instrument_name": "BTC-29DEC17-5000-C", "index_price": 7804.62, "direction": "buy", "amount": 1.5}, {"trade_seq": 254, "trade_id": "1268269", "timestamp": 1510162006735, "tick_direction": 0, "price": 0.35, "mark_price": null, "iv": 0.0, "instrument_name": "BTC-29DEC17-5000-C", "index_price": 7761.26, "direction": "buy", "amount": 1.5}, {"trade_seq": 253, "trade_id": "1265043", "timestamp": 1510151772869, "tick_direction": 1, "price": 0.32, "mark_price": null, "iv": 0.0, "instrument_name": "BTC-29DEC17-5000-C", "index_price": 7520.22, "direction": "buy", "amount": 2.7}, {"trade_seq": 252, "trade_id": "1227513", "timestamp": 1509912133784, "tick_direction": 1, "price": 0.32, "mark_price": null, "iv": 0.0, "instrument_name": "BTC-29DEC17-5000-C", "index_price": 7572.98, "direction": "buy", "amount": 0.2}, {"trade_seq": 251, "trade_id": "1224885", "timestamp": 1509892935536, "tick_direction": 1, "price": 0.32, "mark_price": null, "iv": 0.0, "instrument_name": "BTC-29DEC17-5000-C", "index_price": 7584.01, "direction": "buy", "amount": 0.5}, {"trade_seq": 250, "trade_id": "1224875", "timestamp": 1509892928723, "tick_direction": 1, "price": 0.32, "mark_price": null, "iv": 0.0, "instrument_name": "BTC-29DEC17-5000-C", "index_price": 7584.01, "direction": "buy", "amount": 1.1}, {"trade_seq": 249, "trade_id": "1222712", "timestamp": 1509884080457, "tick_direction": 0, "price": 0.32, "mark_price": null, "iv": 0.0, "instrument_name": "BTC-29DEC17-5000-C", "index_price": 7555.98, "direction": "buy", "amount": 0.5}, {"trade_seq": 248, "trade_id": "1212659", "timestamp": 1509826748809, "tick_direction": 1, "price": 0.3067, "mark_price": null, "iv": 0.0, "instrument_name": "BTC-29DEC17-5000-C", "index_price": 7500.3, "direction": "buy", "amount": 0.5}, {"trade_seq": 247, "trade_id": "1212658", "timestamp": 1509826746678, "tick_direction": 0, "price": 0.3067, "mark_price": null, "iv": 0.0, "instrument_name": "BTC-29DEC17-5000-C", "index_price": 7500.3, "direction": "buy", "amount": 0.5}, {"trade_seq": 246, "trade_id": "1212623", "timestamp": 1509826695763, "tick_direction": 2, "price": 0.3066, "mark_price": null, "iv": 0.0, "instrument_name": "BTC-29DEC17-5000-C", "index_price": 7501.37, "direction": "buy", "amount": 0.5}, {"trade_seq": 245, "trade_id": "1212615", "timestamp": 1509826683220, "tick_direction": 3, "price": 0.3067, "mark_price": null, "iv": 0.0, "instrument_name": "BTC-29DEC17-5000-C", "index_price": 7498.9, "direction": "buy", "amount": 0.5}, {"trade_seq": 244, "trade_id": "1212582", "timestamp": 1509826667805, "tick_direction": 2, "price": 0.3067, "mark_price": null, "iv": 0.0, "instrument_name": "BTC-29DEC17-5000-C", "index_price": 7499.59, "direction": "buy", "amount": 0.5}, {"trade_seq": 243, "trade_id": "1212559", "timestamp": 1509826634167, "tick_direction": 3, "price": 0.3068, "mark_price": null, "iv": 0.0, "instrument_name": "BTC-29DEC17-5000-C", "index_price": 7496.3, "direction": "buy", "amount": 0.5}, {"trade_seq": 242, "trade_id": "1212558", "timestamp": 1509826631945, "tick_direction": 2, "price": 0.3068, "mark_price": null, "iv": 0.0, "instrument_name": "BTC-29DEC17-5000-C", "index_price": 7496.3, "direction": "buy", "amount": 0.5}, {"trade_seq": 241, "trade_id": "1212543", "timestamp": 1509826614446, "tick_direction": 3, "price": 0.3069, "mark_price": null, "iv": 0.0, "instrument_name": "BTC-29DEC17-5000-C", "index_price": 7495.49, "direction": "buy", "amount": 0.5}, {"trade_seq": 240, "trade_id": "1212540", "timestamp": 1509826609296, "tick_direction": 2, "price": 0.3069, "mark_price": null, "iv": 0.0, "instrument_name": "BTC-29DEC17-5000-C", "index_price": 7494.29, "direction": "buy", "amount": 0.5}, {"trade_seq": 239, "trade_id": "1212528", "timestamp": 1509826598508, "tick_direction": 2, "price": 0.307, "mark_price": null, "iv": 0.0, "instrument_name": "BTC-29DEC17-5000-C", "index_price": 7492.47, "direction": "buy", "amount": 0.5}, {"trade_seq": 238, "trade_id": "1212494", "timestamp": 1509826575753, "tick_direction": 2, "price": 0.3071, "mark_price": null, "iv": 0.0, "instrument_name": "BTC-29DEC17-5000-C", "index_price": 7488.75, "direction": "buy", "amount": 0.5}, {"trade_seq": 237, "trade_id": "1212488", "timestamp": 1509826569482, "tick_direction": 2, "price": 0.3072, "mark_price": null, "iv": 0.0, "instrument_name": "BTC-29DEC17-5000-C", "index_price": 7486.03, "direction": "buy", "amount": 0.5}, {"trade_seq": 236, "trade_id": "1212479", "timestamp": 1509826565079, "tick_direction": 2, "price": 0.3073, "mark_price": null, "iv": 0.0, "instrument_name": "BTC-29DEC17-5000-C", "index_price": 7485.22, "direction": "buy", "amount": 0.5}, {"trade_seq": 235, "trade_id": "1212460", "timestamp": 1509826561878, "tick_direction": 2, "price": 0.3076, "mark_price": null, "iv": 0.0, "instrument_name": "BTC-29DEC17-5000-C", "index_price": 7477.59, "direction": "buy", "amount": 0.5}, {"trade_seq": 234, "trade_id": "1212320", "timestamp": 1509826536003, "tick_direction": 2, "price": 0.3082, "mark_price": null, "iv": 0.0, "instrument_name": "BTC-29DEC17-5000-C", "index_price": 7462.41, "direction": "buy", "amount": 0.5}, {"trade_seq": 233, "trade_id": "1212303", "timestamp": 1509826527093, "tick_direction": 2, "price": 0.3083, "mark_price": null, "iv": 0.0, "instrument_name": "BTC-29DEC17-5000-C", "index_price": 7459.99, "direction": "buy", "amount": 0.5}, {"trade_seq": 232, "trade_id": "1208772", "timestamp": 1509806402952, "tick_direction": 2, "price": 0.3133, "mark_price": null, "iv": 0.0, "instrument_name": "BTC-29DEC17-5000-C", "index_price": 7341.34, "direction": "buy", "amount": 1.0}, {"trade_seq": 231, "trade_id": "1208767", "timestamp": 1509806345337, "tick_direction": 0, "price": 0.3135, "mark_price": null, "iv": 0.0, "instrument_name": "BTC-29DEC17-5000-C", "index_price": 7337.5, "direction": "buy", "amount": 1.0}, {"trade_seq": 230, "trade_id": "1193001", "timestamp": 1509720720628, "tick_direction": 2, "price": 0.279, "mark_price": null, "iv": 0.0, "instrument_name": "BTC-29DEC17-5000-C", "index_price": 7286.55, "direction": "sell", "amount": 0.2}, {"trade_seq": 229, "trade_id": "1188178", "timestamp": 1509698495987, "tick_direction": 2, "price": 0.2837, "mark_price": null, "iv": 0.0, "instrument_name": "BTC-29DEC17-5000-C", "index_price": 7401.69, "direction": "buy", "amount": 0.7}, {"trade_seq": 228, "trade_id": "1188159", "timestamp": 1509698438414, "tick_direction": 3, "price": 0.2838, "mark_price": null, "iv": 0.0, "instrument_name": "BTC-29DEC17-5000-C", "index_price": 7400.11, "direction": "buy", "amount": 0.3}, {"trade_seq": 227, "trade_id": "1188158", "timestamp": 1509698438414, "tick_direction": 3, "price": 0.2838, "mark_price": null, "iv": 0.0, "instrument_name": "BTC-29DEC17-5000-C", "index_price": 7400.11, "direction": "buy", "amount": 0.2}, {"trade_seq": 226, "trade_id": "1188139", "timestamp": 1509698423570, "tick_direction": 2, "price": 0.2838, "mark_price": null, "iv": 0.0, "instrument_name": "BTC-29DEC17-5000-C", "index_price": 7400.11, "direction": "buy", "amount": 0.5}, {"trade_seq": 225, "trade_id": "1188098", "timestamp": 1509698395040, "tick_direction": 3, "price": 0.2839, "mark_price": null, "iv": 0.0, "instrument_name": "BTC-29DEC17-5000-C", "index_price": 7397.32, "direction": "buy", "amount": 0.5}, {"trade_seq": 224, "trade_id": "1188088", "timestamp": 1509698390843, "tick_direction": 2, "price": 0.2839, "mark_price": null, "iv": 0.0, "instrument_name": "BTC-29DEC17-5000-C", "index_price": 7396.24, "direction": "buy", "amount": 0.5}, {"trade_seq": 223, "trade_id": "1188016", "timestamp": 1509698342937, "tick_direction": 3, "price": 0.2841, "mark_price": null, "iv": 0.0, "instrument_name": "BTC-29DEC17-5000-C", "index_price": 7392.98, "direction": "buy", "amount": 0.5}, {"trade_seq": 222, "trade_id": "1187991", "timestamp": 1509698289421, "tick_direction": 3, "price": 0.2841, "mark_price": null, "iv": 0.0, "instrument_name": "BTC-29DEC17-5000-C", "index_price": 7391.03, "direction": "buy", "amount": 0.5}, {"trade_seq": 221, "trade_id": "1187978", "timestamp": 1509698264377, "tick_direction": 2, "price": 0.2841, "mark_price": null, "iv": 0.0, "instrument_name": "BTC-29DEC17-5000-C", "index_price": 7391.45, "direction": "buy", "amount": 0.5}, {"trade_seq": 220, "trade_id": "1187926", "timestamp": 1509698228988, "tick_direction": 3, "price": 0.2849, "mark_price": null, "iv": 0.0, "instrument_name": "BTC-29DEC17-5000-C", "index_price": 7370.17, "direction": "buy", "amount": 0.5}, {"trade_seq": 219, "trade_id": "1187906", "timestamp": 1509698218508, "tick_direction": 2, "price": 0.2849, "mark_price": null, "iv": 0.0, "instrument_name": "BTC-29DEC17-5000-C", "index_price": 7370.37, "direction": "buy", "amount": 0.5}, {"trade_seq": 218, "trade_id": "1187868", "timestamp": 1509698183788, "tick_direction": 3, "price": 0.2852, "mark_price": null, "iv": 0.0, "instrument_name": "BTC-29DEC17-5000-C", "index_price": 7363.36, "direction": "buy", "amount": 0.5}, {"trade_seq": 217, "trade_id": "1187836", "timestamp": 1509698182061, "tick_direction": 2, "price": 0.2852, "mark_price": null, "iv": 0.0, "instrument_name": "BTC-29DEC17-5000-C", "index_price": 7363.36, "direction": "buy", "amount": 0.5}, {"trade_seq": 216, "trade_id": "1187821", "timestamp": 1509698171621, "tick_direction": 2, "price": 0.2853, "mark_price": null, "iv": 0.0, "instrument_name": "BTC-29DEC17-5000-C", "index_price": 7360.1, "direction": "buy", "amount": 0.5}, {"trade_seq": 215, "trade_id": "1187736", "timestamp": 1509698162675, "tick_direction": 2, "price": 0.2854, "mark_price": null, "iv": 0.0, "instrument_name": "BTC-29DEC17-5000-C", "index_price": 7358.76, "direction": "buy", "amount": 0.5}, {"trade_seq": 214, "trade_id": "1187662", "timestamp": 1509698127312, "tick_direction": 2, "price": 0.2861, "mark_price": null, "iv": 0.0, "instrument_name": "BTC-29DEC17-5000-C", "index_price": 7340.47, "direction": "buy", "amount": 0.5}, {"trade_seq": 213, "trade_id": "1187654", "timestamp": 1509698112756, "tick_direction": 2, "price": 0.2862, "mark_price": null, "iv": 0.0, "instrument_name": "BTC-29DEC17-5000-C", "index_price": 7337.17, "direction": "buy", "amount": 0.5}, {"trade_seq": 212, "trade_id": "1187359", "timestamp": 1509696774282, "tick_direction": 0, "price": 0.2874, "mark_price": null, "iv": 0.0, "instrument_name": "BTC-29DEC17-5000-C", "index_price": 7305.82, "direction": "buy", "amount": 0.8}, {"trade_seq": 211, "trade_id": "1186927", "timestamp": 1509694979888, "tick_direction": 2, "price": 0.2868, "mark_price": null, "iv": 0.0, "instrument_name": "BTC-29DEC17-5000-C", "index_price": 7322.95, "direction": "buy", "amount": 1.0}, {"trade_seq": 210, "trade_id": "1186915", "timestamp": 1509694968773, "tick_direction": 2, "price": 0.287, "mark_price": null, "iv": 0.0, "instrument_name": "BTC-29DEC17-5000-C", "index_price": 7315.9, "direction": "buy", "amount": 1.0}, {"trade_seq": 209, "trade_id": "1185927", "timestamp": 1509690951202, "tick_direction": 0, "price": 0.2883, "mark_price": null, "iv": 0.0, "instrument_name": "BTC-29DEC17-5000-C", "index_price": 7258.29, "direction": "buy", "amount": 4.0}, {"trade_seq": 208, "trade_id": "1178267", "timestamp": 1509640553794, "tick_direction": 1, "price": 0.2699, "mark_price": null, "iv": 0.0, "instrument_name": "BTC-29DEC17-5000-C", "index_price": 7040.2, "direction": "buy", "amount": 10.0}, {"trade_seq": 207, "trade_id": "1178266", "timestamp": 1509640553794, "tick_direction": 0, "price": 0.2699, "mark_price": null, "iv": 0.0, "instrument_name": "BTC-29DEC17-5000-C", "index_price": 7040.2, "direction": "buy", "amount": 1.0}, {"trade_seq": 206, "trade_id": "1178196", "timestamp": 1509640066878, "tick_direction": 2, "price": 0.2414, "mark_price": null, "iv": 0.0, "instrument_name": "BTC-29DEC17-5000-C", "index_price": 7041.02, "direction": "buy", "amount": 1.7}, {"trade_seq": 205, "trade_id": "1178133", "timestamp": 1509639964367, "tick_direction": 0, "price": 0.2415, "mark_price": null, "iv": 0.0, "instrument_name": "BTC-29DEC17-5000-C", "index_price": 7038.28, "direction": "buy", "amount": 1.0}, {"trade_seq": 204, "trade_id": "1178059", "timestamp": 1509639306638, "tick_direction": 0, "price": 0.2406, "mark_price": null, "iv": 0.0, "instrument_name": "BTC-29DEC17-5000-C", "index_price": 7064.87, "direction": "buy", "amount": 0.1}, {"trade_seq": 203, "trade_id": "1177913", "timestamp": 1509638257791, "tick_direction": 2, "price": 0.2401, "mark_price": null, "iv": 0.0, "instrument_name": "BTC-29DEC17-5000-C", "index_price": 7079.39, "direction": "buy", "amount": 1.0}, {"trade_seq": 202, "trade_id": "1177706", "timestamp": 1509635981682, "tick_direction": 3, "price": 0.2406, "mark_price": null, "iv": 0.0, "instrument_name": "BTC-29DEC17-5000-C", "index_price": 7064.24, "direction": "buy", "amount": 0.2}, {"trade_seq": 201, "trade_id": "1177640", "timestamp": 1509635402589, "tick_direction": 2, "price": 0.2406, "mark_price": null, "iv": 0.0, "instrument_name": "BTC-29DEC17-5000-C", "index_price": 7065.64, "direction": "buy", "amount": 1.3}, {"trade_seq": 200, "trade_id": "1177613", "timestamp": 1509635081161, "tick_direction": 1, "price": 0.2415, "mark_price": null, "iv": 0.0, "instrument_name": "BTC-29DEC17-5000-C", "index_price": 7040.61, "direction": "buy", "amount": 0.2}, {"trade_seq": 199, "trade_id": "1177612", "timestamp": 1509635073980, "tick_direction": 0, "price": 0.2415, "mark_price": null, "iv": 0.0, "instrument_name": "BTC-29DEC17-5000-C", "index_price": 7039.79, "direction": "buy", "amount": 1.4}, {"trade_seq": 198, "trade_id": "1177375", "timestamp": 1509633981171, "tick_direction": 1, "price": 0.2407, "mark_price": null, "iv": 0.0, "instrument_name": "BTC-29DEC17-5000-C", "index_price": 7062.84, "direction": "buy", "amount": 0.1}, {"trade_seq": 197, "trade_id": "1177374", "timestamp": 1509633981171, "tick_direction": 0, "price": 0.2407, "mark_price": null, "iv": 0.0, "instrument_name": "BTC-29DEC17-5000-C", "index_price": 7062.84, "direction": "buy", "amount": 0.9}, {"trade_seq": 196, "trade_id": "1176987", "timestamp": 1509631803091, "tick_direction": 0, "price": 0.2387, "mark_price": null, "iv": 0.0, "instrument_name": "BTC-29DEC17-5000-C", "index_price": 7122.25, "direction": "buy", "amount": 0.1}, {"trade_seq": 195, "trade_id": "1176817", "timestamp": 1509630476620, "tick_direction": 3, "price": 0.2371, "mark_price": null, "iv": 0.0, "instrument_name": "BTC-29DEC17-5000-C", "index_price": 7169.62, "direction": "buy", "amount": 1.5}, {"trade_seq": 194, "trade_id": "1176815", "timestamp": 1509630475841, "tick_direction": 2, "price": 0.2371, "mark_price": null, "iv": 0.0, "instrument_name": "BTC-29DEC17-5000-C", "index_price": 7169.62, "direction": "buy", "amount": 1.5}, {"trade_seq": 193, "trade_id": "1170437", "timestamp": 1509609809862, "tick_direction": 1, "price": 0.26, "mark_price": null, "iv": 0.0, "instrument_name": "BTC-29DEC17-5000-C", "index_price": 6938.68, "direction": "buy", "amount": 0.1}, {"trade_seq": 192, "trade_id": "1166605", "timestamp": 1509588670773, "tick_direction": 0, "price": 0.26, "mark_price": null, "iv": 0.0, "instrument_name": "BTC-29DEC17-5000-C", "index_price": 6784.28, "direction": "buy", "amount": 0.9}, {"trade_seq": 191, "trade_id": "1166604", "timestamp": 1509588670773, "tick_direction": 0, "price": 0.258, "mark_price": null, "iv": 0.0, "instrument_name": "BTC-29DEC17-5000-C", "index_price": 6784.28, "direction": "buy", "amount": 0.1}, {"trade_seq": 190, "trade_id": "1166603", "timestamp": 1509588670773, "tick_direction": 0, "price": 0.2578, "mark_price": null, "iv": 0.0, "instrument_name": "BTC-29DEC17-5000-C", "index_price": 6784.28, "direction": "buy", "amount": 1.1}, {"trade_seq": 189, "trade_id": "1166344", "timestamp": 1509587981154, "tick_direction": 0, "price": 0.2577, "mark_price": null, "iv": 0.0, "instrument_name": "BTC-29DEC17-5000-C", "index_price": 6826.65, "direction": "sell", "amount": 1.5}, {"trade_seq": 188, "trade_id": "1166028", "timestamp": 1509586705938, "tick_direction": 2, "price": 0.1549, "mark_price": null, "iv": 0.0, "instrument_name": "BTC-29DEC17-5000-C", "index_price": 6902.38, "direction": "buy", "amount": 0.3}, {"trade_seq": 187, "trade_id": "1164407", "timestamp": 1509580252802, "tick_direction": 0, "price": 0.2608, "mark_price": null, "iv": 43.13, "instrument_name": "BTC-29DEC17-5000-C", "index_price": 6742.36, "direction": "buy", "amount": 0.1}, {"trade_seq": 186, "trade_id": "1161178", "timestamp": 1509557074580, "tick_direction": 2, "price": 0.245, "mark_price": null, "iv": 32.69, "instrument_name": "BTC-29DEC17-5000-C", "index_price": 6617.07, "direction": "sell", "amount": 1.0}, {"trade_seq": 185, "trade_id": "1159115", "timestamp": 1509542739066, "tick_direction": 1, "price": 0.2503, "mark_price": null, "iv": 65.06, "instrument_name": "BTC-29DEC17-5000-C", "index_price": 6512.47, "direction": "sell", "amount": 0.2}, {"trade_seq": 184, "trade_id": "1159093", "timestamp": 1509542184976, "tick_direction": 0, "price": 0.2503, "mark_price": null, "iv": 64.19, "instrument_name": "BTC-29DEC17-5000-C", "index_price": 6519.8, "direction": "sell", "amount": 0.2}, {"trade_seq": 183, "trade_id": "1158775", "timestamp": 1509539497271, "tick_direction": 2, "price": 0.2302, "mark_price": null, "iv": 0.0, "instrument_name": "BTC-29DEC17-5000-C", "index_price": 6497.58, "direction": "sell", "amount": 1.0}, {"trade_seq": 182, "trade_id": "1144472", "timestamp": 1509462065944, "tick_direction": 0, "price": 0.2531, "mark_price": null, "iv": 81.75, "instrument_name": "BTC-29DEC17-5000-C", "index_price": 6363.99, "direction": "buy", "amount": 0.1}, {"trade_seq": 181, "trade_id": "1108000", "timestamp": 1509186594971, "tick_direction": 2, "price": 0.1858, "mark_price": null, "iv": 69.05, "instrument_name": "BTC-29DEC17-5000-C", "index_price": 5775.93, "direction": "sell", "amount": 0.8}, {"trade_seq": 180, "trade_id": "1107999", "timestamp": 1509186594971, "tick_direction": 2, "price": 0.1871, "mark_price": null, "iv": 70.02, "instrument_name": "BTC-29DEC17-5000-C", "index_price": 5775.93, "direction": "sell", "amount": 0.1}, {"trade_seq": 179, "trade_id": "1107998", "timestamp": 1509186594971, "tick_direction": 2, "price": 0.1872, "mark_price": null, "iv": 70.1, "instrument_name": "BTC-29DEC17-5000-C", "index_price": 5775.93, "direction": "sell", "amount": 1.3}, {"trade_seq": 178, "trade_id": "1106171", "timestamp": 1509153848033, "tick_direction": 0, "price": 0.22, "mark_price": null, "iv": 88.16, "instrument_name": "BTC-29DEC17-5000-C", "index_price": 5864.59, "direction": "buy", "amount": 0.1}, {"trade_seq": 177, "trade_id": "1104408", "timestamp": 1509133547427, "tick_direction": 2, "price": 0.1977, "mark_price": null, "iv": 78.04, "instrument_name": "BTC-29DEC17-5000-C", "index_price": 5767.73, "direction": "sell", "amount": 1.0}, {"trade_seq": 176, "trade_id": "1103497", "timestamp": 1509127163142, "tick_direction": 2, "price": 0.1995, "mark_price": null, "iv": 81.64, "instrument_name": "BTC-29DEC17-5000-C", "index_price": 5731.78, "direction": "sell", "amount": 0.5}, {"trade_seq": 175, "trade_id": "1101422", "timestamp": 1509111507612, "tick_direction": 2, "price": 0.21, "mark_price": null, "iv": 90.36, "instrument_name": "BTC-29DEC17-5000-C", "index_price": 5709.0, "direction": "sell", "amount": 0.5}, {"trade_seq": 174, "trade_id": "1101359", "timestamp": 1509111416184, "tick_direction": 2, "price": 0.2159, "mark_price": null, "iv": 93.84, "instrument_name": "BTC-29DEC17-5000-C", "index_price": 5719.6, "direction": "buy", "amount": 0.2}, {"trade_seq": 173, "trade_id": "1101252", "timestamp": 1509110874654, "tick_direction": 2, "price": 0.2187, "mark_price": null, "iv": 94.6, "instrument_name": "BTC-29DEC17-5000-C", "index_price": 5739.67, "direction": "buy", "amount": 1.3}, {"trade_seq": 172, "trade_id": "1095845", "timestamp": 1509060548636, "tick_direction": 0, "price": 0.2357, "mark_price": null, "iv": 96.57, "instrument_name": "BTC-29DEC17-5000-C", "index_price": 5900.8, "direction": "buy", "amount": 1.3}, {"trade_seq": 171, "trade_id": "1075905", "timestamp": 1508920431366, "tick_direction": 0, "price": 0.2217, "mark_price": null, "iv": 100.97, "instrument_name": "BTC-29DEC17-5000-C", "index_price": 5635.74, "direction": "buy", "amount": 0.1}, {"trade_seq": 170, "trade_id": "1064072", "timestamp": 1508848994192, "tick_direction": 2, "price": 0.1581, "mark_price": null, "iv": 56.75, "instrument_name": "BTC-29DEC17-5000-C", "index_price": 5639.02, "direction": "sell", "amount": 0.5}, {"trade_seq": 169, "trade_id": "1062510", "timestamp": 1508837866695, "tick_direction": 0, "price": 0.2348, "mark_price": null, "iv": 107.81, "instrument_name": "BTC-29DEC17-5000-C", "index_price": 5657.04, "direction": "buy", "amount": 0.1}, {"trade_seq": 168, "trade_id": "1059520", "timestamp": 1508820803130, "tick_direction": 0, "price": 0.2236, "mark_price": null, "iv": 103.86, "instrument_name": "BTC-29DEC17-5000-C", "index_price": 5589.58, "direction": "sell", "amount": 0.1}, {"trade_seq": 167, "trade_id": "1059503", "timestamp": 1508820747773, "tick_direction": 0, "price": 0.2234, "mark_price": null, "iv": 103.35, "instrument_name": "BTC-29DEC17-5000-C", "index_price": 5596.52, "direction": "sell", "amount": 0.1}, {"trade_seq": 166, "trade_id": "1059501", "timestamp": 1508820731469, "tick_direction": 0, "price": 0.2233, "mark_price": null, "iv": 103.06, "instrument_name": "BTC-29DEC17-5000-C", "index_price": 5600.71, "direction": "sell", "amount": 0.1}, {"trade_seq": 165, "trade_id": "1059497", "timestamp": 1508820719668, "tick_direction": 2, "price": 0.2232, "mark_price": null, "iv": 103.06, "instrument_name": "BTC-29DEC17-5000-C", "index_price": 5599.45, "direction": "sell", "amount": 0.1}, {"trade_seq": 164, "trade_id": "1059477", "timestamp": 1508820619342, "tick_direction": 2, "price": 0.2233, "mark_price": null, "iv": 103.17, "instrument_name": "BTC-29DEC17-5000-C", "index_price": 5598.57, "direction": "sell", "amount": 0.1}, {"trade_seq": 163, "trade_id": "1059465", "timestamp": 1508820573920, "tick_direction": 0, "price": 0.2261, "mark_price": null, "iv": 105.06, "instrument_name": "BTC-29DEC17-5000-C", "index_price": 5597.77, "direction": "buy", "amount": 1.0}, {"trade_seq": 162, "trade_id": "1059341", "timestamp": 1508820317198, "tick_direction": 0, "price": 0.2221, "mark_price": null, "iv": 100.74, "instrument_name": "BTC-29DEC17-5000-C", "index_price": 5628.49, "direction": "sell", "amount": 0.1}, {"trade_seq": 161, "trade_id": "1059295", "timestamp": 1508819985417, "tick_direction": 0, "price": 0.222, "mark_price": null, "iv": 100.54, "instrument_name": "BTC-29DEC17-5000-C", "index_price": 5631.01, "direction": "sell", "amount": 0.1}, {"trade_seq": 160, "trade_id": "1059294", "timestamp": 1508819981346, "tick_direction": 0, "price": 0.2218, "mark_price": null, "iv": 99.64, "instrument_name": "BTC-29DEC17-5000-C", "index_price": 5644.81, "direction": "sell", "amount": 0.1}, {"trade_seq": 159, "trade_id": "1059287", "timestamp": 1508819958863, "tick_direction": 0, "price": 0.2217, "mark_price": null, "iv": 99.98, "instrument_name": "BTC-29DEC17-5000-C", "index_price": 5637.43, "direction": "sell", "amount": 0.2}, {"trade_seq": 158, "trade_id": "1054943", "timestamp": 1508808142917, "tick_direction": 2, "price": 0.2052, "mark_price": null, "iv": 84.98, "instrument_name": "BTC-29DEC17-5000-C", "index_price": 5703.53, "direction": "sell", "amount": 0.1}, {"trade_seq": 157, "trade_id": "1051424", "timestamp": 1508797137356, "tick_direction": 2, "price": 0.2359, "mark_price": null, "iv": 98.63, "instrument_name": "BTC-29DEC17-5000-C", "index_price": 5829.46, "direction": "sell", "amount": 0.2}, {"trade_seq": 156, "trade_id": "1051421", "timestamp": 1508797125144, "tick_direction": 3, "price": 0.2401, "mark_price": null, "iv": 101.44, "instrument_name": "BTC-29DEC17-5000-C", "index_price": 5831.14, "direction": "sell", "amount": 0.2}, {"trade_seq": 155, "trade_id": "1051420", "timestamp": 1508797125144, "tick_direction": 2, "price": 0.2401, "mark_price": null, "iv": 101.44, "instrument_name": "BTC-29DEC17-5000-C", "index_price": 5831.14, "direction": "sell", "amount": 0.1}, {"trade_seq": 154, "trade_id": "1051134", "timestamp": 1508796629010, "tick_direction": 0, "price": 0.248, "mark_price": null, "iv": 103.84, "instrument_name": "BTC-29DEC17-5000-C", "index_price": 5885.98, "direction": "sell", "amount": 0.3}, {"trade_seq": 153, "trade_id": "1050792", "timestamp": 1508795335992, "tick_direction": 2, "price": 0.2384, "mark_price": null, "iv": 97.88, "instrument_name": "BTC-29DEC17-5000-C", "index_price": 5872.47, "direction": "sell", "amount": 0.1}, {"trade_seq": 152, "trade_id": "1050692", "timestamp": 1508794846565, "tick_direction": 2, "price": 0.2467, "mark_price": null, "iv": 103.41, "instrument_name": "BTC-29DEC17-5000-C", "index_price": 5877.19, "direction": "sell", "amount": 0.2}, {"trade_seq": 151, "trade_id": "997204", "timestamp": 1508511795281, "tick_direction": 0, "price": 0.25, "mark_price": null, "iv": 98.24, "instrument_name": "BTC-29DEC17-5000-C", "index_price": 5966.49, "direction": "buy", "amount": 0.1}, {"trade_seq": 150, "trade_id": "974103", "timestamp": 1508340964757, "tick_direction": 3, "price": 0.1975, "mark_price": null, "iv": 100.94, "instrument_name": "BTC-29DEC17-5000-C", "index_price": 5248.9, "direction": "sell", "amount": 1.0}, {"trade_seq": 149, "trade_id": "973875", "timestamp": 1508340189136, "tick_direction": 3, "price": 0.1975, "mark_price": null, "iv": 103.12, "instrument_name": "BTC-29DEC17-5000-C", "index_price": 5204.4, "direction": "sell", "amount": 0.1}, {"trade_seq": 148, "trade_id": "973866", "timestamp": 1508340155060, "tick_direction": 3, "price": 0.1975, "mark_price": null, "iv": 103.04, "instrument_name": "BTC-29DEC17-5000-C", "index_price": 5205.87, "direction": "sell", "amount": 0.1}, {"trade_seq": 147, "trade_id": "973202", "timestamp": 1508337158840, "tick_direction": 3, "price": 0.1975, "mark_price": null, "iv": 104.34, "instrument_name": "BTC-29DEC17-5000-C", "index_price": 5178.66, "direction": "sell", "amount": 0.3}, {"trade_seq": 146, "trade_id": "973029", "timestamp": 1508336779782, "tick_direction": 2, "price": 0.1975, "mark_price": null, "iv": 105.38, "instrument_name": "BTC-29DEC17-5000-C", "index_price": 5157.05, "direction": "buy", "amount": 0.5}, {"trade_seq": 145, "trade_id": "967055", "timestamp": 1508311925420, "tick_direction": 2, "price": 0.2059, "mark_price": null, "iv": 100.03, "instrument_name": "BTC-29DEC17-5000-C", "index_price": 5364.52, "direction": "buy", "amount": 0.1}, {"trade_seq": 144, "trade_id": "958179", "timestamp": 1508241003917, "tick_direction": 0, "price": 0.226, "mark_price": null, "iv": 101.87, "instrument_name": "BTC-29DEC17-5000-C", "index_price": 5561.97, "direction": "sell", "amount": 0.1}, {"trade_seq": 143, "trade_id": "941456", "timestamp": 1508096598720, "tick_direction": 0, "price": 0.2, "mark_price": null, "iv": 87.42, "instrument_name": "BTC-29DEC17-5000-C", "index_price": 5509.77, "direction": "buy", "amount": 0.2}, {"trade_seq": 142, "trade_id": "924097", "timestamp": 1507963382993, "tick_direction": 0, "price": 0.198, "mark_price": null, "iv": 82.03, "instrument_name": "BTC-29DEC17-5000-C", "index_price": 5572.1, "direction": "sell", "amount": 0.1}, {"trade_seq": 141, "trade_id": "921289", "timestamp": 1507933411885, "tick_direction": 2, "price": 0.1977, "mark_price": null, "iv": 82.03, "instrument_name": "BTC-29DEC17-5000-C", "index_price": 5565.15, "direction": "sell", "amount": 0.1}, {"trade_seq": 140, "trade_id": "920214", "timestamp": 1507924912178, "tick_direction": 2, "price": 0.2141, "mark_price": null, "iv": 94.66, "instrument_name": "BTC-29DEC17-5000-C", "index_price": 5512.35, "direction": "sell", "amount": 0.1}, {"trade_seq": 139, "trade_id": "910894", "timestamp": 1507882958182, "tick_direction": 1, "price": 0.2202, "mark_price": null, "iv": 89.73, "instrument_name": "BTC-29DEC17-5000-C", "index_price": 5676.33, "direction": "buy", "amount": 0.5}, {"trade_seq": 138, "trade_id": "910893", "timestamp": 1507882958182, "tick_direction": 0, "price": 0.2202, "mark_price": null, "iv": 89.73, "instrument_name": "BTC-29DEC17-5000-C", "index_price": 5676.33, "direction": "buy", "amount": 0.2}, {"trade_seq": 137, "trade_id": "910571", "timestamp": 1507881964994, "tick_direction": 1, "price": 0.2142, "mark_price": null, "iv": 89.93, "instrument_name": "BTC-29DEC17-5000-C", "index_price": 5600.95, "direction": "sell", "amount": 0.8}, {"trade_seq": 136, "trade_id": "910550", "timestamp": 1507881869047, "tick_direction": 0, "price": 0.2142, "mark_price": null, "iv": 89.8, "instrument_name": "BTC-29DEC17-5000-C", "index_price": 5603.5, "direction": "buy", "amount": 0.5}, {"trade_seq": 135, "trade_id": "910360", "timestamp": 1507881049229, "tick_direction": 2, "price": 0.2138, "mark_price": null, "iv": 89.08, "instrument_name": "BTC-29DEC17-5000-C", "index_price": 5612.49, "direction": "buy", "amount": 0.1}, {"trade_seq": 134, "trade_id": "910354", "timestamp": 1507881044322, "tick_direction": 2, "price": 0.214, "mark_price": null, "iv": 89.41, "instrument_name": "BTC-29DEC17-5000-C", "index_price": 5608.41, "direction": "buy", "amount": 0.2}, {"trade_seq": 133, "trade_id": "910345", "timestamp": 1507881026805, "tick_direction": 2, "price": 0.2142, "mark_price": null, "iv": 89.85, "instrument_name": "BTC-29DEC17-5000-C", "index_price": 5602.23, "direction": "buy", "amount": 0.2}, {"trade_seq": 132, "trade_id": "910302", "timestamp": 1507880785699, "tick_direction": 3, "price": 0.2144, "mark_price": null, "iv": 90.25, "instrument_name": "BTC-29DEC17-5000-C", "index_price": 5596.91, "direction": "buy", "amount": 0.2}, {"trade_seq": 131, "trade_id": "910300", "timestamp": 1507880768240, "tick_direction": 2, "price": 0.2144, "mark_price": null, "iv": 90.29, "instrument_name": "BTC-29DEC17-5000-C", "index_price": 5596.05, "direction": "buy", "amount": 0.1}, {"trade_seq": 130, "trade_id": "910260", "timestamp": 1507880634481, "tick_direction": 2, "price": 0.2147, "mark_price": null, "iv": 90.82, "instrument_name": "BTC-29DEC17-5000-C", "index_price": 5589.38, "direction": "buy", "amount": 0.1}, {"trade_seq": 129, "trade_id": "910188", "timestamp": 1507880252878, "tick_direction": 0, "price": 0.2152, "mark_price": null, "iv": 91.8, "instrument_name": "BTC-29DEC17-5000-C", "index_price": 5576.02, "direction": "buy", "amount": 0.1}, {"trade_seq": 128, "trade_id": "891569", "timestamp": 1507825574201, "tick_direction": 0, "price": 0.2082, "mark_price": null, "iv": 99.96, "instrument_name": "BTC-29DEC17-5000-C", "index_price": 5316.51, "direction": "buy", "amount": 0.1}, {"trade_seq": 127, "trade_id": "889063", "timestamp": 1507813807156, "tick_direction": 0, "price": 0.1982, "mark_price": null, "iv": 100.01, "instrument_name": "BTC-29DEC17-5000-C", "index_price": 5191.25, "direction": "buy", "amount": 6.8}, {"trade_seq": 126, "trade_id": "889062", "timestamp": 1507813807156, "tick_direction": 0, "price": 0.1894, "mark_price": null, "iv": 95.0, "instrument_name": "BTC-29DEC17-5000-C", "index_price": 5191.25, "direction": "buy", "amount": 0.2}, {"trade_seq": 125, "trade_id": "877768", "timestamp": 1507743430050, "tick_direction": 0, "price": 0.1399, "mark_price": null, "iv": 83.58, "instrument_name": "BTC-29DEC17-5000-C", "index_price": 4834.84, "direction": "buy", "amount": 0.1}, {"trade_seq": 124, "trade_id": "876988", "timestamp": 1507734013095, "tick_direction": 0, "price": 0.1345, "mark_price": null, "iv": 83.41, "instrument_name": "BTC-29DEC17-5000-C", "index_price": 4772.44, "direction": "sell", "amount": 0.5}, {"trade_seq": 123, "trade_id": "873932", "timestamp": 1507685458745, "tick_direction": 2, "price": 0.1313, "mark_price": null, "iv": 82.78, "instrument_name": "BTC-29DEC17-5000-C", "index_price": 4741.11, "direction": "sell", "amount": 1.0}, {"trade_seq": 122, "trade_id": "873926", "timestamp": 1507685356237, "tick_direction": 2, "price": 0.14, "mark_price": null, "iv": 87.5, "instrument_name": "BTC-29DEC17-5000-C", "index_price": 4740.34, "direction": "buy", "amount": 0.5}, {"trade_seq": 121, "trade_id": "867840", "timestamp": 1507654023759, "tick_direction": 0, "price": 0.155, "mark_price": null, "iv": 92.37, "instrument_name": "BTC-29DEC17-5000-C", "index_price": 4808.52, "direction": "buy", "amount": 0.1}, {"trade_seq": 120, "trade_id": "867776", "timestamp": 1507653784644, "tick_direction": 0, "price": 0.1415, "mark_price": null, "iv": 85.08, "instrument_name": "BTC-29DEC17-5000-C", "index_price": 4808.52, "direction": "buy", "amount": 0.1}, {"trade_seq": 119, "trade_id": "863510", "timestamp": 1507597621565, "tick_direction": 0, "price": 0.1409, "mark_price": null, "iv": 83.87, "instrument_name": "BTC-29DEC17-5000-C", "index_price": 4820.72, "direction": "sell", "amount": 0.5}, {"trade_seq": 118, "trade_id": "858735", "timestamp": 1507576179106, "tick_direction": 0, "price": 0.14, "mark_price": null, "iv": 85.11, "instrument_name": "BTC-29DEC17-5000-C", "index_price": 4778.96, "direction": "buy", "amount": 0.1}, {"trade_seq": 117, "trade_id": "839862", "timestamp": 1507224939804, "tick_direction": 0, "price": 0.1344, "mark_price": null, "iv": 100.01, "instrument_name": "BTC-29DEC17-5000-C", "index_price": 4303.53, "direction": "buy", "amount": 2.3}, {"trade_seq": 116, "trade_id": "839861", "timestamp": 1507224939804, "tick_direction": 0, "price": 0.1325, "mark_price": null, "iv": 99.01, "instrument_name": "BTC-29DEC17-5000-C", "index_price": 4303.53, "direction": "buy", "amount": 1.0}, {"trade_seq": 115, "trade_id": "839860", "timestamp": 1507224939804, "tick_direction": 0, "price": 0.1323, "mark_price": null, "iv": 98.91, "instrument_name": "BTC-29DEC17-5000-C", "index_price": 4303.53, "direction": "buy", "amount": 0.7}, {"trade_seq": 114, "trade_id": "826073", "timestamp": 1506970352583, "tick_direction": 2, "price": 0.13, "mark_price": null, "iv": 92.79, "instrument_name": "BTC-29DEC17-5000-C", "index_price": 4384.36, "direction": "sell", "amount": 0.2}, {"trade_seq": 113, "trade_id": "816795", "timestamp": 1506795946133, "tick_direction": 1, "price": 0.14, "mark_price": null, "iv": 98.81, "instrument_name": "BTC-29DEC17-5000-C", "index_price": 4334.31, "direction": "sell", "amount": 0.2}, {"trade_seq": 112, "trade_id": "809165", "timestamp": 1506588597500, "tick_direction": 0, "price": 0.14, "mark_price": null, "iv": 100.22, "instrument_name": "BTC-29DEC17-5000-C", "index_price": 4265.38, "direction": "buy", "amount": 0.1}, {"trade_seq": 111, "trade_id": "809100", "timestamp": 1506584393329, "tick_direction": 2, "price": 0.122, "mark_price": null, "iv": 92.78, "instrument_name": "BTC-29DEC17-5000-C", "index_price": 4223.85, "direction": "buy", "amount": 0.1}, {"trade_seq": 110, "trade_id": "807041", "timestamp": 1506517919589, "tick_direction": 2, "price": 0.125, "mark_price": null, "iv": 100.07, "instrument_name": "BTC-29DEC17-5000-C", "index_price": 4064.48, "direction": "sell", "amount": 1.0}, {"trade_seq": 109, "trade_id": "806631", "timestamp": 1506508555969, "tick_direction": 0, "price": 0.1408, "mark_price": null, "iv": 108.79, "instrument_name": "BTC-29DEC17-5000-C", "index_price": 4042.43, "direction": "buy", "amount": 0.5}, {"trade_seq": 108, "trade_id": "804101", "timestamp": 1506443753516, "tick_direction": 0, "price": 0.1337, "mark_price": null, "iv": 110.52, "instrument_name": "BTC-29DEC17-5000-C", "index_price": 3894.69, "direction": "buy", "amount": 0.1}, {"trade_seq": 107, "trade_id": "802440", "timestamp": 1506405647558, "tick_direction": 2, "price": 0.1311, "mark_price": null, "iv": 110.54, "instrument_name": "BTC-29DEC17-5000-C", "index_price": 3853.8, "direction": "buy", "amount": 0.1}, {"trade_seq": 106, "trade_id": "802305", "timestamp": 1506403924093, "tick_direction": 2, "price": 0.1314, "mark_price": null, "iv": 110.5, "instrument_name": "BTC-29DEC17-5000-C", "index_price": 3858.42, "direction": "buy", "amount": 0.1}, {"trade_seq": 105, "trade_id": "800918", "timestamp": 1506356226018, "tick_direction": 0, "price": 0.1396, "mark_price": null, "iv": 117.75, "instrument_name": "BTC-29DEC17-5000-C", "index_price": 3768.44, "direction": "buy", "amount": 0.9}, {"trade_seq": 104, "trade_id": "800917", "timestamp": 1506356190037, "tick_direction": 0, "price": 0.132, "mark_price": null, "iv": 113.94, "instrument_name": "BTC-29DEC17-5000-C", "index_price": 3768.44, "direction": "buy", "amount": 0.1}, {"trade_seq": 103, "trade_id": "799334", "timestamp": 1506348264354, "tick_direction": 0, "price": 0.105, "mark_price": null, "iv": 99.87, "instrument_name": "BTC-29DEC17-5000-C", "index_price": 3776.86, "direction": "buy", "amount": 0.1}, {"trade_seq": 102, "trade_id": "795135", "timestamp": 1506105718712, "tick_direction": 2, "price": 0.095, "mark_price": null, "iv": 101.7, "instrument_name": "BTC-29DEC17-5000-C", "index_price": 3551.53, "direction": "sell", "amount": 0.1}, {"trade_seq": 101, "trade_id": "791378", "timestamp": 1506036959940, "tick_direction": 0, "price": 0.1239, "mark_price": null, "iv": 113.54, "instrument_name": "BTC-29DEC17-5000-C", "index_price": 3616.3, "direction": "buy", "amount": 0.2}, {"trade_seq": 100, "trade_id": "791376", "timestamp": 1506036950250, "tick_direction": 0, "price": 0.1207, "mark_price": null, "iv": 111.95, "instrument_name": "BTC-29DEC17-5000-C", "index_price": 3616.16, "direction": "buy", "amount": 1.0}, {"trade_seq": 99, "trade_id": "789235", "timestamp": 1506021828513, "tick_direction": 2, "price": 0.1, "mark_price": null, "iv": 101.08, "instrument_name": "BTC-29DEC17-5000-C", "index_price": 3623.87, "direction": "sell", "amount": 0.1}, {"trade_seq": 98, "trade_id": "787052", "timestamp": 1506007143574, "tick_direction": 2, "price": 0.11, "mark_price": null, "iv": 101.62, "instrument_name": "BTC-29DEC17-5000-C", "index_price": 3743.14, "direction": "sell", "amount": 0.1}, {"trade_seq": 97, "trade_id": "777268", "timestamp": 1505856093335, "tick_direction": 0, "price": 0.1473, "mark_price": null, "iv": 112.01, "instrument_name": "BTC-29DEC17-5000-C", "index_price": 3928.75, "direction": "buy", "amount": 29.0}, {"trade_seq": 96, "trade_id": "777267", "timestamp": 1505856093335, "tick_direction": 2, "price": 0.1441, "mark_price": null, "iv": 110.47, "instrument_name": "BTC-29DEC17-5000-C", "index_price": 3928.75, "direction": "buy", "amount": 1.0}, {"trade_seq": 95, "trade_id": "770856", "timestamp": 1505772593341, "tick_direction": 0, "price": 0.15, "mark_price": null, "iv": 105.95, "instrument_name": "BTC-29DEC17-5000-C", "index_price": 4111.23, "direction": "buy", "amount": 0.1}, {"trade_seq": 94, "trade_id": "733052", "timestamp": 1505548636451, "tick_direction": 0, "price": 0.14, "mark_price": null, "iv": 109.24, "instrument_name": "BTC-29DEC17-5000-C", "index_price": 3857.57, "direction": "sell", "amount": 0.1}, {"trade_seq": 93, "trade_id": "732964", "timestamp": 1505547315499, "tick_direction": 2, "price": 0.137, "mark_price": null, "iv": 109.09, "instrument_name": "BTC-29DEC17-5000-C", "index_price": 3822.52, "direction": "sell", "amount": 1.0}, {"trade_seq": 92, "trade_id": "731947", "timestamp": 1505539156239, "tick_direction": 0, "price": 0.1497, "mark_price": null, "iv": 113.1, "instrument_name": "BTC-29DEC17-5000-C", "index_price": 3875.85, "direction": "buy", "amount": 1.0}, {"trade_seq": 91, "trade_id": "729275", "timestamp": 1505518279081, "tick_direction": 2, "price": 0.127, "mark_price": null, "iv": 109.64, "instrument_name": "BTC-29DEC17-5000-C", "index_price": 3672.75, "direction": "sell", "amount": 0.1}, {"trade_seq": 90, "trade_id": "727624", "timestamp": 1505513910536, "tick_direction": 0, "price": 0.1511, "mark_price": null, "iv": 118.32, "instrument_name": "BTC-29DEC17-5000-C", "index_price": 3748.19, "direction": "buy", "amount": 0.3}, {"trade_seq": 89, "trade_id": "720295", "timestamp": 1505491013597, "tick_direction": 0, "price": 0.136, "mark_price": null, "iv": 112.1, "instrument_name": "BTC-29DEC17-5000-C", "index_price": 3718.44, "direction": "buy", "amount": 0.1}, {"trade_seq": 88, "trade_id": "718232", "timestamp": 1505486827416, "tick_direction": 1, "price": 0.126, "mark_price": null, "iv": 111.99, "instrument_name": "BTC-29DEC17-5000-C", "index_price": 3590.79, "direction": "sell", "amount": 0.1}, {"trade_seq": 87, "trade_id": "713273", "timestamp": 1505485056143, "tick_direction": 0, "price": 0.126, "mark_price": null, "iv": 112.45, "instrument_name": "BTC-29DEC17-5000-C", "index_price": 3578.1, "direction": "buy", "amount": 0.1}, {"trade_seq": 86, "trade_id": "710795", "timestamp": 1505484533972, "tick_direction": 0, "price": 0.1196, "mark_price": null, "iv": 111.3, "instrument_name": "BTC-29DEC17-5000-C", "index_price": 3524.91, "direction": "buy", "amount": 0.1}, {"trade_seq": 85, "trade_id": "697483", "timestamp": 1505475894690, "tick_direction": 2, "price": 0.0915, "mark_price": null, "iv": 115.97, "instrument_name": "BTC-29DEC17-5000-C", "index_price": 3018.65, "direction": "sell", "amount": 0.1}, {"trade_seq": 84, "trade_id": "697324", "timestamp": 1505475605608, "tick_direction": 0, "price": 0.0932, "mark_price": null, "iv": 117.56, "instrument_name": "BTC-29DEC17-5000-C", "index_price": 3000.34, "direction": "buy", "amount": 0.2}, {"trade_seq": 83, "trade_id": "697188", "timestamp": 1505474992697, "tick_direction": 0, "price": 0.0915, "mark_price": null, "iv": 116.16, "instrument_name": "BTC-29DEC17-5000-C", "index_price": 3013.3, "direction": "sell", "amount": 0.1}, {"trade_seq": 82, "trade_id": "696814", "timestamp": 1505474202295, "tick_direction": 2, "price": 0.06, "mark_price": null, "iv": 98.15, "instrument_name": "BTC-29DEC17-5000-C", "index_price": 3024.86, "direction": "sell", "amount": 0.1}, {"trade_seq": 81, "trade_id": "674082", "timestamp": 1505410764720, "tick_direction": 1, "price": 0.1, "mark_price": null, "iv": 108.12, "instrument_name": "BTC-29DEC17-5000-C", "index_price": 3335.47, "direction": "sell", "amount": 1.1}, {"trade_seq": 80, "trade_id": "672071", "timestamp": 1505407845941, "tick_direction": 1, "price": 0.1, "mark_price": null, "iv": 103.93, "instrument_name": "BTC-29DEC17-5000-C", "index_price": 3449.51, "direction": "sell", "amount": 0.1}, {"trade_seq": 79, "trade_id": "671925", "timestamp": 1505405994888, "tick_direction": 1, "price": 0.1, "mark_price": null, "iv": 101.52, "instrument_name": "BTC-29DEC17-5000-C", "index_price": 3515.59, "direction": "sell", "amount": 0.1}, {"trade_seq": 78, "trade_id": "671674", "timestamp": 1505404131033, "tick_direction": 1, "price": 0.1, "mark_price": null, "iv": 102.2, "instrument_name": "BTC-29DEC17-5000-C", "index_price": 3496.6, "direction": "sell", "amount": 1.0}, {"trade_seq": 77, "trade_id": "671603", "timestamp": 1505403789960, "tick_direction": 1, "price": 0.1, "mark_price": null, "iv": 102.64, "instrument_name": "BTC-29DEC17-5000-C", "index_price": 3484.46, "direction": "sell", "amount": 0.1}, {"trade_seq": 76, "trade_id": "671471", "timestamp": 1505403608128, "tick_direction": 1, "price": 0.1, "mark_price": null, "iv": 101.6, "instrument_name": "BTC-29DEC17-5000-C", "index_price": 3513.17, "direction": "sell", "amount": 0.1}, {"trade_seq": 75, "trade_id": "671386", "timestamp": 1505403370065, "tick_direction": 1, "price": 0.1, "mark_price": null, "iv": 101.02, "instrument_name": "BTC-29DEC17-5000-C", "index_price": 3529.04, "direction": "sell", "amount": 0.1}, {"trade_seq": 74, "trade_id": "671217", "timestamp": 1505401274265, "tick_direction": 1, "price": 0.1, "mark_price": null, "iv": 99.1, "instrument_name": "BTC-29DEC17-5000-C", "index_price": 3581.82, "direction": "sell", "amount": 0.1}, {"trade_seq": 73, "trade_id": "671177", "timestamp": 1505400917194, "tick_direction": 1, "price": 0.1, "mark_price": null, "iv": 98.86, "instrument_name": "BTC-29DEC17-5000-C", "index_price": 3588.6, "direction": "sell", "amount": 0.1}, {"trade_seq": 72, "trade_id": "670727", "timestamp": 1505399592131, "tick_direction": 0, "price": 0.1, "mark_price": null, "iv": 100.79, "instrument_name": "BTC-29DEC17-5000-C", "index_price": 3534.7, "direction": "sell", "amount": 0.2}, {"trade_seq": 71, "trade_id": "665366", "timestamp": 1505390293171, "tick_direction": 2, "price": 0.057, "mark_price": null, "iv": 75.91, "instrument_name": "BTC-29DEC17-5000-C", "index_price": 3602.69, "direction": "sell", "amount": 1.0}, {"trade_seq": 70, "trade_id": "665344", "timestamp": 1505390239432, "tick_direction": 2, "price": 0.059, "mark_price": null, "iv": 77.02, "instrument_name": "BTC-29DEC17-5000-C", "index_price": 3602.69, "direction": "sell", "amount": 1.0}, {"trade_seq": 69, "trade_id": "654816", "timestamp": 1505375599463, "tick_direction": 2, "price": 0.105, "mark_price": null, "iv": 91.08, "instrument_name": "BTC-29DEC17-5000-C", "index_price": 3870.17, "direction": "sell", "amount": 0.1}, {"trade_seq": 68, "trade_id": "654815", "timestamp": 1505375599463, "tick_direction": 2, "price": 0.11, "mark_price": null, "iv": 93.49, "instrument_name": "BTC-29DEC17-5000-C", "index_price": 3870.17, "direction": "sell", "amount": 0.1}, {"trade_seq": 67, "trade_id": "653854", "timestamp": 1505372070949, "tick_direction": 0, "price": 0.126, "mark_price": null, "iv": 103.27, "instrument_name": "BTC-29DEC17-5000-C", "index_price": 3810.57, "direction": "buy", "amount": 0.1}, {"trade_seq": 66, "trade_id": "649604", "timestamp": 1505329456535, "tick_direction": 2, "price": 0.1214, "mark_price": null, "iv": 98.01, "instrument_name": "BTC-29DEC17-5000-C", "index_price": 3889.25, "direction": "buy", "amount": 0.2}, {"trade_seq": 65, "trade_id": "649598", "timestamp": 1505329407664, "tick_direction": 3, "price": 0.1215, "mark_price": null, "iv": 98.0, "instrument_name": "BTC-29DEC17-5000-C", "index_price": 3890.78, "direction": "buy", "amount": 0.1}, {"trade_seq": 64, "trade_id": "649589", "timestamp": 1505329291467, "tick_direction": 2, "price": 0.1215, "mark_price": null, "iv": 97.99, "instrument_name": "BTC-29DEC17-5000-C", "index_price": 3891.07, "direction": "buy", "amount": 0.1}, {"trade_seq": 63, "trade_id": "649585", "timestamp": 1505329165085, "tick_direction": 3, "price": 0.1217, "mark_price": null, "iv": 98.0, "instrument_name": "BTC-29DEC17-5000-C", "index_price": 3893.2, "direction": "buy", "amount": 0.1}, {"trade_seq": 62, "trade_id": "649584", "timestamp": 1505329145388, "tick_direction": 2, "price": 0.1217, "mark_price": null, "iv": 98.01, "instrument_name": "BTC-29DEC17-5000-C", "index_price": 3892.99, "direction": "buy", "amount": 0.1}, {"trade_seq": 61, "trade_id": "649518", "timestamp": 1505328700783, "tick_direction": 0, "price": 0.1226, "mark_price": null, "iv": 97.99, "instrument_name": "BTC-29DEC17-5000-C", "index_price": 3905.33, "direction": "buy", "amount": 0.1}, {"trade_seq": 60, "trade_id": "649516", "timestamp": 1505328661788, "tick_direction": 0, "price": 0.1225, "mark_price": null, "iv": 97.98, "instrument_name": "BTC-29DEC17-5000-C", "index_price": 3904.28, "direction": "buy", "amount": 0.1}, {"trade_seq": 59, "trade_id": "646362", "timestamp": 1505316564615, "tick_direction": 2, "price": 0.116, "mark_price": null, "iv": 98.01, "instrument_name": "BTC-29DEC17-5000-C", "index_price": 3815.83, "direction": "buy", "amount": 0.1}, {"trade_seq": 58, "trade_id": "646354", "timestamp": 1505316490061, "tick_direction": 2, "price": 0.1162, "mark_price": null, "iv": 97.99, "instrument_name": "BTC-29DEC17-5000-C", "index_price": 3819.14, "direction": "buy", "amount": 0.1}, {"trade_seq": 57, "trade_id": "642903", "timestamp": 1505301554601, "tick_direction": 2, "price": 0.1238, "mark_price": null, "iv": 97.45, "instrument_name": "BTC-29DEC17-5000-C", "index_price": 3932.07, "direction": "buy", "amount": 0.7}, {"trade_seq": 56, "trade_id": "642841", "timestamp": 1505301250254, "tick_direction": 2, "price": 0.1251, "mark_price": null, "iv": 101.01, "instrument_name": "BTC-29DEC17-5000-C", "index_price": 3850.35, "direction": "sell", "amount": 0.3}, {"trade_seq": 55, "trade_id": "626216", "timestamp": 1505203365185, "tick_direction": 1, "price": 0.155, "mark_price": null, "iv": 96.09, "instrument_name": "BTC-29DEC17-5000-C", "index_price": 4356.49, "direction": "buy", "amount": 0.1}, {"trade_seq": 54, "trade_id": "621520", "timestamp": 1505129744931, "tick_direction": 1, "price": 0.155, "mark_price": null, "iv": 102.7, "instrument_name": "BTC-29DEC17-5000-C", "index_price": 4163.18, "direction": "sell", "amount": 1.3}, {"trade_seq": 53, "trade_id": "621484", "timestamp": 1505129534970, "tick_direction": 1, "price": 0.155, "mark_price": null, "iv": 102.2, "instrument_name": "BTC-29DEC17-5000-C", "index_price": 4177.05, "direction": "sell", "amount": 1.8}, {"trade_seq": 52, "trade_id": "621479", "timestamp": 1505129330327, "tick_direction": 1, "price": 0.155, "mark_price": null, "iv": 101.9, "instrument_name": "BTC-29DEC17-5000-C", "index_price": 4185.17, "direction": "sell", "amount": 1.7}, {"trade_seq": 51, "trade_id": "621457", "timestamp": 1505129099874, "tick_direction": 1, "price": 0.155, "mark_price": null, "iv": 102.11, "instrument_name": "BTC-29DEC17-5000-C", "index_price": 4179.3, "direction": "sell", "amount": 1.8}, {"trade_seq": 50, "trade_id": "621452", "timestamp": 1505129008629, "tick_direction": 1, "price": 0.155, "mark_price": null, "iv": 101.86, "instrument_name": "BTC-29DEC17-5000-C", "index_price": 4186.25, "direction": "sell", "amount": 1.7}, {"trade_seq": 49, "trade_id": "621439", "timestamp": 1505128902777, "tick_direction": 1, "price": 0.155, "mark_price": null, "iv": 101.85, "instrument_name": "BTC-29DEC17-5000-C", "index_price": 4186.63, "direction": "sell", "amount": 1.7}, {"trade_seq": 48, "trade_id": "620528", "timestamp": 1505121319976, "tick_direction": 0, "price": 0.155, "mark_price": null, "iv": 101.83, "instrument_name": "BTC-29DEC17-5000-C", "index_price": 4186.03, "direction": "buy", "amount": 0.1}, {"trade_seq": 47, "trade_id": "620527", "timestamp": 1505121319976, "tick_direction": 0, "price": 0.1549, "mark_price": null, "iv": 101.78, "instrument_name": "BTC-29DEC17-5000-C", "index_price": 4186.03, "direction": "buy", "amount": 0.2}, {"trade_seq": 46, "trade_id": "617982", "timestamp": 1505102428471, "tick_direction": 0, "price": 0.145, "mark_price": null, "iv": 91.7, "instrument_name": "BTC-29DEC17-5000-C", "index_price": 4336.77, "direction": "buy", "amount": 0.2}, {"trade_seq": 45, "trade_id": "602127", "timestamp": 1504984341587, "tick_direction": 2, "price": 0.13, "mark_price": null, "iv": 89.43, "instrument_name": "BTC-29DEC17-5000-C", "index_price": 4192.79, "direction": "sell", "amount": 0.1}, {"trade_seq": 44, "trade_id": "578552", "timestamp": 1504785254669, "tick_direction": 0, "price": 0.1749, "mark_price": null, "iv": 93.99, "instrument_name": "BTC-29DEC17-5000-C", "index_price": 4607.73, "direction": "buy", "amount": 0.2}, {"trade_seq": 43, "trade_id": "578417", "timestamp": 1504782773554, "tick_direction": 0, "price": 0.1716, "mark_price": null, "iv": 92.37, "instrument_name": "BTC-29DEC17-5000-C", "index_price": 4610.93, "direction": "buy", "amount": 1.0}, {"trade_seq": 42, "trade_id": "573049", "timestamp": 1504664263274, "tick_direction": 0, "price": 0.1652, "mark_price": null, "iv": 92.26, "instrument_name": "BTC-29DEC17-5000-C", "index_price": 4518.14, "direction": "buy", "amount": 0.1}, {"trade_seq": 41, "trade_id": "568966", "timestamp": 1504601980493, "tick_direction": 0, "price": 0.1283, "mark_price": null, "iv": 84.92, "instrument_name": "BTC-29DEC17-5000-C", "index_price": 4250.39, "direction": "buy", "amount": 0.1}, {"trade_seq": 40, "trade_id": "551775", "timestamp": 1504485377051, "tick_direction": 2, "price": 0.109, "mark_price": null, "iv": 64.02, "instrument_name": "BTC-29DEC17-5000-C", "index_price": 4586.61, "direction": "sell", "amount": 1.0}, {"trade_seq": 39, "trade_id": "541860", "timestamp": 1504364144988, "tick_direction": 3, "price": 0.16, "mark_price": null, "iv": 82.33, "instrument_name": "BTC-29DEC17-5000-C", "index_price": 4694.43, "direction": "sell", "amount": 0.1}, {"trade_seq": 38, "trade_id": "539609", "timestamp": 1504354985256, "tick_direction": 2, "price": 0.16, "mark_price": null, "iv": 81.63, "instrument_name": "BTC-29DEC17-5000-C", "index_price": 4712.84, "direction": "sell", "amount": 0.1}, {"trade_seq": 37, "trade_id": "539608", "timestamp": 1504354985256, "tick_direction": 0, "price": 0.1601, "mark_price": null, "iv": 81.67, "instrument_name": "BTC-29DEC17-5000-C", "index_price": 4712.84, "direction": "sell", "amount": 0.1}, {"trade_seq": 36, "trade_id": "528844", "timestamp": 1504252925200, "tick_direction": 2, "price": 0.16, "mark_price": null, "iv": 79.85, "instrument_name": "BTC-29DEC17-5000-C", "index_price": 4751.1, "direction": "buy", "amount": 0.1}, {"trade_seq": 35, "trade_id": "527377", "timestamp": 1504208609488, "tick_direction": 1, "price": 0.165, "mark_price": null, "iv": 82.49, "instrument_name": "BTC-29DEC17-5000-C", "index_price": 4734.1, "direction": "buy", "amount": 0.1}, {"trade_seq": 34, "trade_id": "526722", "timestamp": 1504190285276, "tick_direction": 0, "price": 0.165, "mark_price": null, "iv": 82.85, "instrument_name": "BTC-29DEC17-5000-C", "index_price": 4722.13, "direction": "buy", "amount": 1.0}, {"trade_seq": 33, "trade_id": "518506", "timestamp": 1503910501112, "tick_direction": 2, "price": 0.1194, "mark_price": null, "iv": 77.1, "instrument_name": "BTC-29DEC17-5000-C", "index_price": 4284.12, "direction": "sell", "amount": 1.0}, {"trade_seq": 32, "trade_id": "509355", "timestamp": 1503610527694, "tick_direction": 1, "price": 0.145, "mark_price": null, "iv": 89.01, "instrument_name": "BTC-29DEC17-5000-C", "index_price": 4223.39, "direction": "buy", "amount": 0.3}, {"trade_seq": 31, "trade_id": "509351", "timestamp": 1503610408494, "tick_direction": 0, "price": 0.145, "mark_price": null, "iv": 89.01, "instrument_name": "BTC-29DEC17-5000-C", "index_price": 4223.22, "direction": "buy", "amount": 0.7}, {"trade_seq": 30, "trade_id": "507370", "timestamp": 1503554909993, "tick_direction": 0, "price": 0.1249, "mark_price": null, "iv": 82.4, "instrument_name": "BTC-29DEC17-5000-C", "index_price": 4157.32, "direction": "sell", "amount": 0.3}, {"trade_seq": 29, "trade_id": "504345", "timestamp": 1503512161395, "tick_direction": 3, "price": 0.1, "mark_price": null, "iv": 71.04, "instrument_name": "BTC-29DEC17-5000-C", "index_price": 4171.76, "direction": "sell", "amount": 0.5}, {"trade_seq": 28, "trade_id": "503613", "timestamp": 1503504510717, "tick_direction": 2, "price": 0.1, "mark_price": null, "iv": 69.87, "instrument_name": "BTC-29DEC17-5000-C", "index_price": 4206.85, "direction": "sell", "amount": 0.5}, {"trade_seq": 27, "trade_id": "490831", "timestamp": 1503378316020, "tick_direction": 3, "price": 0.13, "mark_price": null, "iv": 102.21, "instrument_name": "BTC-29DEC17-5000-C", "index_price": 3602.1, "direction": "sell", "amount": 2.9}, {"trade_seq": 26, "trade_id": "490819", "timestamp": 1503378277910, "tick_direction": 2, "price": 0.13, "mark_price": null, "iv": 102.22, "instrument_name": "BTC-29DEC17-5000-C", "index_price": 3602.0, "direction": "sell", "amount": 2.1}, {"trade_seq": 25, "trade_id": "442520", "timestamp": 1502981253324, "tick_direction": 0, "price": 0.2152, "mark_price": null, "iv": 107.91, "instrument_name": "BTC-29DEC17-5000-C", "index_price": 4462.97, "direction": "buy", "amount": 1.0}, {"trade_seq": 24, "trade_id": "400209", "timestamp": 1502723540296, "tick_direction": 0, "price": 0.1352, "mark_price": null, "iv": 80.0, "instrument_name": "BTC-29DEC17-5000-C", "index_price": 4272.57, "direction": "sell", "amount": 1.0}, {"trade_seq": 23, "trade_id": "399834", "timestamp": 1502720845033, "tick_direction": 0, "price": 0.1349, "mark_price": null, "iv": 80.02, "instrument_name": "BTC-29DEC17-5000-C", "index_price": 4267.77, "direction": "sell", "amount": 0.1}, {"trade_seq": 22, "trade_id": "397995", "timestamp": 1502702930676, "tick_direction": 2, "price": 0.1257, "mark_price": null, "iv": 80.02, "instrument_name": "BTC-29DEC17-5000-C", "index_price": 4147.5, "direction": "sell", "amount": 0.1}, {"trade_seq": 21, "trade_id": "391742", "timestamp": 1502627912713, "tick_direction": 3, "price": 0.15, "mark_price": null, "iv": 96.81, "instrument_name": "BTC-29DEC17-5000-C", "index_price": 3926.38, "direction": "sell", "amount": 0.5}, {"trade_seq": 20, "trade_id": "391739", "timestamp": 1502627897664, "tick_direction": 3, "price": 0.15, "mark_price": null, "iv": 96.8, "instrument_name": "BTC-29DEC17-5000-C", "index_price": 3926.52, "direction": "sell", "amount": 1.1}, {"trade_seq": 19, "trade_id": "391736", "timestamp": 1502627882523, "tick_direction": 3, "price": 0.15, "mark_price": null, "iv": 96.78, "instrument_name": "BTC-29DEC17-5000-C", "index_price": 3927.36, "direction": "sell", "amount": 0.9}, {"trade_seq": 18, "trade_id": "391733", "timestamp": 1502627867411, "tick_direction": 3, "price": 0.15, "mark_price": null, "iv": 96.81, "instrument_name": "BTC-29DEC17-5000-C", "index_price": 3926.32, "direction": "sell", "amount": 1.1}, {"trade_seq": 17, "trade_id": "391725", "timestamp": 1502627841348, "tick_direction": 3, "price": 0.15, "mark_price": null, "iv": 96.87, "instrument_name": "BTC-29DEC17-5000-C", "index_price": 3924.28, "direction": "sell", "amount": 1.1}, {"trade_seq": 16, "trade_id": "391717", "timestamp": 1502627810757, "tick_direction": 3, "price": 0.15, "mark_price": null, "iv": 97.06, "instrument_name": "BTC-29DEC17-5000-C", "index_price": 3918.35, "direction": "sell", "amount": 1.1}, {"trade_seq": 15, "trade_id": "391189", "timestamp": 1502625706112, "tick_direction": 3, "price": 0.15, "mark_price": null, "iv": 95.26, "instrument_name": "BTC-29DEC17-5000-C", "index_price": 3974.42, "direction": "sell", "amount": 0.2}, {"trade_seq": 14, "trade_id": "389884", "timestamp": 1502619456841, "tick_direction": 3, "price": 0.15, "mark_price": null, "iv": 94.2, "instrument_name": "BTC-29DEC17-5000-C", "index_price": 4006.66, "direction": "sell", "amount": 2.0}, {"trade_seq": 13, "trade_id": "389417", "timestamp": 1502618568842, "tick_direction": 3, "price": 0.15, "mark_price": null, "iv": 92.19, "instrument_name": "BTC-29DEC17-5000-C", "index_price": 4069.36, "direction": "sell", "amount": 1.0}, {"trade_seq": 12, "trade_id": "389408", "timestamp": 1502618546477, "tick_direction": 2, "price": 0.15, "mark_price": null, "iv": 91.95, "instrument_name": "BTC-29DEC17-5000-C", "index_price": 4077.07, "direction": "sell", "amount": 1.0}, {"trade_seq": 11, "trade_id": "386781", "timestamp": 1502605005139, "tick_direction": 2, "price": 0.1682, "mark_price": null, "iv": 99.91, "instrument_name": "BTC-29DEC17-5000-C", "index_price": 4058.91, "direction": "buy", "amount": 1.0}, {"trade_seq": 10, "trade_id": "386141", "timestamp": 1502598662139, "tick_direction": 1, "price": 0.17, "mark_price": null, "iv": 101.58, "instrument_name": "BTC-29DEC17-5000-C", "index_price": 4028.62, "direction": "sell", "amount": 1.4}, {"trade_seq": 9, "trade_id": "386133", "timestamp": 1502598450661, "tick_direction": 1, "price": 0.17, "mark_price": null, "iv": 101.69, "instrument_name": "BTC-29DEC17-5000-C", "index_price": 4025.43, "direction": "sell", "amount": 0.2}, {"trade_seq": 8, "trade_id": "386122", "timestamp": 1502598261461, "tick_direction": 1, "price": 0.17, "mark_price": null, "iv": 102.0, "instrument_name": "BTC-29DEC17-5000-C", "index_price": 4015.53, "direction": "sell", "amount": 0.2}, {"trade_seq": 7, "trade_id": "386023", "timestamp": 1502597711179, "tick_direction": 1, "price": 0.17, "mark_price": null, "iv": 100.0, "instrument_name": "BTC-29DEC17-5000-C", "index_price": 4077.92, "direction": "sell", "amount": 1.0}, {"trade_seq": 6, "trade_id": "386017", "timestamp": 1502597413529, "tick_direction": 1, "price": 0.17, "mark_price": null, "iv": 101.14, "instrument_name": "BTC-29DEC17-5000-C", "index_price": 4042.32, "direction": "sell", "amount": 0.1}, {"trade_seq": 5, "trade_id": "385942", "timestamp": 1502596849544, "tick_direction": 0, "price": 0.17, "mark_price": null, "iv": 100.87, "instrument_name": "BTC-29DEC17-5000-C", "index_price": 4050.6, "direction": "sell", "amount": 0.1}, {"trade_seq": 4, "trade_id": "385885", "timestamp": 1502596129021, "tick_direction": 0, "price": 0.1687, "mark_price": null, "iv": 99.46, "instrument_name": "BTC-29DEC17-5000-C", "index_price": 4078.06, "direction": "buy", "amount": 1.0}, {"trade_seq": 3, "trade_id": "385882", "timestamp": 1502596097750, "tick_direction": 0, "price": 0.1629, "mark_price": null, "iv": 97.1, "instrument_name": "BTC-29DEC17-5000-C", "index_price": 4078.06, "direction": "buy", "amount": 1.0}, {"trade_seq": 2, "trade_id": "385879", "timestamp": 1502596042187, "tick_direction": 0, "price": 0.1571, "mark_price": null, "iv": 94.73, "instrument_name": "BTC-29DEC17-5000-C", "index_price": 4078.06, "direction": "buy", "amount": 1.0}, {"trade_seq": 1, "trade_id": "360159", "timestamp": 1502293777915, "tick_direction": 1, "price": 0.0678, "mark_price": null, "iv": 80.0, "instrument_name": "BTC-29DEC17-5000-C", "index_price": 3293.75, "direction": "sell", "amount": 2.0}], "has_more": false}