{"trades": [{"trade_seq": 704, "trade_id": "246875116", "timestamp": 1679323479013, "tick_direction": 3, "price": 0.0005, "mark_price": 0.00069888, "iv": 110.81, "instrument_name": "BTC-31MAR23-45000-C", "index_price": 28043.82, "direction": "sell", "amount": 5.0}, {"trade_seq": 703, "trade_id": "246875115", "timestamp": 1679323479013, "tick_direction": 3, "price": 0.0005, "mark_price": 0.00069888, "iv": 110.81, "instrument_name": "BTC-31MAR23-45000-C", "index_price": 28043.82, "direction": "sell", "amount": 5.0}, {"trade_seq": 702, "trade_id": "246835260", "timestamp": 1679308502161, "tick_direction": 2, "price": 0.0005, "mark_price": 0.00072953, "iv": 108.63, "instrument_name": "BTC-31MAR23-45000-C", "index_price": 28237.8, "direction": "sell", "amount": 5.0}, {"trade_seq": 701, "trade_id": "246608399", "timestamp": 1679253613371, "tick_direction": 0, "price": 0.001, "mark_price": 0.00080384, "iv": 114.04, "instrument_name": "BTC-31MAR23-45000-C", "index_price": 28318.12, "direction": "buy", "amount": 0.2}, {"trade_seq": 700, "trade_id": "246508995", "timestamp": 1679234585647, "tick_direction": 3, "price": 0.0005, "mark_price": 0.00073183, "iv": 110.93, "instrument_name": "BTC-31MAR23-45000-C", "index_price": 27298.75, "direction": "sell", "amount": 2.0}, {"trade_seq": 699, "trade_id": "246314813", "timestamp": 1679139725153, "tick_direction": 3, "price": 0.0005, "mark_price": 0.00071031, "iv": 105.06, "instrument_name": "BTC-31MAR23-45000-C", "index_price": 27441.5, "direction": "sell", "amount": 3.1}, {"trade_seq": 698, "trade_id": "246312359", "timestamp": 1679137870052, "tick_direction": 3, "price": 0.0005, "mark_price": 0.00053177, "iv": 104.45, "instrument_name": "BTC-31MAR23-45000-C", "index_price": 27512.19, "direction": "sell", "amount": 6.9}, {"trade_seq": 697, "trade_id": "246259192", "timestamp": 1679116450370, "tick_direction": 3, "price": 0.0005, "mark_price": 0.00054198, "iv": 104.22, "instrument_name": "BTC-31MAR23-45000-C", "index_price": 27393.97, "direction": "sell", "amount": 4.0}, {"trade_seq": 696, "trade_id": "244817552", "timestamp": 1678722519530, "tick_direction": 3, "price": 0.0005, "mark_price": 0.00026409, "iv": 110.02, "instrument_name": "BTC-31MAR23-45000-C", "index_price": 24045.08, "direction": "sell", "amount": 4.4}, {"trade_seq": 695, "trade_id": "244817483", "timestamp": 1678722512983, "tick_direction": 3, "price": 0.0005, "mark_price": 0.00026969, "iv": 109.87, "instrument_name": "BTC-31MAR23-45000-C", "index_price": 24065.44, "direction": "sell", "amount": 4.2}, {"trade_seq": 694, "trade_id": "244817482", "timestamp": 1678722512980, "tick_direction": 3, "price": 0.0005, "mark_price": 0.00026969, "iv": 109.87, "instrument_name": "BTC-31MAR23-45000-C", "index_price": 24065.44, "direction": "buy", "amount": 0.8}, {"trade_seq": 693, "trade_id": "244817441", "timestamp": 1678722505162, "tick_direction": 3, "price": 0.0005, "mark_price": 0.00027066, "iv": 109.77, "instrument_name": "BTC-31MAR23-45000-C", "index_price": 24081.07, "direction": "buy", "amount": 5.0}, {"trade_seq": 692, "trade_id": "243892750", "timestamp": 1678407664072, "tick_direction": 3, "price": 0.0005, "mark_price": 2.56e-06, "iv": 123.73, "instrument_name": "BTC-31MAR23-45000-C", "index_price": 20150.81, "direction": "buy", "amount": 0.2}, {"trade_seq": 691, "trade_id": "242732208", "timestamp": 1677168282241, "tick_direction": 3, "price": 0.0005, "mark_price": 0.00066597, "iv": 77.15, "instrument_name": "BTC-31MAR23-45000-C", "index_price": 23982.76, "direction": "sell", "amount": 8.5}, {"trade_seq": 690, "trade_id": "242728720", "timestamp": 1677164820891, "tick_direction": 3, "price": 0.0005, "mark_price": 0.00064833, "iv": 77.4, "instrument_name": "BTC-31MAR23-45000-C", "index_price": 23918.13, "direction": "sell", "amount": 0.8}, {"trade_seq": 689, "trade_id": "242611898", "timestamp": 1677089150765, "tick_direction": 3, "price": 0.0005, "mark_price": 0.00072773, "iv": 77.11, "instrument_name": "BTC-31MAR23-45000-C", "index_price": 23770.46, "direction": "buy", "amount": 3.3}, {"trade_seq": 688, "trade_id": "242611897", "timestamp": 1677089147704, "tick_direction": 3, "price": 0.0005, "mark_price": 0.0007283, "iv": 77.11, "instrument_name": "BTC-31MAR23-45000-C", "index_price": 23770.13, "direction": "buy", "amount": 6.3}, {"trade_seq": 687, "trade_id": "242611895", "timestamp": 1677089147702, "tick_direction": 3, "price": 0.0005, "mark_price": 0.0007283, "iv": 77.11, "instrument_name": "BTC-31MAR23-45000-C", "index_price": 23770.13, "direction": "buy", "amount": 22.1}, {"trade_seq": 686, "trade_id": "242611894", "timestamp": 1677089147699, "tick_direction": 3, "price": 0.0005, "mark_price": 0.0007283, "iv": 77.11, "instrument_name": "BTC-31MAR23-45000-C", "index_price": 23770.13, "direction": "sell", "amount": 15.0}, {"trade_seq": 685, "trade_id": "242611893", "timestamp": 1677089147699, "tick_direction": 3, "price": 0.0005, "mark_price": 0.0007283, "iv": 77.11, "instrument_name": "BTC-31MAR23-45000-C", "index_price": 23770.13, "direction": "sell", "amount": 10.0}, {"trade_seq": 684, "trade_id": "242611892", "timestamp": 1677089147699, "tick_direction": 3, "price": 0.0005, "mark_price": 0.0007283, "iv": 77.11, "instrument_name": "BTC-31MAR23-45000-C", "index_price": 23770.13, "direction": "sell", "amount": 28.3}, {"trade_seq": 683, "trade_id": "242611891", "timestamp": 1677089147699, "tick_direction": 3, "price": 0.0005, "mark_price": 0.0007283, "iv": 77.11, "instrument_name": "BTC-31MAR23-45000-C", "index_price": 23770.13, "direction": "sell", "amount": 10.0}, {"trade_seq": 682, "trade_id": "242611890", "timestamp": 1677089147699, "tick_direction": 2, "price": 0.0005, "mark_price": 0.0007283, "iv": 77.11, "instrument_name": "BTC-31MAR23-45000-C", "index_price": 23770.13, "direction": "sell", "amount": 16.0}, {"trade_seq": 681, "trade_id": "242532092", "timestamp": 1677033296642, "tick_direction": 3, "price": 0.001, "mark_price": 0.00105708, "iv": 81.77, "instrument_name": "BTC-31MAR23-45000-C", "index_price": 23953.83, "direction": "buy", "amount": 0.1}, {"trade_seq": 680, "trade_id": "242532091", "timestamp": 1677033296378, "tick_direction": 3, "price": 0.001, "mark_price": 0.00105708, "iv": 81.78, "instrument_name": "BTC-31MAR23-45000-C", "index_price": 23953.09, "direction": "sell", "amount": 3.2}, {"trade_seq": 679, "trade_id": "242526152", "timestamp": 1677031385976, "tick_direction": 3, "price": 0.001, "mark_price": 0.00114273, "iv": 81.43, "instrument_name": "BTC-31MAR23-45000-C", "index_price": 24025.88, "direction": "buy", "amount": 0.1}, {"trade_seq": 678, "trade_id": "242526145", "timestamp": 1677031380609, "tick_direction": 3, "price": 0.001, "mark_price": 0.00114401, "iv": 81.45, "instrument_name": "BTC-31MAR23-45000-C", "index_price": 24022.87, "direction": "sell", "amount": 3.1}, {"trade_seq": 677, "trade_id": "242526144", "timestamp": 1677031380609, "tick_direction": 2, "price": 0.001, "mark_price": 0.00114401, "iv": 81.45, "instrument_name": "BTC-31MAR23-45000-C", "index_price": 24022.87, "direction": "sell", "amount": 2.5}, {"trade_seq": 676, "trade_id": "242476381", "timestamp": 1676998309847, "tick_direction": 3, "price": 0.0015, "mark_price": 0.00126609, "iv": 83.44, "instrument_name": "BTC-31MAR23-45000-C", "index_price": 24421.1, "direction": "buy", "amount": 5.2}, {"trade_seq": 675, "trade_id": "242476270", "timestamp": 1676998257701, "tick_direction": 3, "price": 0.0015, "mark_price": 0.00128364, "iv": 83.37, "instrument_name": "BTC-31MAR23-45000-C", "index_price": 24433.67, "direction": "buy", "amount": 4.6}, {"trade_seq": 674, "trade_id": "242476204", "timestamp": 1676998209516, "tick_direction": 3, "price": 0.0015, "mark_price": 0.00124248, "iv": 83.37, "instrument_name": "BTC-31MAR23-45000-C", "index_price": 24432.43, "direction": "buy", "amount": 8.7}, {"trade_seq": 673, "trade_id": "242476203", "timestamp": 1676998207263, "tick_direction": 2, "price": 0.0015, "mark_price": 0.00123829, "iv": 83.38, "instrument_name": "BTC-31MAR23-45000-C", "index_price": 24430.61, "direction": "buy", "amount": 9.0}, {"trade_seq": 672, "trade_id": "242384034", "timestamp": 1676929313371, "tick_direction": 0, "price": 0.002, "mark_price": 0.00126065, "iv": 83.98, "instrument_name": "BTC-31MAR23-45000-C", "index_price": 24800.2, "direction": "buy", "amount": 0.9}, {"trade_seq": 671, "trade_id": "242377933", "timestamp": 1676918293210, "tick_direction": 1, "price": 0.0015, "mark_price": 0.00159035, "iv": 80.72, "instrument_name": "BTC-31MAR23-45000-C", "index_price": 24781.23, "direction": "sell", "amount": 1.0}, {"trade_seq": 670, "trade_id": "242336735", "timestamp": 1676889441089, "tick_direction": 1, "price": 0.0015, "mark_price": 0.00130098, "iv": 80.28, "instrument_name": "BTC-31MAR23-45000-C", "index_price": 24803.1, "direction": "buy", "amount": 14.0}, {"trade_seq": 669, "trade_id": "242336733", "timestamp": 1676889441026, "tick_direction": 0, "price": 0.0015, "mark_price": 0.00130098, "iv": 80.28, "instrument_name": "BTC-31MAR23-45000-C", "index_price": 24803.1, "direction": "buy", "amount": 23.0}, {"trade_seq": 668, "trade_id": "242224602", "timestamp": 1676794652664, "tick_direction": 3, "price": 0.001, "mark_price": 0.00121802, "iv": 76.0, "instrument_name": "BTC-31MAR23-45000-C", "index_price": 24615.01, "direction": "buy", "amount": 3.3}, {"trade_seq": 667, "trade_id": "242224598", "timestamp": 1676794642863, "tick_direction": 2, "price": 0.001, "mark_price": 0.00122433, "iv": 76.0, "instrument_name": "BTC-31MAR23-45000-C", "index_price": 24614.1, "direction": "sell", "amount": 4.8}, {"trade_seq": 666, "trade_id": "242187488", "timestamp": 1676736298907, "tick_direction": 2, "price": 0.0015, "mark_price": 0.00168031, "iv": 79.1, "instrument_name": "BTC-31MAR23-45000-C", "index_price": 24678.67, "direction": "sell", "amount": 1.0}, {"trade_seq": 665, "trade_id": "242111814", "timestamp": 1676664687271, "tick_direction": 1, "price": 0.002, "mark_price": 0.00178565, "iv": 80.91, "instrument_name": "BTC-31MAR23-45000-C", "index_price": 24811.82, "direction": "buy", "amount": 1.0}, {"trade_seq": 664, "trade_id": "242111784", "timestamp": 1676664683966, "tick_direction": 1, "price": 0.002, "mark_price": 0.00178766, "iv": 80.9, "instrument_name": "BTC-31MAR23-45000-C", "index_price": 24814.87, "direction": "buy", "amount": 1.0}, {"trade_seq": 663, "trade_id": "242111781", "timestamp": 1676664682753, "tick_direction": 1, "price": 0.002, "mark_price": 0.00178512, "iv": 80.92, "instrument_name": "BTC-31MAR23-45000-C", "index_price": 24810.94, "direction": "buy", "amount": 1.0}, {"trade_seq": 662, "trade_id": "242110679", "timestamp": 1676664556774, "tick_direction": 1, "price": 0.002, "mark_price": 0.00183003, "iv": 80.5, "instrument_name": "BTC-31MAR23-45000-C", "index_price": 24901.64, "direction": "buy", "amount": 1.0}, {"trade_seq": 661, "trade_id": "242110668", "timestamp": 1676664555317, "tick_direction": 1, "price": 0.002, "mark_price": 0.00182922, "iv": 80.51, "instrument_name": "BTC-31MAR23-45000-C", "index_price": 24900.87, "direction": "buy", "amount": 1.0}, {"trade_seq": 660, "trade_id": "242110651", "timestamp": 1676664554272, "tick_direction": 0, "price": 0.002, "mark_price": 0.00181519, "iv": 80.61, "instrument_name": "BTC-31MAR23-45000-C", "index_price": 24880.44, "direction": "buy", "amount": 1.0}, {"trade_seq": 659, "trade_id": "242094553", "timestamp": 1676657450625, "tick_direction": 0, "price": 0.0015, "mark_price": 0.00140159, "iv": 79.64, "instrument_name": "BTC-31MAR23-45000-C", "index_price": 24381.55, "direction": "buy", "amount": 0.1}, {"trade_seq": 658, "trade_id": "241991935", "timestamp": 1676598917457, "tick_direction": 1, "price": 0.001, "mark_price": 0.00072548, "iv": 77.81, "instrument_name": "BTC-31MAR23-45000-C", "index_price": 23762.22, "direction": "buy", "amount": 0.4}, {"trade_seq": 657, "trade_id": "241983703", "timestamp": 1676593247692, "tick_direction": 1, "price": 0.001, "mark_price": 0.00072639, "iv": 78.42, "instrument_name": "BTC-31MAR23-45000-C", "index_price": 23604.89, "direction": "buy", "amount": 0.4}, {"trade_seq": 656, "trade_id": "241949349", "timestamp": 1676585834825, "tick_direction": 1, "price": 0.001, "mark_price": 0.0008597, "iv": 75.0, "instrument_name": "BTC-31MAR23-45000-C", "index_price": 24371.6, "direction": "buy", "amount": 4.0}, {"trade_seq": 655, "trade_id": "241853419", "timestamp": 1676549953876, "tick_direction": 1, "price": 0.001, "mark_price": 0.00071991, "iv": 74.01, "instrument_name": "BTC-31MAR23-45000-C", "index_price": 24512.6, "direction": "buy", "amount": 1.0}, {"trade_seq": 654, "trade_id": "241786034", "timestamp": 1676501431899, "tick_direction": 0, "price": 0.001, "mark_price": 0.00089317, "iv": 74.56, "instrument_name": "BTC-31MAR23-45000-C", "index_price": 24295.61, "direction": "buy", "amount": 0.2}, {"trade_seq": 653, "trade_id": "241755156", "timestamp": 1676492502534, "tick_direction": 3, "price": 0.0005, "mark_price": 0.0007549, "iv": 70.79, "instrument_name": "BTC-31MAR23-45000-C", "index_price": 23808.72, "direction": "sell", "amount": 0.6}, {"trade_seq": 652, "trade_id": "241755155", "timestamp": 1676492502236, "tick_direction": 3, "price": 0.0005, "mark_price": 0.00075444, "iv": 70.79, "instrument_name": "BTC-31MAR23-45000-C", "index_price": 23808.72, "direction": "sell", "amount": 2.3}, {"trade_seq": 651, "trade_id": "241755154", "timestamp": 1676492502096, "tick_direction": 3, "price": 0.0005, "mark_price": 0.00075444, "iv": 70.79, "instrument_name": "BTC-31MAR23-45000-C", "index_price": 23808.31, "direction": "sell", "amount": 2.3}, {"trade_seq": 650, "trade_id": "241755152", "timestamp": 1676492501576, "tick_direction": 3, "price": 0.0005, "mark_price": 0.00075444, "iv": 70.79, "instrument_name": "BTC-31MAR23-45000-C", "index_price": 23808.31, "direction": "buy", "amount": 1.0}, {"trade_seq": 649, "trade_id": "241558093", "timestamp": 1676330850450, "tick_direction": 3, "price": 0.0005, "mark_price": 0.00077306, "iv": 77.7, "instrument_name": "BTC-31MAR23-45000-C", "index_price": 21796.53, "direction": "sell", "amount": 0.1}, {"trade_seq": 648, "trade_id": "241554758", "timestamp": 1676327812392, "tick_direction": 3, "price": 0.0005, "mark_price": 0.00072612, "iv": 78.25, "instrument_name": "BTC-31MAR23-45000-C", "index_price": 21656.85, "direction": "sell", "amount": 4.9}, {"trade_seq": 647, "trade_id": "241554717", "timestamp": 1676327794720, "tick_direction": 3, "price": 0.0005, "mark_price": 0.00072769, "iv": 78.24, "instrument_name": "BTC-31MAR23-45000-C", "index_price": 21660.42, "direction": "sell", "amount": 5.0}, {"trade_seq": 646, "trade_id": "241544358", "timestamp": 1676312284815, "tick_direction": 3, "price": 0.0005, "mark_price": 0.00073145, "iv": 78.38, "instrument_name": "BTC-31MAR23-45000-C", "index_price": 21578.12, "direction": "sell", "amount": 10.0}, {"trade_seq": 645, "trade_id": "241544351", "timestamp": 1676312264406, "tick_direction": 3, "price": 0.0005, "mark_price": 0.00073022, "iv": 78.4, "instrument_name": "BTC-31MAR23-45000-C", "index_price": 21576.01, "direction": "sell", "amount": 10.0}, {"trade_seq": 644, "trade_id": "241440552", "timestamp": 1676200361455, "tick_direction": 3, "price": 0.0005, "mark_price": 0.00071628, "iv": 76.05, "instrument_name": "BTC-31MAR23-45000-C", "index_price": 21867.66, "direction": "sell", "amount": 1.0}, {"trade_seq": 643, "trade_id": "241440551", "timestamp": 1676200361455, "tick_direction": 2, "price": 0.0005, "mark_price": 0.00071628, "iv": 76.05, "instrument_name": "BTC-31MAR23-45000-C", "index_price": 21867.66, "direction": "sell", "amount": 1.0}, {"trade_seq": 642, "trade_id": "241229256", "timestamp": 1675958385930, "tick_direction": 2, "price": 0.0009, "mark_price": 0.00090138, "iv": 75.57, "instrument_name": "BTC-31MAR23-45000-C", "index_price": 22608.53, "direction": "sell", "block_trade_id": "64284", "amount": 25.0}, {"trade_seq": 641, "trade_id": "241125203", "timestamp": 1675844493889, "tick_direction": 3, "price": 0.001, "mark_price": 0.0010631, "iv": 72.97, "instrument_name": "BTC-31MAR23-45000-C", "index_price": 23219.12, "direction": "sell", "amount": 1.8}, {"trade_seq": 640, "trade_id": "241125120", "timestamp": 1675844402429, "tick_direction": 3, "price": 0.001, "mark_price": 0.00103002, "iv": 72.97, "instrument_name": "BTC-31MAR23-45000-C", "index_price": 23219.96, "direction": "sell", "amount": 0.1}, {"trade_seq": 639, "trade_id": "241121422", "timestamp": 1675839876586, "tick_direction": 3, "price": 0.001, "mark_price": 0.00122138, "iv": 72.96, "instrument_name": "BTC-31MAR23-45000-C", "index_price": 23212.5, "direction": "sell", "amount": 3.2}, {"trade_seq": 638, "trade_id": "241120609", "timestamp": 1675837385088, "tick_direction": 3, "price": 0.001, "mark_price": 0.00119923, "iv": 72.91, "instrument_name": "BTC-31MAR23-45000-C", "index_price": 23217.85, "direction": "buy", "amount": 1.0}, {"trade_seq": 637, "trade_id": "241120608", "timestamp": 1675837377525, "tick_direction": 3, "price": 0.001, "mark_price": 0.00120465, "iv": 72.91, "instrument_name": "BTC-31MAR23-45000-C", "index_price": 23218.23, "direction": "buy", "amount": 1.0}, {"trade_seq": 636, "trade_id": "241120606", "timestamp": 1675837370872, "tick_direction": 3, "price": 0.001, "mark_price": 0.00120875, "iv": 72.91, "instrument_name": "BTC-31MAR23-45000-C", "index_price": 23218.46, "direction": "buy", "amount": 1.0}, {"trade_seq": 635, "trade_id": "241120602", "timestamp": 1675837365391, "tick_direction": 3, "price": 0.001, "mark_price": 0.00121393, "iv": 72.9, "instrument_name": "BTC-31MAR23-45000-C", "index_price": 23220.64, "direction": "buy", "amount": 1.0}, {"trade_seq": 634, "trade_id": "241120593", "timestamp": 1675837357826, "tick_direction": 3, "price": 0.001, "mark_price": 0.00121788, "iv": 72.89, "instrument_name": "BTC-31MAR23-45000-C", "index_price": 23223.38, "direction": "sell", "amount": 1.0}, {"trade_seq": 633, "trade_id": "241118400", "timestamp": 1675832808593, "tick_direction": 3, "price": 0.001, "mark_price": 0.00122895, "iv": 72.74, "instrument_name": "BTC-31MAR23-45000-C", "index_price": 23246.9, "direction": "buy", "amount": 0.5}, {"trade_seq": 632, "trade_id": "241118399", "timestamp": 1675832808547, "tick_direction": 2, "price": 0.001, "mark_price": 0.00122895, "iv": 72.74, "instrument_name": "BTC-31MAR23-45000-C", "index_price": 23246.9, "direction": "sell", "amount": 9.3}, {"trade_seq": 631, "trade_id": "240855122", "timestamp": 1675472708073, "tick_direction": 2, "price": 0.0015, "mark_price": 0.00151467, "iv": 72.78, "instrument_name": "BTC-31MAR23-45000-C", "index_price": 23420.63, "direction": "sell", "amount": 0.5}, {"trade_seq": 630, "trade_id": "240747504", "timestamp": 1675364764152, "tick_direction": 1, "price": 0.002, "mark_price": 0.00189419, "iv": 72.49, "instrument_name": "BTC-31MAR23-45000-C", "index_price": 23959.46, "direction": "buy", "amount": 0.7}, {"trade_seq": 629, "trade_id": "240711121", "timestamp": 1675344894178, "tick_direction": 1, "price": 0.002, "mark_price": 0.00215323, "iv": 73.27, "instrument_name": "BTC-31MAR23-45000-C", "index_price": 23771.81, "direction": "sell", "amount": 1.0}, {"trade_seq": 628, "trade_id": "240586128", "timestamp": 1675255283844, "tick_direction": 0, "price": 0.002, "mark_price": 0.00173963, "iv": 75.31, "instrument_name": "BTC-31MAR23-45000-C", "index_price": 23091.96, "direction": "buy", "amount": 0.2}, {"trade_seq": 627, "trade_id": "240468157", "timestamp": 1675083183745, "tick_direction": 3, "price": 0.0015, "mark_price": 0.00168928, "iv": 71.49, "instrument_name": "BTC-31MAR23-45000-C", "index_price": 23032.62, "direction": "sell", "amount": 2.3}, {"trade_seq": 626, "trade_id": "240468103", "timestamp": 1675083107001, "tick_direction": 3, "price": 0.0015, "mark_price": 0.00172151, "iv": 71.46, "instrument_name": "BTC-31MAR23-45000-C", "index_price": 23048.21, "direction": "sell", "amount": 2.3}, {"trade_seq": 625, "trade_id": "240468007", "timestamp": 1675083067307, "tick_direction": 3, "price": 0.0015, "mark_price": 0.00173227, "iv": 71.43, "instrument_name": "BTC-31MAR23-45000-C", "index_price": 23053.29, "direction": "sell", "amount": 2.9}, {"trade_seq": 624, "trade_id": "240467979", "timestamp": 1675083020245, "tick_direction": 3, "price": 0.0015, "mark_price": 0.00174278, "iv": 71.4, "instrument_name": "BTC-31MAR23-45000-C", "index_price": 23054.7, "direction": "buy", "amount": 0.2}, {"trade_seq": 623, "trade_id": "240467978", "timestamp": 1675083020236, "tick_direction": 2, "price": 0.0015, "mark_price": 0.00174278, "iv": 71.4, "instrument_name": "BTC-31MAR23-45000-C", "index_price": 23054.7, "direction": "sell", "amount": 2.0}, {"trade_seq": 622, "trade_id": "240463935", "timestamp": 1675079969349, "tick_direction": 1, "price": 0.002, "mark_price": 0.00175178, "iv": 74.06, "instrument_name": "BTC-31MAR23-45000-C", "index_price": 23095.26, "direction": "sell", "amount": 1.4}, {"trade_seq": 621, "trade_id": "240463934", "timestamp": 1675079969347, "tick_direction": 1, "price": 0.002, "mark_price": 0.00175178, "iv": 74.06, "instrument_name": "BTC-31MAR23-45000-C", "index_price": 23095.26, "direction": "buy", "amount": 1.8}, {"trade_seq": 620, "trade_id": "240463933", "timestamp": 1675079969347, "tick_direction": 1, "price": 0.002, "mark_price": 0.00175178, "iv": 74.06, "instrument_name": "BTC-31MAR23-45000-C", "index_price": 23095.26, "direction": "buy", "amount": 2.8}, {"trade_seq": 619, "trade_id": "240386578", "timestamp": 1674990647030, "tick_direction": 0, "price": 0.002, "mark_price": 0.00171364, "iv": 72.31, "instrument_name": "BTC-31MAR23-45000-C", "index_price": 23357.63, "direction": "buy", "amount": 2.9}, {"trade_seq": 618, "trade_id": "240352112", "timestamp": 1674926695762, "tick_direction": 2, "price": 0.0015, "mark_price": 0.00172975, "iv": 70.51, "instrument_name": "BTC-31MAR23-45000-C", "index_price": 23001.72, "direction": "sell", "amount": 1.0}, {"trade_seq": 617, "trade_id": "240352093", "timestamp": 1674926623998, "tick_direction": 1, "price": 0.002, "mark_price": 0.00172657, "iv": 73.29, "instrument_name": "BTC-31MAR23-45000-C", "index_price": 23000.57, "direction": "buy", "amount": 1.0}, {"trade_seq": 616, "trade_id": "240350270", "timestamp": 1674918787075, "tick_direction": 1, "price": 0.002, "mark_price": 0.00177537, "iv": 73.13, "instrument_name": "BTC-31MAR23-45000-C", "index_price": 23029.52, "direction": "buy", "amount": 0.2}, {"trade_seq": 615, "trade_id": "240350248", "timestamp": 1674918786990, "tick_direction": 1, "price": 0.002, "mark_price": 0.00177537, "iv": 73.13, "instrument_name": "BTC-31MAR23-45000-C", "index_price": 23029.52, "direction": "buy", "amount": 0.3}, {"trade_seq": 614, "trade_id": "240350221", "timestamp": 1674918779427, "tick_direction": 1, "price": 0.002, "mark_price": 0.00177053, "iv": 73.16, "instrument_name": "BTC-31MAR23-45000-C", "index_price": 23024.06, "direction": "buy", "amount": 12.5}, {"trade_seq": 613, "trade_id": "240348557", "timestamp": 1674915299511, "tick_direction": 1, "price": 0.002, "mark_price": 0.00223103, "iv": 73.36, "instrument_name": "BTC-31MAR23-45000-C", "index_price": 22964.9, "direction": "sell", "amount": 2.0}, {"trade_seq": 612, "trade_id": "240348556", "timestamp": 1674915299511, "tick_direction": 1, "price": 0.002, "mark_price": 0.00223103, "iv": 73.36, "instrument_name": "BTC-31MAR23-45000-C", "index_price": 22964.9, "direction": "sell", "amount": 1.0}, {"trade_seq": 611, "trade_id": "240348555", "timestamp": 1674915299511, "tick_direction": 0, "price": 0.002, "mark_price": 0.00223103, "iv": 73.36, "instrument_name": "BTC-31MAR23-45000-C", "index_price": 22964.9, "direction": "sell", "amount": 0.1}, {"trade_seq": 610, "trade_id": "240342511", "timestamp": 1674898305176, "tick_direction": 2, "price": 0.0019, "mark_price": 0.00198963, "iv": 72.55, "instrument_name": "BTC-31MAR23-45000-C", "index_price": 23004.43, "direction": "sell", "combo_id": "BTC-CS-31MAR23-34000_45000", "block_trade_id": "62903", "amount": 20.0}, {"trade_seq": 609, "trade_id": "240275449", "timestamp": 1674809165397, "tick_direction": 3, "price": 0.0025, "mark_price": 0.00241957, "iv": 74.86, "instrument_name": "BTC-31MAR23-45000-C", "index_price": 22991.79, "direction": "buy", "amount": 0.9}, {"trade_seq": 608, "trade_id": "240275448", "timestamp": 1674809165397, "tick_direction": 2, "price": 0.0025, "mark_price": 0.00241957, "iv": 74.86, "instrument_name": "BTC-31MAR23-45000-C", "index_price": 22991.79, "direction": "buy", "amount": 26.0}, {"trade_seq": 607, "trade_id": "240103807", "timestamp": 1674656303187, "tick_direction": 2, "price": 0.003, "mark_price": 0.00278177, "iv": 77.32, "instrument_name": "BTC-31MAR23-45000-C", "index_price": 22605.91, "direction": "buy", "amount": 1.0}, {"trade_seq": 606, "trade_id": "240043127", "timestamp": 1674576991299, "tick_direction": 3, "price": 0.0035, "mark_price": 0.00366651, "iv": 77.51, "instrument_name": "BTC-31MAR23-45000-C", "index_price": 22875.99, "direction": "sell", "amount": 0.2}, {"trade_seq": 605, "trade_id": "240015291", "timestamp": 1674551060386, "tick_direction": 3, "price": 0.0035, "mark_price": 0.00339138, "iv": 77.13, "instrument_name": "BTC-31MAR23-45000-C", "index_price": 22933.02, "direction": "sell", "amount": 0.1}, {"trade_seq": 604, "trade_id": "239998504", "timestamp": 1674525986917, "tick_direction": 2, "price": 0.0035, "mark_price": 0.00328995, "iv": 76.2, "instrument_name": "BTC-31MAR23-45000-C", "index_price": 23117.0, "direction": "buy", "amount": 3.3}, {"trade_seq": 603, "trade_id": "239970352", "timestamp": 1674494187137, "tick_direction": 0, "price": 0.004, "mark_price": 0.0039889, "iv": 78.52, "instrument_name": "BTC-31MAR23-45000-C", "index_price": 22899.72, "direction": "sell", "amount": 3.0}, {"trade_seq": 602, "trade_id": "239967747", "timestamp": 1674491317029, "tick_direction": 3, "price": 0.0035, "mark_price": 0.00414206, "iv": 77.1, "instrument_name": "BTC-31MAR23-45000-C", "index_price": 22849.15, "direction": "sell", "amount": 34.9}, {"trade_seq": 601, "trade_id": "239967746", "timestamp": 1674491317029, "tick_direction": 3, "price": 0.0035, "mark_price": 0.00414206, "iv": 77.1, "instrument_name": "BTC-31MAR23-45000-C", "index_price": 22849.15, "direction": "sell", "amount": 7.5}, {"trade_seq": 600, "trade_id": "239967745", "timestamp": 1674491317029, "tick_direction": 3, "price": 0.0035, "mark_price": 0.00414206, "iv": 77.1, "instrument_name": "BTC-31MAR23-45000-C", "index_price": 22849.15, "direction": "sell", "amount": 1.0}, {"trade_seq": 599, "trade_id": "239967744", "timestamp": 1674491317029, "tick_direction": 3, "price": 0.0035, "mark_price": 0.00414206, "iv": 77.1, "instrument_name": "BTC-31MAR23-45000-C", "index_price": 22849.15, "direction": "sell", "amount": 1.9}, {"trade_seq": 598, "trade_id": "239967743", "timestamp": 1674491317029, "tick_direction": 3, "price": 0.0035, "mark_price": 0.00414206, "iv": 77.1, "instrument_name": "BTC-31MAR23-45000-C", "index_price": 22849.15, "direction": "sell", "amount": 15.0}, {"trade_seq": 597, "trade_id": "239967742", "timestamp": 1674491317029, "tick_direction": 3, "price": 0.0035, "mark_price": 0.00414206, "iv": 77.1, "instrument_name": "BTC-31MAR23-45000-C", "index_price": 22849.15, "direction": "sell", "amount": 7.4}, {"trade_seq": 596, "trade_id": "239967741", "timestamp": 1674491317029, "tick_direction": 3, "price": 0.0035, "mark_price": 0.00414206, "iv": 77.1, "instrument_name": "BTC-31MAR23-45000-C", "index_price": 22849.15, "direction": "sell", "amount": 25.3}, {"trade_seq": 595, "trade_id": "239967740", "timestamp": 1674491317029, "tick_direction": 2, "price": 0.0035, "mark_price": 0.00414206, "iv": 77.1, "instrument_name": "BTC-31MAR23-45000-C", "index_price": 22849.15, "direction": "sell", "amount": 11.7}, {"trade_seq": 594, "trade_id": "239923071", "timestamp": 1674454375732, "tick_direction": 3, "price": 0.004, "mark_price": 0.00427131, "iv": 78.89, "instrument_name": "BTC-31MAR23-45000-C", "index_price": 22741.14, "direction": "sell", "amount": 1.1}, {"trade_seq": 593, "trade_id": "239918145", "timestamp": 1674440625638, "tick_direction": 3, "price": 0.004, "mark_price": 0.00372647, "iv": 78.89, "instrument_name": "BTC-31MAR23-45000-C", "index_price": 22727.75, "direction": "buy", "amount": 0.5}, {"trade_seq": 592, "trade_id": "239918093", "timestamp": 1674440328302, "tick_direction": 3, "price": 0.004, "mark_price": 0.00376081, "iv": 78.81, "instrument_name": "BTC-31MAR23-45000-C", "index_price": 22751.52, "direction": "buy", "amount": 0.2}, {"trade_seq": 591, "trade_id": "239918048", "timestamp": 1674440162698, "tick_direction": 3, "price": 0.004, "mark_price": 0.00375292, "iv": 78.85, "instrument_name": "BTC-31MAR23-45000-C", "index_price": 22737.87, "direction": "buy", "amount": 0.1}, {"trade_seq": 590, "trade_id": "239917204", "timestamp": 1674438012447, "tick_direction": 3, "price": 0.004, "mark_price": 0.00373242, "iv": 78.75, "instrument_name": "BTC-31MAR23-45000-C", "index_price": 22755.11, "direction": "buy", "amount": 0.5}, {"trade_seq": 589, "trade_id": "239917203", "timestamp": 1674438008308, "tick_direction": 3, "price": 0.004, "mark_price": 0.00373098, "iv": 78.76, "instrument_name": "BTC-31MAR23-45000-C", "index_price": 22753.68, "direction": "buy", "amount": 0.2}, {"trade_seq": 588, "trade_id": "239917202", "timestamp": 1674438002604, "tick_direction": 3, "price": 0.004, "mark_price": 0.00372923, "iv": 78.76, "instrument_name": "BTC-31MAR23-45000-C", "index_price": 22752.2, "direction": "buy", "amount": 0.2}, {"trade_seq": 587, "trade_id": "239917161", "timestamp": 1674437900358, "tick_direction": 3, "price": 0.004, "mark_price": 0.00372948, "iv": 78.75, "instrument_name": "BTC-31MAR23-45000-C", "index_price": 22759.24, "direction": "buy", "amount": 0.1}, {"trade_seq": 586, "trade_id": "239917160", "timestamp": 1674437900341, "tick_direction": 3, "price": 0.004, "mark_price": 0.00372948, "iv": 78.75, "instrument_name": "BTC-31MAR23-45000-C", "index_price": 22759.24, "direction": "buy", "amount": 0.1}, {"trade_seq": 585, "trade_id": "239917154", "timestamp": 1674437893029, "tick_direction": 2, "price": 0.004, "mark_price": 0.00372642, "iv": 78.76, "instrument_name": "BTC-31MAR23-45000-C", "index_price": 22755.39, "direction": "buy", "amount": 0.1}, {"trade_seq": 584, "trade_id": "239901191", "timestamp": 1674418550807, "tick_direction": 2, "price": 0.0045, "mark_price": 0.00402542, "iv": 81.11, "instrument_name": "BTC-31MAR23-45000-C", "index_price": 22520.7, "direction": "buy", "amount": 0.3}, {"trade_seq": 583, "trade_id": "239880899", "timestamp": 1674397128328, "tick_direction": 3, "price": 0.005, "mark_price": 0.0054124, "iv": 80.84, "instrument_name": "BTC-31MAR23-45000-C", "index_price": 22880.23, "direction": "sell", "amount": 0.1}, {"trade_seq": 582, "trade_id": "239880797", "timestamp": 1674396796966, "tick_direction": 3, "price": 0.005, "mark_price": 0.0053575, "iv": 80.82, "instrument_name": "BTC-31MAR23-45000-C", "index_price": 22888.46, "direction": "sell", "amount": 0.1}, {"trade_seq": 581, "trade_id": "239861307", "timestamp": 1674360887601, "tick_direction": 2, "price": 0.005, "mark_price": 0.00545545, "iv": 81.1, "instrument_name": "BTC-31MAR23-45000-C", "index_price": 22726.24, "direction": "sell", "amount": 0.1}, {"trade_seq": 580, "trade_id": "239834465", "timestamp": 1674323553666, "tick_direction": 1, "price": 0.0065, "mark_price": 0.00646563, "iv": 82.33, "instrument_name": "BTC-31MAR23-45000-C", "index_price": 23258.81, "direction": "buy", "amount": 0.1}, {"trade_seq": 579, "trade_id": "239834455", "timestamp": 1674323550340, "tick_direction": 1, "price": 0.0065, "mark_price": 0.00648339, "iv": 82.27, "instrument_name": "BTC-31MAR23-45000-C", "index_price": 23266.98, "direction": "buy", "amount": 0.6}, {"trade_seq": 578, "trade_id": "239834375", "timestamp": 1674323541067, "tick_direction": 1, "price": 0.0065, "mark_price": 0.00657569, "iv": 82.11, "instrument_name": "BTC-31MAR23-45000-C", "index_price": 23303.9, "direction": "buy", "amount": 1.3}, {"trade_seq": 577, "trade_id": "239831001", "timestamp": 1674320758067, "tick_direction": 1, "price": 0.0065, "mark_price": 0.00612893, "iv": 82.38, "instrument_name": "BTC-31MAR23-45000-C", "index_price": 23246.62, "direction": "buy", "amount": 0.1}, {"trade_seq": 576, "trade_id": "239831000", "timestamp": 1674320757949, "tick_direction": 1, "price": 0.0065, "mark_price": 0.00612893, "iv": 82.4, "instrument_name": "BTC-31MAR23-45000-C", "index_price": 23242.45, "direction": "buy", "amount": 0.1}, {"trade_seq": 575, "trade_id": "239830999", "timestamp": 1674320757885, "tick_direction": 1, "price": 0.0065, "mark_price": 0.00612626, "iv": 82.4, "instrument_name": "BTC-31MAR23-45000-C", "index_price": 23242.45, "direction": "buy", "amount": 1.3}, {"trade_seq": 574, "trade_id": "239830991", "timestamp": 1674320755013, "tick_direction": 0, "price": 0.0065, "mark_price": 0.00611761, "iv": 82.41, "instrument_name": "BTC-31MAR23-45000-C", "index_price": 23240.68, "direction": "buy", "amount": 0.2}, {"trade_seq": 573, "trade_id": "239830067", "timestamp": 1674320190762, "tick_direction": 1, "price": 0.006, "mark_price": 0.00585284, "iv": 81.35, "instrument_name": "BTC-31MAR23-45000-C", "index_price": 23208.25, "direction": "buy", "amount": 0.2}, {"trade_seq": 572, "trade_id": "239829795", "timestamp": 1674319981658, "tick_direction": 0, "price": 0.006, "mark_price": 0.00565162, "iv": 81.16, "instrument_name": "BTC-31MAR23-45000-C", "index_price": 23260.47, "direction": "buy", "amount": 0.9}, {"trade_seq": 571, "trade_id": "239807360", "timestamp": 1674304528910, "tick_direction": 3, "price": 0.0045, "mark_price": 0.00492566, "iv": 78.42, "instrument_name": "BTC-31MAR23-45000-C", "index_price": 22952.99, "direction": "sell", "amount": 0.1}, {"trade_seq": 570, "trade_id": "239807359", "timestamp": 1674304527538, "tick_direction": 3, "price": 0.0045, "mark_price": 0.00492593, "iv": 78.42, "instrument_name": "BTC-31MAR23-45000-C", "index_price": 22952.97, "direction": "sell", "amount": 0.1}, {"trade_seq": 569, "trade_id": "239807358", "timestamp": 1674304526589, "tick_direction": 3, "price": 0.0045, "mark_price": 0.00492649, "iv": 78.42, "instrument_name": "BTC-31MAR23-45000-C", "index_price": 22952.38, "direction": "sell", "amount": 0.7}, {"trade_seq": 568, "trade_id": "239807115", "timestamp": 1674304249454, "tick_direction": 3, "price": 0.0045, "mark_price": 0.00500159, "iv": 78.2, "instrument_name": "BTC-31MAR23-45000-C", "index_price": 23009.74, "direction": "sell", "amount": 0.1}, {"trade_seq": 567, "trade_id": "239807110", "timestamp": 1674304243002, "tick_direction": 3, "price": 0.0045, "mark_price": 0.00500239, "iv": 78.2, "instrument_name": "BTC-31MAR23-45000-C", "index_price": 23011.03, "direction": "sell", "amount": 0.1}, {"trade_seq": 566, "trade_id": "239807109", "timestamp": 1674304242975, "tick_direction": 2, "price": 0.0045, "mark_price": 0.00500239, "iv": 78.2, "instrument_name": "BTC-31MAR23-45000-C", "index_price": 23011.03, "direction": "sell", "amount": 0.1}, {"trade_seq": 565, "trade_id": "239788932", "timestamp": 1674295971360, "tick_direction": 1, "price": 0.0055, "mark_price": 0.00565344, "iv": 79.63, "instrument_name": "BTC-31MAR23-45000-C", "index_price": 23289.88, "direction": "sell", "amount": 0.1}, {"trade_seq": 564, "trade_id": "239788931", "timestamp": 1674295971156, "tick_direction": 1, "price": 0.0055, "mark_price": 0.00565344, "iv": 79.63, "instrument_name": "BTC-31MAR23-45000-C", "index_price": 23289.88, "direction": "sell", "amount": 0.3}, {"trade_seq": 563, "trade_id": "239788930", "timestamp": 1674295971104, "tick_direction": 0, "price": 0.0055, "mark_price": 0.00565344, "iv": 79.63, "instrument_name": "BTC-31MAR23-45000-C", "index_price": 23289.88, "direction": "sell", "amount": 0.8}, {"trade_seq": 562, "trade_id": "239757390", "timestamp": 1674266490485, "tick_direction": 1, "price": 0.003, "mark_price": 0.00334509, "iv": 74.93, "instrument_name": "BTC-31MAR23-45000-C", "index_price": 22582.97, "direction": "sell", "amount": 2.2}, {"trade_seq": 561, "trade_id": "239757389", "timestamp": 1674266490485, "tick_direction": 0, "price": 0.003, "mark_price": 0.00334509, "iv": 74.93, "instrument_name": "BTC-31MAR23-45000-C", "index_price": 22582.97, "direction": "sell", "amount": 2.5}, {"trade_seq": 560, "trade_id": "239677441", "timestamp": 1674214806006, "tick_direction": 3, "price": 0.002, "mark_price": 0.00174091, "iv": 76.71, "instrument_name": "BTC-31MAR23-45000-C", "index_price": 20963.74, "direction": "buy", "amount": 5.0}, {"trade_seq": 559, "trade_id": "239677440", "timestamp": 1674214803464, "tick_direction": 3, "price": 0.002, "mark_price": 0.00174101, "iv": 76.71, "instrument_name": "BTC-31MAR23-45000-C", "index_price": 20963.93, "direction": "buy", "amount": 5.0}, {"trade_seq": 558, "trade_id": "239676629", "timestamp": 1674212001665, "tick_direction": 2, "price": 0.002, "mark_price": 0.00195765, "iv": 76.76, "instrument_name": "BTC-31MAR23-45000-C", "index_price": 20946.75, "direction": "buy", "amount": 5.8}, {"trade_seq": 557, "trade_id": "239643568", "timestamp": 1674168037256, "tick_direction": 3, "price": 0.0025, "mark_price": 0.00224815, "iv": 78.59, "instrument_name": "BTC-31MAR23-45000-C", "index_price": 21022.99, "direction": "buy", "amount": 2.0}, {"trade_seq": 556, "trade_id": "239643567", "timestamp": 1674168037256, "tick_direction": 2, "price": 0.0025, "mark_price": 0.00224815, "iv": 78.59, "instrument_name": "BTC-31MAR23-45000-C", "index_price": 21022.99, "direction": "buy", "amount": 4.8}, {"trade_seq": 555, "trade_id": "239584847", "timestamp": 1674077801005, "tick_direction": 3, "price": 0.003, "mark_price": 0.00248685, "iv": 80.93, "instrument_name": "BTC-31MAR23-45000-C", "index_price": 20792.31, "direction": "buy", "amount": 1.7}, {"trade_seq": 554, "trade_id": "239584846", "timestamp": 1674077801005, "tick_direction": 3, "price": 0.003, "mark_price": 0.00248685, "iv": 80.93, "instrument_name": "BTC-31MAR23-45000-C", "index_price": 20792.31, "direction": "buy", "amount": 2.6}, {"trade_seq": 553, "trade_id": "239584845", "timestamp": 1674077801005, "tick_direction": 3, "price": 0.003, "mark_price": 0.00248685, "iv": 80.93, "instrument_name": "BTC-31MAR23-45000-C", "index_price": 20792.31, "direction": "buy", "amount": 2.2}, {"trade_seq": 552, "trade_id": "239506332", "timestamp": 1674041395963, "tick_direction": 2, "price": 0.003, "mark_price": 0.00348527, "iv": 78.99, "instrument_name": "BTC-31MAR23-45000-C", "index_price": 21213.29, "direction": "sell", "amount": 0.1}, {"trade_seq": 551, "trade_id": "239505738", "timestamp": 1674039281783, "tick_direction": 2, "price": 0.0034, "mark_price": 0.0034674, "iv": 80.49, "instrument_name": "BTC-31MAR23-45000-C", "index_price": 21198.02, "direction": "buy", "combo_trade_id": "239505735", "combo_id": "BTC-CBUT-31MAR23-40000_45000_50000", "amount": 0.6}, {"trade_seq": 550, "trade_id": "239431300", "timestamp": 1673946094829, "tick_direction": 3, "price": 0.004, "mark_price": 0.00446975, "iv": 81.84, "instrument_name": "BTC-31MAR23-45000-C", "index_price": 21199.05, "direction": "sell", "amount": 1.9}, {"trade_seq": 549, "trade_id": "239431287", "timestamp": 1673946090595, "tick_direction": 2, "price": 0.004, "mark_price": 0.00447095, "iv": 81.84, "instrument_name": "BTC-31MAR23-45000-C", "index_price": 21197.14, "direction": "sell", "amount": 1.8}, {"trade_seq": 548, "trade_id": "239383792", "timestamp": 1673896401124, "tick_direction": 3, "price": 0.0045, "mark_price": 0.00448118, "iv": 82.42, "instrument_name": "BTC-31MAR23-45000-C", "index_price": 21322.69, "direction": "buy", "amount": 1.0}, {"trade_seq": 547, "trade_id": "239368441", "timestamp": 1673884813001, "tick_direction": 2, "price": 0.0045, "mark_price": 0.00424874, "iv": 83.77, "instrument_name": "BTC-31MAR23-45000-C", "index_price": 21001.52, "direction": "buy", "amount": 2.8}, {"trade_seq": 546, "trade_id": "239337970", "timestamp": 1673857022690, "tick_direction": 3, "price": 0.006, "mark_price": 0.00631478, "iv": 88.41, "instrument_name": "BTC-31MAR23-45000-C", "index_price": 20811.71, "direction": "sell", "amount": 1.8}, {"trade_seq": 545, "trade_id": "239337931", "timestamp": 1673857009744, "tick_direction": 3, "price": 0.006, "mark_price": 0.00630936, "iv": 88.42, "instrument_name": "BTC-31MAR23-45000-C", "index_price": 20809.44, "direction": "sell", "amount": 2.4}, {"trade_seq": 544, "trade_id": "239337930", "timestamp": 1673857009744, "tick_direction": 2, "price": 0.006, "mark_price": 0.00630936, "iv": 88.42, "instrument_name": "BTC-31MAR23-45000-C", "index_price": 20809.44, "direction": "sell", "amount": 1.9}, {"trade_seq": 543, "trade_id": "239328428", "timestamp": 1673853876112, "tick_direction": 3, "price": 0.0065, "mark_price": 0.00673979, "iv": 88.26, "instrument_name": "BTC-31MAR23-45000-C", "index_price": 21108.31, "direction": "buy", "amount": 0.3}, {"trade_seq": 542, "trade_id": "239328412", "timestamp": 1673853868733, "tick_direction": 3, "price": 0.0065, "mark_price": 0.00674603, "iv": 88.24, "instrument_name": "BTC-31MAR23-45000-C", "index_price": 21113.76, "direction": "sell", "amount": 1.7}, {"trade_seq": 541, "trade_id": "239326012", "timestamp": 1673851804452, "tick_direction": 3, "price": 0.0065, "mark_price": 0.00659173, "iv": 87.86, "instrument_name": "BTC-31MAR23-45000-C", "index_price": 21186.98, "direction": "sell", "amount": 1.0}, {"trade_seq": 540, "trade_id": "239312474", "timestamp": 1673835859183, "tick_direction": 2, "price": 0.0065, "mark_price": 0.00706862, "iv": 86.67, "instrument_name": "BTC-31MAR23-45000-C", "index_price": 21418.29, "direction": "sell", "amount": 0.1}, {"trade_seq": 539, "trade_id": "239288729", "timestamp": 1673813335972, "tick_direction": 0, "price": 0.006, "mark_price": 0.00585049, "iv": 87.8, "instrument_name": "BTC-31MAR23-45000-C", "index_price": 20871.62, "direction": "buy", "amount": 1.0}, {"trade_seq": 538, "trade_id": "239264697", "timestamp": 1673786448108, "tick_direction": 3, "price": 0.005, "mark_price": 0.00569828, "iv": 85.87, "instrument_name": "BTC-31MAR23-45000-C", "index_price": 20689.18, "direction": "sell", "amount": 0.1}, {"trade_seq": 537, "trade_id": "239264683", "timestamp": 1673786425322, "tick_direction": 2, "price": 0.005, "mark_price": 0.00569586, "iv": 85.89, "instrument_name": "BTC-31MAR23-45000-C", "index_price": 20684.53, "direction": "sell", "amount": 0.1}, {"trade_seq": 536, "trade_id": "239231034", "timestamp": 1673740283336, "tick_direction": 1, "price": 0.006, "mark_price": 0.00539538, "iv": 86.77, "instrument_name": "BTC-31MAR23-45000-C", "index_price": 21023.54, "direction": "sell", "amount": 2.8}, {"trade_seq": 535, "trade_id": "239231027", "timestamp": 1673740283140, "tick_direction": 1, "price": 0.006, "mark_price": 0.00539538, "iv": 86.77, "instrument_name": "BTC-31MAR23-45000-C", "index_price": 21023.54, "direction": "buy", "amount": 1.0}, {"trade_seq": 534, "trade_id": "239231026", "timestamp": 1673740283140, "tick_direction": 1, "price": 0.006, "mark_price": 0.00539538, "iv": 86.77, "instrument_name": "BTC-31MAR23-45000-C", "index_price": 21023.54, "direction": "buy", "amount": 1.3}, {"trade_seq": 533, "trade_id": "239231025", "timestamp": 1673740283140, "tick_direction": 0, "price": 0.006, "mark_price": 0.00539538, "iv": 86.77, "instrument_name": "BTC-31MAR23-45000-C", "index_price": 21023.54, "direction": "buy", "amount": 0.1}, {"trade_seq": 532, "trade_id": "239230507", "timestamp": 1673739551655, "tick_direction": 1, "price": 0.0055, "mark_price": 0.00501358, "iv": 85.5, "instrument_name": "BTC-31MAR23-45000-C", "index_price": 21030.48, "direction": "sell", "amount": 2.3}, {"trade_seq": 531, "trade_id": "239230505", "timestamp": 1673739551581, "tick_direction": 0, "price": 0.0055, "mark_price": 0.00500896, "iv": 85.5, "instrument_name": "BTC-31MAR23-45000-C", "index_price": 21030.48, "direction": "buy", "amount": 5.0}, {"trade_seq": 530, "trade_id": "239213301", "timestamp": 1673716947241, "tick_direction": 0, "price": 0.004, "mark_price": 0.00454873, "iv": 81.72, "instrument_name": "BTC-31MAR23-45000-C", "index_price": 20863.46, "direction": "sell", "amount": 5.5}, {"trade_seq": 529, "trade_id": "239187678", "timestamp": 1673705929706, "tick_direction": 0, "price": 0.003, "mark_price": 0.00248695, "iv": 78.24, "instrument_name": "BTC-31MAR23-45000-C", "index_price": 20893.22, "direction": "buy", "amount": 0.3}, {"trade_seq": 528, "trade_id": "239000723", "timestamp": 1673621871929, "tick_direction": 1, "price": 0.0015, "mark_price": 0.00124362, "iv": 77.95, "instrument_name": "BTC-31MAR23-45000-C", "index_price": 19054.95, "direction": "buy", "amount": 1.1}, {"trade_seq": 527, "trade_id": "239000703", "timestamp": 1673621871814, "tick_direction": 1, "price": 0.0015, "mark_price": 0.00124362, "iv": 77.95, "instrument_name": "BTC-31MAR23-45000-C", "index_price": 19054.95, "direction": "buy", "amount": 1.8}, {"trade_seq": 526, "trade_id": "239000702", "timestamp": 1673621871814, "tick_direction": 0, "price": 0.0015, "mark_price": 0.00124362, "iv": 77.95, "instrument_name": "BTC-31MAR23-45000-C", "index_price": 19054.95, "direction": "buy", "amount": 2.1}, {"trade_seq": 525, "trade_id": "238998821", "timestamp": 1673621190191, "tick_direction": 3, "price": 0.001, "mark_price": 0.00120922, "iv": 74.73, "instrument_name": "BTC-31MAR23-45000-C", "index_price": 18951.82, "direction": "buy", "amount": 3.2}, {"trade_seq": 524, "trade_id": "238998820", "timestamp": 1673621190188, "tick_direction": 3, "price": 0.001, "mark_price": 0.00120922, "iv": 74.73, "instrument_name": "BTC-31MAR23-45000-C", "index_price": 18951.82, "direction": "sell", "amount": 1.8}, {"trade_seq": 523, "trade_id": "238993152", "timestamp": 1673614700568, "tick_direction": 3, "price": 0.001, "mark_price": 0.00123978, "iv": 75.09, "instrument_name": "BTC-31MAR23-45000-C", "index_price": 18847.74, "direction": "buy", "amount": 2.2}, {"trade_seq": 522, "trade_id": "238993151", "timestamp": 1673614700566, "tick_direction": 3, "price": 0.001, "mark_price": 0.00123978, "iv": 75.09, "instrument_name": "BTC-31MAR23-45000-C", "index_price": 18847.74, "direction": "sell", "amount": 2.8}, {"trade_seq": 521, "trade_id": "238993077", "timestamp": 1673614654476, "tick_direction": 3, "price": 0.001, "mark_price": 0.00124167, "iv": 75.1, "instrument_name": "BTC-31MAR23-45000-C", "index_price": 18845.19, "direction": "buy", "amount": 2.4}, {"trade_seq": 520, "trade_id": "238993076", "timestamp": 1673614654474, "tick_direction": 3, "price": 0.001, "mark_price": 0.00124167, "iv": 75.1, "instrument_name": "BTC-31MAR23-45000-C", "index_price": 18845.19, "direction": "sell", "amount": 1.6}, {"trade_seq": 519, "trade_id": "238993075", "timestamp": 1673614654474, "tick_direction": 2, "price": 0.001, "mark_price": 0.00124167, "iv": 75.1, "instrument_name": "BTC-31MAR23-45000-C", "index_price": 18845.19, "direction": "sell", "amount": 1.0}, {"trade_seq": 518, "trade_id": "238984989", "timestamp": 1673606243626, "tick_direction": 1, "price": 0.0015, "mark_price": 0.00157064, "iv": 78.54, "instrument_name": "BTC-31MAR23-45000-C", "index_price": 18887.23, "direction": "sell", "amount": 16.0}, {"trade_seq": 517, "trade_id": "238984364", "timestamp": 1673605866539, "tick_direction": 1, "price": 0.0015, "mark_price": 0.00140805, "iv": 78.4, "instrument_name": "BTC-31MAR23-45000-C", "index_price": 18916.96, "direction": "sell", "amount": 5.0}, {"trade_seq": 516, "trade_id": "238984303", "timestamp": 1673605836104, "tick_direction": 1, "price": 0.0015, "mark_price": 0.00139514, "iv": 78.36, "instrument_name": "BTC-31MAR23-45000-C", "index_price": 18928.75, "direction": "sell", "amount": 5.0}, {"trade_seq": 515, "trade_id": "238984292", "timestamp": 1673605817273, "tick_direction": 1, "price": 0.0015, "mark_price": 0.00122403, "iv": 78.36, "instrument_name": "BTC-31MAR23-45000-C", "index_price": 18929.26, "direction": "sell", "amount": 1.7}, {"trade_seq": 514, "trade_id": "238984276", "timestamp": 1673605812548, "tick_direction": 1, "price": 0.0015, "mark_price": 0.00122058, "iv": 78.36, "instrument_name": "BTC-31MAR23-45000-C", "index_price": 18929.9, "direction": "sell", "amount": 2.9}, {"trade_seq": 513, "trade_id": "238984274", "timestamp": 1673605810881, "tick_direction": 1, "price": 0.0015, "mark_price": 0.00121993, "iv": 78.35, "instrument_name": "BTC-31MAR23-45000-C", "index_price": 18931.97, "direction": "buy", "amount": 2.5}, {"trade_seq": 512, "trade_id": "238984273", "timestamp": 1673605810881, "tick_direction": 1, "price": 0.0015, "mark_price": 0.00121993, "iv": 78.35, "instrument_name": "BTC-31MAR23-45000-C", "index_price": 18931.97, "direction": "buy", "amount": 1.9}, {"trade_seq": 511, "trade_id": "238984172", "timestamp": 1673605681667, "tick_direction": 1, "price": 0.0015, "mark_price": 0.00121895, "iv": 78.33, "instrument_name": "BTC-31MAR23-45000-C", "index_price": 18938.1, "direction": "buy", "amount": 5.0}, {"trade_seq": 510, "trade_id": "238984164", "timestamp": 1673605677489, "tick_direction": 1, "price": 0.0015, "mark_price": 0.00122068, "iv": 78.32, "instrument_name": "BTC-31MAR23-45000-C", "index_price": 18941.33, "direction": "buy", "amount": 3.0}, {"trade_seq": 509, "trade_id": "238984163", "timestamp": 1673605677489, "tick_direction": 0, "price": 0.0015, "mark_price": 0.00122068, "iv": 78.32, "instrument_name": "BTC-31MAR23-45000-C", "index_price": 18941.33, "direction": "buy", "amount": 2.0}, {"trade_seq": 508, "trade_id": "238824921", "timestamp": 1673507150159, "tick_direction": 3, "price": 0.001, "mark_price": 0.0007287, "iv": 77.17, "instrument_name": "BTC-31MAR23-45000-C", "index_price": 18149.66, "direction": "buy", "amount": 1.9}, {"trade_seq": 507, "trade_id": "238704860", "timestamp": 1673294389891, "tick_direction": 3, "price": 0.001, "mark_price": 0.00072997, "iv": 79.54, "instrument_name": "BTC-31MAR23-45000-C", "index_price": 17301.58, "direction": "buy", "amount": 1.8}, {"trade_seq": 506, "trade_id": "238654879", "timestamp": 1673166445536, "tick_direction": 0, "price": 0.0015, "mark_price": 0.00099633, "iv": 84.07, "instrument_name": "BTC-31MAR23-45000-C", "index_price": 16948.26, "direction": "buy", "amount": 0.5}, {"trade_seq": 505, "trade_id": "238649956", "timestamp": 1673113142402, "tick_direction": 2, "price": 0.001, "mark_price": 0.00169762, "iv": 80.08, "instrument_name": "BTC-31MAR23-45000-C", "index_price": 16928.8, "direction": "sell", "amount": 0.1}, {"trade_seq": 504, "trade_id": "238649947", "timestamp": 1673113067655, "tick_direction": 1, "price": 0.0015, "mark_price": 0.00174162, "iv": 83.88, "instrument_name": "BTC-31MAR23-45000-C", "index_price": 16928.05, "direction": "sell", "amount": 40.0}, {"trade_seq": 503, "trade_id": "238649946", "timestamp": 1673113067655, "tick_direction": 1, "price": 0.0015, "mark_price": 0.00174162, "iv": 83.88, "instrument_name": "BTC-31MAR23-45000-C", "index_price": 16928.05, "direction": "sell", "amount": 44.5}, {"trade_seq": 502, "trade_id": "238649945", "timestamp": 1673113067655, "tick_direction": 0, "price": 0.0015, "mark_price": 0.00174162, "iv": 83.88, "instrument_name": "BTC-31MAR23-45000-C", "index_price": 16928.05, "direction": "sell", "amount": 7.7}, {"trade_seq": 501, "trade_id": "238647375", "timestamp": 1673088892722, "tick_direction": 0, "price": 0.002, "mark_price": 0.00173751, "iv": 86.72, "instrument_name": "BTC-31MAR23-45000-C", "index_price": 16919.03, "direction": "buy", "amount": 0.5}, {"trade_seq": 500, "trade_id": "238631620", "timestamp": 1673033122175, "tick_direction": 2, "price": 0.0013, "mark_price": 0.00174447, "iv": 82.31, "instrument_name": "BTC-31MAR23-45000-C", "index_price": 16857.15, "direction": "sell", "combo_id": "BTC-CDIAG-31MAR23_20JAN23-45000_17500", "block_trade_id": "60297", "amount": 50.0}, {"trade_seq": 499, "trade_id": "238627180", "timestamp": 1673019754609, "tick_direction": 3, "price": 0.0015, "mark_price": 0.00175738, "iv": 83.85, "instrument_name": "BTC-31MAR23-45000-C", "index_price": 16815.05, "direction": "sell", "amount": 0.5}, {"trade_seq": 498, "trade_id": "238612908", "timestamp": 1672995776672, "tick_direction": 3, "price": 0.0015, "mark_price": 0.00173443, "iv": 83.82, "instrument_name": "BTC-31MAR23-45000-C", "index_price": 16791.08, "direction": "sell", "amount": 15.0}, {"trade_seq": 497, "trade_id": "238612905", "timestamp": 1672995775355, "tick_direction": 3, "price": 0.0015, "mark_price": 0.00173443, "iv": 83.82, "instrument_name": "BTC-31MAR23-45000-C", "index_price": 16791.1, "direction": "sell", "amount": 26.8}, {"trade_seq": 496, "trade_id": "238560928", "timestamp": 1672844182740, "tick_direction": 2, "price": 0.0015, "mark_price": 0.00123455, "iv": 82.84, "instrument_name": "BTC-31MAR23-45000-C", "index_price": 16817.85, "direction": "buy", "amount": 1.0}, {"trade_seq": 495, "trade_id": "238516027", "timestamp": 1672729423431, "tick_direction": 0, "price": 0.0025, "mark_price": 0.00195162, "iv": 88.08, "instrument_name": "BTC-31MAR23-45000-C", "index_price": 16720.1, "direction": "buy", "amount": 8.4}, {"trade_seq": 494, "trade_id": "238493323", "timestamp": 1672655514579, "tick_direction": 1, "price": 0.002, "mark_price": 0.00143997, "iv": 85.24, "instrument_name": "BTC-31MAR23-45000-C", "index_price": 16732.65, "direction": "buy", "amount": 3.9}, {"trade_seq": 493, "trade_id": "238493322", "timestamp": 1672655514579, "tick_direction": 0, "price": 0.002, "mark_price": 0.00143997, "iv": 85.24, "instrument_name": "BTC-31MAR23-45000-C", "index_price": 16732.65, "direction": "buy", "amount": 1.1}, {"trade_seq": 492, "trade_id": "238491061", "timestamp": 1672651117546, "tick_direction": 1, "price": 0.0015, "mark_price": 0.00123117, "iv": 82.32, "instrument_name": "BTC-31MAR23-45000-C", "index_price": 16721.65, "direction": "buy", "amount": 2.9}, {"trade_seq": 491, "trade_id": "238491060", "timestamp": 1672651117546, "tick_direction": 1, "price": 0.0015, "mark_price": 0.00123117, "iv": 82.32, "instrument_name": "BTC-31MAR23-45000-C", "index_price": 16721.65, "direction": "buy", "amount": 1.7}, {"trade_seq": 490, "trade_id": "238491059", "timestamp": 1672651117546, "tick_direction": 1, "price": 0.0015, "mark_price": 0.00123117, "iv": 82.32, "instrument_name": "BTC-31MAR23-45000-C", "index_price": 16721.65, "direction": "buy", "amount": 7.4}, {"trade_seq": 489, "trade_id": "238484991", "timestamp": 1672643796063, "tick_direction": 0, "price": 0.0015, "mark_price": 0.00124665, "iv": 82.32, "instrument_name": "BTC-31MAR23-45000-C", "index_price": 16713.98, "direction": "buy", "amount": 10.0}, {"trade_seq": 488, "trade_id": "238450988", "timestamp": 1672473520918, "tick_direction": 2, "price": 0.001, "mark_price": 0.0012351, "iv": 78.49, "instrument_name": "BTC-31MAR23-45000-C", "index_price": 16556.01, "direction": "sell", "amount": 0.2}, {"trade_seq": 487, "trade_id": "238449093", "timestamp": 1672458834944, "tick_direction": 3, "price": 0.002, "mark_price": 0.00246355, "iv": 85.04, "instrument_name": "BTC-31MAR23-45000-C", "index_price": 16550.2, "direction": "sell", "amount": 2.6}, {"trade_seq": 486, "trade_id": "238435108", "timestamp": 1672415557358, "tick_direction": 3, "price": 0.002, "mark_price": 0.00246134, "iv": 84.87, "instrument_name": "BTC-31MAR23-45000-C", "index_price": 16539.29, "direction": "sell", "amount": 0.1}, {"trade_seq": 485, "trade_id": "238415508", "timestamp": 1672388157014, "tick_direction": 2, "price": 0.002, "mark_price": 0.00241749, "iv": 85.09, "instrument_name": "BTC-31MAR23-45000-C", "index_price": 16472.65, "direction": "sell", "amount": 0.2}, {"trade_seq": 484, "trade_id": "238398262", "timestamp": 1672366933638, "tick_direction": 3, "price": 0.003, "mark_price": 0.00298243, "iv": 89.02, "instrument_name": "BTC-31MAR23-45000-C", "index_price": 16596.27, "direction": "sell", "amount": 3.2}, {"trade_seq": 483, "trade_id": "238373853", "timestamp": 1672308915905, "tick_direction": 2, "price": 0.003, "mark_price": 0.0032754, "iv": 88.71, "instrument_name": "BTC-31MAR23-45000-C", "index_price": 16579.24, "direction": "sell", "amount": 2.7}, {"trade_seq": 482, "trade_id": "238369730", "timestamp": 1672302433034, "tick_direction": 1, "price": 0.0035, "mark_price": 0.00296515, "iv": 90.82, "instrument_name": "BTC-31MAR23-45000-C", "index_price": 16527.66, "direction": "buy", "amount": 0.5}, {"trade_seq": 481, "trade_id": "238266257", "timestamp": 1671992093023, "tick_direction": 1, "price": 0.0035, "mark_price": 0.00318543, "iv": 88.03, "instrument_name": "BTC-31MAR23-45000-C", "index_price": 16791.56, "direction": "sell", "amount": 1.0}, {"trade_seq": 480, "trade_id": "238250804", "timestamp": 1671892136357, "tick_direction": 0, "price": 0.0035, "mark_price": 0.00297214, "iv": 87.33, "instrument_name": "BTC-31MAR23-45000-C", "index_price": 16818.78, "direction": "buy", "amount": 1.0}, {"trade_seq": 479, "trade_id": "238249638", "timestamp": 1671877258920, "tick_direction": 2, "price": 0.003, "mark_price": 0.00294928, "iv": 85.41, "instrument_name": "BTC-31MAR23-45000-C", "index_price": 16829.58, "direction": "buy", "amount": 0.2}, {"trade_seq": 478, "trade_id": "238219346", "timestamp": 1671791603955, "tick_direction": 3, "price": 0.0035, "mark_price": 0.00338018, "iv": 86.61, "instrument_name": "BTC-31MAR23-45000-C", "index_price": 16877.87, "direction": "buy", "amount": 1.0}, {"trade_seq": 477, "trade_id": "238211223", "timestamp": 1671777964555, "tick_direction": 3, "price": 0.0035, "mark_price": 0.00375701, "iv": 86.71, "instrument_name": "BTC-31MAR23-45000-C", "index_price": 16840.15, "direction": "sell", "amount": 2.2}, {"trade_seq": 476, "trade_id": "238145692", "timestamp": 1671651046658, "tick_direction": 3, "price": 0.0035, "mark_price": 0.00373504, "iv": 86.26, "instrument_name": "BTC-31MAR23-45000-C", "index_price": 16785.71, "direction": "buy", "amount": 0.1}, {"trade_seq": 475, "trade_id": "238145691", "timestamp": 1671651045637, "tick_direction": 3, "price": 0.0035, "mark_price": 0.00373549, "iv": 86.26, "instrument_name": "BTC-31MAR23-45000-C", "index_price": 16785.72, "direction": "sell", "amount": 4.3}, {"trade_seq": 474, "trade_id": "238122786", "timestamp": 1671598576153, "tick_direction": 2, "price": 0.0035, "mark_price": 0.00374845, "iv": 85.83, "instrument_name": "BTC-31MAR23-45000-C", "index_price": 16814.17, "direction": "sell", "amount": 0.1}, {"trade_seq": 473, "trade_id": "237977287", "timestamp": 1671323435675, "tick_direction": 2, "price": 0.004, "mark_price": 0.00410395, "iv": 86.37, "instrument_name": "BTC-31MAR23-45000-C", "index_price": 16741.13, "direction": "sell", "amount": 1.0}, {"trade_seq": 472, "trade_id": "237917774", "timestamp": 1671217503665, "tick_direction": 0, "price": 0.0041, "mark_price": 0.0045716, "iv": 85.78, "instrument_name": "BTC-31MAR23-45000-C", "index_price": 16822.74, "direction": "sell", "block_trade_id": "59188", "amount": 300.0}, {"trade_seq": 471, "trade_id": "237917413", "timestamp": 1671217303432, "tick_direction": 2, "price": 0.004, "mark_price": 0.00448877, "iv": 85.53, "instrument_name": "BTC-31MAR23-45000-C", "index_price": 16807.65, "direction": "sell", "block_trade_id": "59185", "amount": 500.0}, {"trade_seq": 470, "trade_id": "237727876", "timestamp": 1671043034433, "tick_direction": 3, "price": 0.0055, "mark_price": 0.00530475, "iv": 82.46, "instrument_name": "BTC-31MAR23-45000-C", "index_price": 18301.53, "direction": "buy", "amount": 9.0}, {"trade_seq": 469, "trade_id": "237727821", "timestamp": 1671043021942, "tick_direction": 3, "price": 0.0055, "mark_price": 0.00533142, "iv": 82.4, "instrument_name": "BTC-31MAR23-45000-C", "index_price": 18312.97, "direction": "buy", "amount": 18.0}, {"trade_seq": 468, "trade_id": "237724415", "timestamp": 1671041904192, "tick_direction": 3, "price": 0.0055, "mark_price": 0.0051602, "iv": 82.91, "instrument_name": "BTC-31MAR23-45000-C", "index_price": 18193.43, "direction": "buy", "amount": 18.0}, {"trade_seq": 467, "trade_id": "237697487", "timestamp": 1671014424700, "tick_direction": 3, "price": 0.0055, "mark_price": 0.00557847, "iv": 84.3, "instrument_name": "BTC-31MAR23-45000-C", "index_price": 17822.29, "direction": "sell", "amount": 0.7}, {"trade_seq": 466, "trade_id": "237695994", "timestamp": 1671011946949, "tick_direction": 3, "price": 0.0055, "mark_price": 0.00575568, "iv": 84.31, "instrument_name": "BTC-31MAR23-45000-C", "index_price": 17808.39, "direction": "sell", "amount": 1.2}, {"trade_seq": 465, "trade_id": "237668690", "timestamp": 1670953681467, "tick_direction": 3, "price": 0.0055, "mark_price": 0.00571981, "iv": 84.57, "instrument_name": "BTC-31MAR23-45000-C", "index_price": 17691.71, "direction": "sell", "amount": 0.1}, {"trade_seq": 464, "trade_id": "237631723", "timestamp": 1670936591061, "tick_direction": 2, "price": 0.0055, "mark_price": 0.00569392, "iv": 85.7, "instrument_name": "BTC-31MAR23-45000-C", "index_price": 17409.96, "direction": "sell", "amount": 5.0}, {"trade_seq": 463, "trade_id": "237593295", "timestamp": 1670880632837, "tick_direction": 2, "price": 0.006, "mark_price": 0.0059084, "iv": 87.43, "instrument_name": "BTC-31MAR23-45000-C", "index_price": 17209.49, "direction": "buy", "amount": 3.1}, {"trade_seq": 462, "trade_id": "237580521", "timestamp": 1670854781220, "tick_direction": 1, "price": 0.0065, "mark_price": 0.00632974, "iv": 89.12, "instrument_name": "BTC-31MAR23-45000-C", "index_price": 17028.17, "direction": "buy", "amount": 0.1}, {"trade_seq": 461, "trade_id": "237580519", "timestamp": 1670854781157, "tick_direction": 1, "price": 0.0065, "mark_price": 0.00632573, "iv": 89.12, "instrument_name": "BTC-31MAR23-45000-C", "index_price": 17028.17, "direction": "buy", "amount": 0.1}, {"trade_seq": 460, "trade_id": "237580514", "timestamp": 1670854780574, "tick_direction": 1, "price": 0.0065, "mark_price": 0.00632573, "iv": 89.13, "instrument_name": "BTC-31MAR23-45000-C", "index_price": 17026.62, "direction": "buy", "amount": 0.1}, {"trade_seq": 459, "trade_id": "237580513", "timestamp": 1670854780561, "tick_direction": 1, "price": 0.0065, "mark_price": 0.00632573, "iv": 89.13, "instrument_name": "BTC-31MAR23-45000-C", "index_price": 17026.62, "direction": "buy", "amount": 0.2}, {"trade_seq": 458, "trade_id": "237580507", "timestamp": 1670854780295, "tick_direction": 0, "price": 0.0065, "mark_price": 0.00632573, "iv": 89.13, "instrument_name": "BTC-31MAR23-45000-C", "index_price": 17026.62, "direction": "buy", "amount": 0.4}, {"trade_seq": 457, "trade_id": "237517217", "timestamp": 1670607098840, "tick_direction": 1, "price": 0.006, "mark_price": 0.00581019, "iv": 86.41, "instrument_name": "BTC-31MAR23-45000-C", "index_price": 17157.64, "direction": "buy", "amount": 0.1}, {"trade_seq": 456, "trade_id": "237517215", "timestamp": 1670607092759, "tick_direction": 1, "price": 0.006, "mark_price": 0.00580895, "iv": 86.41, "instrument_name": "BTC-31MAR23-45000-C", "index_price": 17157.38, "direction": "buy", "amount": 0.1}, {"trade_seq": 455, "trade_id": "237517212", "timestamp": 1670607080576, "tick_direction": 1, "price": 0.006, "mark_price": 0.0058071, "iv": 86.41, "instrument_name": "BTC-31MAR23-45000-C", "index_price": 17156.98, "direction": "buy", "amount": 0.3}, {"trade_seq": 454, "trade_id": "237517209", "timestamp": 1670607068403, "tick_direction": 1, "price": 0.006, "mark_price": 0.0058091, "iv": 86.4, "instrument_name": "BTC-31MAR23-45000-C", "index_price": 17158.23, "direction": "buy", "amount": 0.1}, {"trade_seq": 453, "trade_id": "237517102", "timestamp": 1670605998972, "tick_direction": 1, "price": 0.006, "mark_price": 0.00577696, "iv": 86.36, "instrument_name": "BTC-31MAR23-45000-C", "index_price": 17164.51, "direction": "buy", "amount": 0.1}, {"trade_seq": 452, "trade_id": "237517070", "timestamp": 1670605836091, "tick_direction": 1, "price": 0.006, "mark_price": 0.00576867, "iv": 86.35, "instrument_name": "BTC-31MAR23-45000-C", "index_price": 17164.34, "direction": "buy", "amount": 0.1}, {"trade_seq": 451, "trade_id": "237517042", "timestamp": 1670605621417, "tick_direction": 1, "price": 0.006, "mark_price": 0.00574784, "iv": 86.37, "instrument_name": "BTC-31MAR23-45000-C", "index_price": 17160.72, "direction": "buy", "amount": 0.4}, {"trade_seq": 450, "trade_id": "237516465", "timestamp": 1670603914242, "tick_direction": 1, "price": 0.006, "mark_price": 0.00574918, "iv": 86.35, "instrument_name": "BTC-31MAR23-45000-C", "index_price": 17166.31, "direction": "buy", "amount": 0.1}, {"trade_seq": 449, "trade_id": "237516464", "timestamp": 1670603914234, "tick_direction": 1, "price": 0.006, "mark_price": 0.00574918, "iv": 86.35, "instrument_name": "BTC-31MAR23-45000-C", "index_price": 17166.31, "direction": "buy", "amount": 0.1}, {"trade_seq": 448, "trade_id": "237516454", "timestamp": 1670603913949, "tick_direction": 1, "price": 0.006, "mark_price": 0.00574918, "iv": 86.35, "instrument_name": "BTC-31MAR23-45000-C", "index_price": 17166.31, "direction": "buy", "amount": 0.3}, {"trade_seq": 447, "trade_id": "237516453", "timestamp": 1670603913868, "tick_direction": 1, "price": 0.006, "mark_price": 0.00574918, "iv": 86.35, "instrument_name": "BTC-31MAR23-45000-C", "index_price": 17166.31, "direction": "buy", "amount": 0.1}, {"trade_seq": 446, "trade_id": "237516449", "timestamp": 1670603913819, "tick_direction": 1, "price": 0.006, "mark_price": 0.00574918, "iv": 86.35, "instrument_name": "BTC-31MAR23-45000-C", "index_price": 17166.31, "direction": "buy", "amount": 0.1}, {"trade_seq": 445, "trade_id": "237514934", "timestamp": 1670599296852, "tick_direction": 1, "price": 0.006, "mark_price": 0.00573089, "iv": 86.35, "instrument_name": "BTC-31MAR23-45000-C", "index_price": 17159.16, "direction": "buy", "amount": 0.1}, {"trade_seq": 444, "trade_id": "237514930", "timestamp": 1670599270450, "tick_direction": 1, "price": 0.006, "mark_price": 0.00573113, "iv": 86.35, "instrument_name": "BTC-31MAR23-45000-C", "index_price": 17159.84, "direction": "buy", "amount": 0.1}, {"trade_seq": 443, "trade_id": "237514928", "timestamp": 1670599268423, "tick_direction": 1, "price": 0.006, "mark_price": 0.0057294, "iv": 86.35, "instrument_name": "BTC-31MAR23-45000-C", "index_price": 17158.94, "direction": "buy", "amount": 0.1}, {"trade_seq": 442, "trade_id": "237514926", "timestamp": 1670599240053, "tick_direction": 1, "price": 0.006, "mark_price": 0.00572733, "iv": 86.35, "instrument_name": "BTC-31MAR23-45000-C", "index_price": 17159.34, "direction": "buy", "amount": 0.3}, {"trade_seq": 441, "trade_id": "237508830", "timestamp": 1670592612648, "tick_direction": 1, "price": 0.006, "mark_price": 0.00561649, "iv": 86.31, "instrument_name": "BTC-31MAR23-45000-C", "index_price": 17167.61, "direction": "buy", "amount": 1.5}, {"trade_seq": 440, "trade_id": "237508829", "timestamp": 1670592612648, "tick_direction": 1, "price": 0.006, "mark_price": 0.00561649, "iv": 86.31, "instrument_name": "BTC-31MAR23-45000-C", "index_price": 17167.61, "direction": "buy", "amount": 0.1}, {"trade_seq": 439, "trade_id": "237418513", "timestamp": 1670434076772, "tick_direction": 1, "price": 0.006, "mark_price": 0.00564839, "iv": 86.96, "instrument_name": "BTC-31MAR23-45000-C", "index_price": 16809.31, "direction": "buy", "amount": 1.0}, {"trade_seq": 438, "trade_id": "237418512", "timestamp": 1670434076772, "tick_direction": 0, "price": 0.006, "mark_price": 0.00564839, "iv": 86.96, "instrument_name": "BTC-31MAR23-45000-C", "index_price": 16809.31, "direction": "buy", "amount": 0.2}, {"trade_seq": 437, "trade_id": "237416419", "timestamp": 1670429250074, "tick_direction": 2, "price": 0.004, "mark_price": 0.00392365, "iv": 81.69, "instrument_name": "BTC-31MAR23-45000-C", "index_price": 16845.04, "direction": "buy", "amount": 0.5}, {"trade_seq": 436, "trade_id": "237241542", "timestamp": 1670145174362, "tick_direction": 2, "price": 0.0045, "mark_price": 0.00468187, "iv": 81.22, "instrument_name": "BTC-31MAR23-45000-C", "index_price": 17024.58, "direction": "buy", "amount": 0.2}, {"trade_seq": 435, "trade_id": "236915347", "timestamp": 1669729092112, "tick_direction": 3, "price": 0.005, "mark_price": 0.00521709, "iv": 83.28, "instrument_name": "BTC-31MAR23-45000-C", "index_price": 16431.86, "direction": "buy", "amount": 14.5}, {"trade_seq": 434, "trade_id": "236915346", "timestamp": 1669729092101, "tick_direction": 2, "price": 0.005, "mark_price": 0.00521709, "iv": 83.28, "instrument_name": "BTC-31MAR23-45000-C", "index_price": 16431.86, "direction": "sell", "amount": 4.5}, {"trade_seq": 433, "trade_id": "236887680", "timestamp": 1669695423847, "tick_direction": 3, "price": 0.0055, "mark_price": 0.00550077, "iv": 84.84, "instrument_name": "BTC-31MAR23-45000-C", "index_price": 16314.64, "direction": "sell", "amount": 1.0}, {"trade_seq": 432, "trade_id": "236887674", "timestamp": 1669695382220, "tick_direction": 2, "price": 0.0055, "mark_price": 0.00549917, "iv": 84.84, "instrument_name": "BTC-31MAR23-45000-C", "index_price": 16312.07, "direction": "sell", "amount": 1.0}, {"trade_seq": 431, "trade_id": "236836969", "timestamp": 1669633771039, "tick_direction": 1, "price": 0.006, "mark_price": 0.00532071, "iv": 86.17, "instrument_name": "BTC-31MAR23-45000-C", "index_price": 16207.34, "direction": "buy", "amount": 9.4}, {"trade_seq": 430, "trade_id": "236836968", "timestamp": 1669633771039, "tick_direction": 0, "price": 0.006, "mark_price": 0.00532071, "iv": 86.17, "instrument_name": "BTC-31MAR23-45000-C", "index_price": 16207.34, "direction": "buy", "amount": 14.6}, {"trade_seq": 429, "trade_id": "236836919", "timestamp": 1669633633144, "tick_direction": 3, "price": 0.0055, "mark_price": 0.0052653, "iv": 85.05, "instrument_name": "BTC-31MAR23-45000-C", "index_price": 16206.44, "direction": "sell", "amount": 10.0}, {"trade_seq": 428, "trade_id": "236836917", "timestamp": 1669633628134, "tick_direction": 3, "price": 0.0055, "mark_price": 0.00526238, "iv": 85.05, "instrument_name": "BTC-31MAR23-45000-C", "index_price": 16206.0, "direction": "sell", "amount": 4.8}, {"trade_seq": 427, "trade_id": "236836916", "timestamp": 1669633628132, "tick_direction": 3, "price": 0.0055, "mark_price": 0.00526238, "iv": 85.05, "instrument_name": "BTC-31MAR23-45000-C", "index_price": 16206.0, "direction": "buy", "amount": 5.0}, {"trade_seq": 426, "trade_id": "236836915", "timestamp": 1669633628132, "tick_direction": 2, "price": 0.0055, "mark_price": 0.00526238, "iv": 85.05, "instrument_name": "BTC-31MAR23-45000-C", "index_price": 16206.0, "direction": "buy", "amount": 0.2}, {"trade_seq": 425, "trade_id": "236504203", "timestamp": 1669066801055, "tick_direction": 2, "price": 0.0065, "mark_price": 0.00675392, "iv": 87.03, "instrument_name": "BTC-31MAR23-45000-C", "index_price": 15781.13, "direction": "buy", "amount": 1.0}, {"trade_seq": 424, "trade_id": "236498850", "timestamp": 1669061877377, "tick_direction": 1, "price": 0.007, "mark_price": 0.00629792, "iv": 87.95, "instrument_name": "BTC-31MAR23-45000-C", "index_price": 15804.41, "direction": "sell", "amount": 0.2}, {"trade_seq": 423, "trade_id": "236498849", "timestamp": 1669061877371, "tick_direction": 0, "price": 0.007, "mark_price": 0.00629792, "iv": 87.95, "instrument_name": "BTC-31MAR23-45000-C", "index_price": 15804.41, "direction": "buy", "amount": 4.8}, {"trade_seq": 422, "trade_id": "236399607", "timestamp": 1668982278332, "tick_direction": 0, "price": 0.006, "mark_price": 0.00551993, "iv": 83.65, "instrument_name": "BTC-31MAR23-45000-C", "index_price": 16290.93, "direction": "buy", "amount": 1.0}, {"trade_seq": 421, "trade_id": "236355599", "timestamp": 1668873708180, "tick_direction": 2, "price": 0.0045, "mark_price": 0.00518909, "iv": 78.45, "instrument_name": "BTC-31MAR23-45000-C", "index_price": 16641.2, "direction": "sell", "amount": 1.0}, {"trade_seq": 420, "trade_id": "236292284", "timestamp": 1668756462190, "tick_direction": 3, "price": 0.006, "mark_price": 0.00561107, "iv": 81.0, "instrument_name": "BTC-31MAR23-45000-C", "index_price": 16764.2, "direction": "sell", "amount": 5.9}, {"trade_seq": 419, "trade_id": "236292283", "timestamp": 1668756462185, "tick_direction": 2, "price": 0.006, "mark_price": 0.00561107, "iv": 81.0, "instrument_name": "BTC-31MAR23-45000-C", "index_price": 16764.2, "direction": "buy", "amount": 4.1}, {"trade_seq": 418, "trade_id": "236244390", "timestamp": 1668700468129, "tick_direction": 3, "price": 0.0065, "mark_price": 0.00637074, "iv": 82.73, "instrument_name": "BTC-31MAR23-45000-C", "index_price": 16503.27, "direction": "sell", "amount": 0.5}, {"trade_seq": 417, "trade_id": "236222545", "timestamp": 1668682852263, "tick_direction": 2, "price": 0.0065, "mark_price": 0.00668285, "iv": 82.66, "instrument_name": "BTC-31MAR23-45000-C", "index_price": 16520.78, "direction": "sell", "amount": 1.0}, {"trade_seq": 416, "trade_id": "236138685", "timestamp": 1668604817568, "tick_direction": 0, "price": 0.008, "mark_price": 0.00641948, "iv": 85.07, "instrument_name": "BTC-31MAR23-45000-C", "index_price": 16574.7, "direction": "buy", "amount": 10.0}, {"trade_seq": 415, "trade_id": "236029285", "timestamp": 1668515592940, "tick_direction": 1, "price": 0.0055, "mark_price": 0.0052612, "iv": 78.98, "instrument_name": "BTC-31MAR23-45000-C", "index_price": 16844.73, "direction": "buy", "amount": 1.0}, {"trade_seq": 414, "trade_id": "235960420", "timestamp": 1668465932440, "tick_direction": 1, "price": 0.0055, "mark_price": 0.00635334, "iv": 80.73, "instrument_name": "BTC-31MAR23-45000-C", "index_price": 16334.96, "direction": "buy", "amount": 2.0}, {"trade_seq": 413, "trade_id": "235960419", "timestamp": 1668465931783, "tick_direction": 0, "price": 0.0055, "mark_price": 0.00635824, "iv": 80.73, "instrument_name": "BTC-31MAR23-45000-C", "index_price": 16335.69, "direction": "sell", "amount": 3.0}, {"trade_seq": 412, "trade_id": "235678375", "timestamp": 1668322886449, "tick_direction": 2, "price": 0.0045, "mark_price": 0.00439944, "iv": 76.93, "instrument_name": "BTC-31MAR23-45000-C", "index_price": 16574.69, "direction": "buy", "amount": 1.0}, {"trade_seq": 411, "trade_id": "234652260", "timestamp": 1668023593430, "tick_direction": 2, "price": 0.0085, "mark_price": 0.00873801, "iv": 82.51, "instrument_name": "BTC-31MAR23-45000-C", "index_price": 16747.79, "direction": "sell", "amount": 3.4}, {"trade_seq": 410, "trade_id": "234549074", "timestamp": 1668010166213, "tick_direction": 0, "price": 0.0095, "mark_price": 0.0082861, "iv": 81.97, "instrument_name": "BTC-31MAR23-45000-C", "index_price": 17252.88, "direction": "buy", "amount": 4.7}, {"trade_seq": 409, "trade_id": "234369842", "timestamp": 1667984975398, "tick_direction": 0, "price": 0.007, "mark_price": 0.00622936, "iv": 75.32, "instrument_name": "BTC-31MAR23-45000-C", "index_price": 17937.87, "direction": "buy", "amount": 20.0}, {"trade_seq": 408, "trade_id": "234303077", "timestamp": 1667954030290, "tick_direction": 2, "price": 0.0065, "mark_price": 0.00630798, "iv": 72.08, "instrument_name": "BTC-31MAR23-45000-C", "index_price": 18566.36, "direction": "buy", "amount": 1.0}, {"trade_seq": 407, "trade_id": "234222632", "timestamp": 1667936787501, "tick_direction": 0, "price": 0.01, "mark_price": 0.00965414, "iv": 77.73, "instrument_name": "BTC-31MAR23-45000-C", "index_price": 18545.05, "direction": "buy", "amount": 1.0}, {"trade_seq": 406, "trade_id": "234027041", "timestamp": 1667920604905, "tick_direction": 1, "price": 0.0085, "mark_price": 0.00867832, "iv": 72.19, "instrument_name": "BTC-31MAR23-45000-C", "index_price": 19450.25, "direction": "sell", "amount": 12.3}, {"trade_seq": 405, "trade_id": "234027040", "timestamp": 1667920604865, "tick_direction": 0, "price": 0.0085, "mark_price": 0.00867832, "iv": 72.19, "instrument_name": "BTC-31MAR23-45000-C", "index_price": 19450.25, "direction": "sell", "amount": 16.7}, {"trade_seq": 404, "trade_id": "233983334", "timestamp": 1667896476681, "tick_direction": 2, "price": 0.008, "mark_price": 0.0083753, "iv": 70.41, "instrument_name": "BTC-31MAR23-45000-C", "index_price": 19739.65, "direction": "sell", "amount": 4.0}, {"trade_seq": 403, "trade_id": "233720921", "timestamp": 1667638941774, "tick_direction": 2, "price": 0.0085, "mark_price": 0.008524, "iv": 65.35, "instrument_name": "BTC-31MAR23-45000-C", "index_price": 21307.44, "direction": "buy", "amount": 1.0}, {"trade_seq": 402, "trade_id": "233449517", "timestamp": 1667431016881, "tick_direction": 0, "price": 0.009, "mark_price": 0.00873454, "iv": 69.34, "instrument_name": "BTC-31MAR23-45000-C", "index_price": 20135.68, "direction": "sell", "amount": 0.5}, {"trade_seq": 401, "trade_id": "233437128", "timestamp": 1667419580608, "tick_direction": 3, "price": 0.0085, "mark_price": 0.00884243, "iv": 68.18, "instrument_name": "BTC-31MAR23-45000-C", "index_price": 20266.32, "direction": "buy", "amount": 0.1}, {"trade_seq": 400, "trade_id": "233437125", "timestamp": 1667419577251, "tick_direction": 3, "price": 0.0085, "mark_price": 0.00884824, "iv": 68.17, "instrument_name": "BTC-31MAR23-45000-C", "index_price": 20267.71, "direction": "buy", "amount": 0.1}, {"trade_seq": 399, "trade_id": "233437119", "timestamp": 1667419575902, "tick_direction": 3, "price": 0.0085, "mark_price": 0.0088482, "iv": 68.17, "instrument_name": "BTC-31MAR23-45000-C", "index_price": 20267.72, "direction": "buy", "amount": 0.1}, {"trade_seq": 398, "trade_id": "233437116", "timestamp": 1667419574551, "tick_direction": 3, "price": 0.0085, "mark_price": 0.00884849, "iv": 68.17, "instrument_name": "BTC-31MAR23-45000-C", "index_price": 20267.99, "direction": "buy", "amount": 0.1}, {"trade_seq": 397, "trade_id": "233437102", "timestamp": 1667419571892, "tick_direction": 2, "price": 0.0085, "mark_price": 0.00884797, "iv": 68.17, "instrument_name": "BTC-31MAR23-45000-C", "index_price": 20267.81, "direction": "buy", "amount": 0.1}, {"trade_seq": 396, "trade_id": "233347318", "timestamp": 1667321681257, "tick_direction": 1, "price": 0.01, "mark_price": 0.00984805, "iv": 69.51, "instrument_name": "BTC-31MAR23-45000-C", "index_price": 20406.75, "direction": "buy", "amount": 1.7}, {"trade_seq": 395, "trade_id": "233347317", "timestamp": 1667321681257, "tick_direction": 1, "price": 0.01, "mark_price": 0.00984805, "iv": 69.51, "instrument_name": "BTC-31MAR23-45000-C", "index_price": 20406.75, "direction": "buy", "amount": 15.0}, {"trade_seq": 394, "trade_id": "233346144", "timestamp": 1667321263399, "tick_direction": 1, "price": 0.01, "mark_price": 0.00998956, "iv": 69.39, "instrument_name": "BTC-31MAR23-45000-C", "index_price": 20439.43, "direction": "buy", "amount": 1.4}, {"trade_seq": 393, "trade_id": "233346143", "timestamp": 1667321263399, "tick_direction": 0, "price": 0.01, "mark_price": 0.00998956, "iv": 69.39, "instrument_name": "BTC-31MAR23-45000-C", "index_price": 20439.43, "direction": "buy", "amount": 15.0}, {"trade_seq": 392, "trade_id": "233082303", "timestamp": 1666963243612, "tick_direction": 3, "price": 0.0095, "mark_price": 0.00927865, "iv": 68.05, "instrument_name": "BTC-31MAR23-45000-C", "index_price": 20365.89, "direction": "sell", "amount": 1.8}, {"trade_seq": 391, "trade_id": "233082299", "timestamp": 1666963242910, "tick_direction": 2, "price": 0.0095, "mark_price": 0.00927865, "iv": 68.05, "instrument_name": "BTC-31MAR23-45000-C", "index_price": 20366.25, "direction": "buy", "amount": 3.2}, {"trade_seq": 390, "trade_id": "232991199", "timestamp": 1666891031420, "tick_direction": 3, "price": 0.0105, "mark_price": 0.01080199, "iv": 68.36, "instrument_name": "BTC-31MAR23-45000-C", "index_price": 20615.17, "direction": "buy", "amount": 6.0}, {"trade_seq": 389, "trade_id": "232991198", "timestamp": 1666891031403, "tick_direction": 3, "price": 0.0105, "mark_price": 0.01080199, "iv": 68.36, "instrument_name": "BTC-31MAR23-45000-C", "index_price": 20615.17, "direction": "sell", "amount": 4.0}, {"trade_seq": 388, "trade_id": "232991060", "timestamp": 1666891019240, "tick_direction": 3, "price": 0.0105, "mark_price": 0.01076035, "iv": 68.42, "instrument_name": "BTC-31MAR23-45000-C", "index_price": 20595.48, "direction": "buy", "amount": 10.0}, {"trade_seq": 387, "trade_id": "232982948", "timestamp": 1666883757461, "tick_direction": 3, "price": 0.0105, "mark_price": 0.01033275, "iv": 68.37, "instrument_name": "BTC-31MAR23-45000-C", "index_price": 20608.64, "direction": "buy", "amount": 9.5}, {"trade_seq": 386, "trade_id": "232982946", "timestamp": 1666883753117, "tick_direction": 2, "price": 0.0105, "mark_price": 0.01033993, "iv": 68.37, "instrument_name": "BTC-31MAR23-45000-C", "index_price": 20611.66, "direction": "buy", "amount": 0.5}, {"trade_seq": 385, "trade_id": "232833677", "timestamp": 1666786243137, "tick_direction": 1, "price": 0.0115, "mark_price": 0.01167233, "iv": 69.45, "instrument_name": "BTC-31MAR23-45000-C", "index_price": 20559.35, "direction": "sell", "amount": 3.0}, {"trade_seq": 384, "trade_id": "232833676", "timestamp": 1666786243137, "tick_direction": 1, "price": 0.0115, "mark_price": 0.01167233, "iv": 69.45, "instrument_name": "BTC-31MAR23-45000-C", "index_price": 20559.35, "direction": "sell", "amount": 27.0}, {"trade_seq": 383, "trade_id": "232827899", "timestamp": 1666780613725, "tick_direction": 1, "price": 0.0115, "mark_price": 0.01210095, "iv": 69.17, "instrument_name": "BTC-31MAR23-45000-C", "index_price": 20642.06, "direction": "sell", "amount": 4.0}, {"trade_seq": 382, "trade_id": "232827898", "timestamp": 1666780613725, "tick_direction": 1, "price": 0.0115, "mark_price": 0.01210095, "iv": 69.17, "instrument_name": "BTC-31MAR23-45000-C", "index_price": 20642.06, "direction": "sell", "amount": 2.3}, {"trade_seq": 381, "trade_id": "232827897", "timestamp": 1666780612876, "tick_direction": 1, "price": 0.0115, "mark_price": 0.01209437, "iv": 69.17, "instrument_name": "BTC-31MAR23-45000-C", "index_price": 20639.57, "direction": "sell", "amount": 4.0}, {"trade_seq": 380, "trade_id": "232827896", "timestamp": 1666780612876, "tick_direction": 0, "price": 0.0115, "mark_price": 0.01209437, "iv": 69.17, "instrument_name": "BTC-31MAR23-45000-C", "index_price": 20639.57, "direction": "sell", "amount": 3.0}, {"trade_seq": 379, "trade_id": "232780338", "timestamp": 1666754963800, "tick_direction": 1, "price": 0.01, "mark_price": 0.00997019, "iv": 68.35, "instrument_name": "BTC-31MAR23-45000-C", "index_price": 20303.98, "direction": "buy", "amount": 1.0}, {"trade_seq": 378, "trade_id": "232729123", "timestamp": 1666726440787, "tick_direction": 0, "price": 0.01, "mark_price": 0.01035752, "iv": 68.36, "instrument_name": "BTC-31MAR23-45000-C", "index_price": 20295.93, "direction": "sell", "amount": 1.0}, {"trade_seq": 377, "trade_id": "232680367", "timestamp": 1666713597901, "tick_direction": 1, "price": 0.0085, "mark_price": 0.00827356, "iv": 68.06, "instrument_name": "BTC-31MAR23-45000-C", "index_price": 19749.29, "direction": "buy", "amount": 22.6}, {"trade_seq": 376, "trade_id": "232680361", "timestamp": 1666713596871, "tick_direction": 1, "price": 0.0085, "mark_price": 0.00827515, "iv": 68.06, "instrument_name": "BTC-31MAR23-45000-C", "index_price": 19749.47, "direction": "buy", "amount": 2.3}, {"trade_seq": 375, "trade_id": "232680360", "timestamp": 1666713596634, "tick_direction": 1, "price": 0.0085, "mark_price": 0.00827515, "iv": 68.06, "instrument_name": "BTC-31MAR23-45000-C", "index_price": 19749.47, "direction": "buy", "amount": 2.3}, {"trade_seq": 374, "trade_id": "232676984", "timestamp": 1666712912375, "tick_direction": 1, "price": 0.0085, "mark_price": 0.00847899, "iv": 68.06, "instrument_name": "BTC-31MAR23-45000-C", "index_price": 19748.06, "direction": "buy", "amount": 0.2}, {"trade_seq": 373, "trade_id": "232676973", "timestamp": 1666712912259, "tick_direction": 1, "price": 0.0085, "mark_price": 0.00847899, "iv": 68.06, "instrument_name": "BTC-31MAR23-45000-C", "index_price": 19748.06, "direction": "buy", "amount": 0.1}, {"trade_seq": 372, "trade_id": "232676963", "timestamp": 1666712908806, "tick_direction": 1, "price": 0.0085, "mark_price": 0.0084757, "iv": 68.06, "instrument_name": "BTC-31MAR23-45000-C", "index_price": 19749.52, "direction": "buy", "amount": 0.1}, {"trade_seq": 371, "trade_id": "232676962", "timestamp": 1666712908793, "tick_direction": 1, "price": 0.0085, "mark_price": 0.0084757, "iv": 68.06, "instrument_name": "BTC-31MAR23-45000-C", "index_price": 19749.52, "direction": "buy", "amount": 0.1}, {"trade_seq": 370, "trade_id": "232676955", "timestamp": 1666712907619, "tick_direction": 1, "price": 0.0085, "mark_price": 0.00848301, "iv": 68.08, "instrument_name": "BTC-31MAR23-45000-C", "index_price": 19745.3, "direction": "buy", "amount": 0.1}, {"trade_seq": 369, "trade_id": "232676951", "timestamp": 1666712907480, "tick_direction": 1, "price": 0.0085, "mark_price": 0.00848301, "iv": 68.08, "instrument_name": "BTC-31MAR23-45000-C", "index_price": 19745.3, "direction": "buy", "amount": 0.1}, {"trade_seq": 368, "trade_id": "232676945", "timestamp": 1666712907011, "tick_direction": 1, "price": 0.0085, "mark_price": 0.00848301, "iv": 68.07, "instrument_name": "BTC-31MAR23-45000-C", "index_price": 19743.34, "direction": "buy", "amount": 0.1}, {"trade_seq": 367, "trade_id": "232676941", "timestamp": 1666712906821, "tick_direction": 1, "price": 0.0085, "mark_price": 0.00848332, "iv": 68.07, "instrument_name": "BTC-31MAR23-45000-C", "index_price": 19743.34, "direction": "buy", "amount": 0.1}, {"trade_seq": 366, "trade_id": "232676940", "timestamp": 1666712906810, "tick_direction": 1, "price": 0.0085, "mark_price": 0.00848332, "iv": 68.07, "instrument_name": "BTC-31MAR23-45000-C", "index_price": 19743.34, "direction": "buy", "amount": 0.5}, {"trade_seq": 365, "trade_id": "232676931", "timestamp": 1666712904052, "tick_direction": 1, "price": 0.0085, "mark_price": 0.00847393, "iv": 68.08, "instrument_name": "BTC-31MAR23-45000-C", "index_price": 19743.29, "direction": "buy", "amount": 0.1}, {"trade_seq": 364, "trade_id": "232676930", "timestamp": 1666712904035, "tick_direction": 1, "price": 0.0085, "mark_price": 0.00847393, "iv": 68.08, "instrument_name": "BTC-31MAR23-45000-C", "index_price": 19743.29, "direction": "buy", "amount": 0.1}, {"trade_seq": 363, "trade_id": "232676917", "timestamp": 1666712901437, "tick_direction": 1, "price": 0.0085, "mark_price": 0.00848638, "iv": 68.08, "instrument_name": "BTC-31MAR23-45000-C", "index_price": 19744.56, "direction": "buy", "amount": 0.1}, {"trade_seq": 362, "trade_id": "232676916", "timestamp": 1666712901407, "tick_direction": 1, "price": 0.0085, "mark_price": 0.00848638, "iv": 68.08, "instrument_name": "BTC-31MAR23-45000-C", "index_price": 19744.56, "direction": "buy", "amount": 0.1}, {"trade_seq": 361, "trade_id": "232676906", "timestamp": 1666712901104, "tick_direction": 1, "price": 0.0085, "mark_price": 0.00848638, "iv": 68.07, "instrument_name": "BTC-31MAR23-45000-C", "index_price": 19747.99, "direction": "buy", "amount": 0.1}, {"trade_seq": 360, "trade_id": "232676898", "timestamp": 1666712898821, "tick_direction": 1, "price": 0.0085, "mark_price": 0.00847619, "iv": 68.09, "instrument_name": "BTC-31MAR23-45000-C", "index_price": 19740.44, "direction": "buy", "amount": 0.1}, {"trade_seq": 359, "trade_id": "232676873", "timestamp": 1666712895103, "tick_direction": 1, "price": 0.0085, "mark_price": 0.00846214, "iv": 68.1, "instrument_name": "BTC-31MAR23-45000-C", "index_price": 19734.97, "direction": "buy", "amount": 0.1}, {"trade_seq": 358, "trade_id": "232676872", "timestamp": 1666712895083, "tick_direction": 1, "price": 0.0085, "mark_price": 0.00846214, "iv": 68.1, "instrument_name": "BTC-31MAR23-45000-C", "index_price": 19734.97, "direction": "buy", "amount": 0.1}, {"trade_seq": 357, "trade_id": "232674778", "timestamp": 1666712418521, "tick_direction": 1, "price": 0.0085, "mark_price": 0.00844927, "iv": 68.33, "instrument_name": "BTC-31MAR23-45000-C", "index_price": 19668.45, "direction": "buy", "amount": 0.1}, {"trade_seq": 356, "trade_id": "232674749", "timestamp": 1666712399135, "tick_direction": 1, "price": 0.0085, "mark_price": 0.0084397, "iv": 68.35, "instrument_name": "BTC-31MAR23-45000-C", "index_price": 19661.29, "direction": "buy", "amount": 0.1}, {"trade_seq": 355, "trade_id": "232674748", "timestamp": 1666712393050, "tick_direction": 1, "price": 0.0085, "mark_price": 0.00844573, "iv": 68.35, "instrument_name": "BTC-31MAR23-45000-C", "index_price": 19662.5, "direction": "buy", "amount": 0.1}, {"trade_seq": 354, "trade_id": "232674747", "timestamp": 1666712392897, "tick_direction": 1, "price": 0.0085, "mark_price": 0.00844573, "iv": 68.35, "instrument_name": "BTC-31MAR23-45000-C", "index_price": 19662.5, "direction": "buy", "amount": 0.1}, {"trade_seq": 353, "trade_id": "232674744", "timestamp": 1666712391021, "tick_direction": 1, "price": 0.0085, "mark_price": 0.00844615, "iv": 68.34, "instrument_name": "BTC-31MAR23-45000-C", "index_price": 19662.64, "direction": "buy", "amount": 0.1}, {"trade_seq": 352, "trade_id": "232674743", "timestamp": 1666712388440, "tick_direction": 1, "price": 0.0085, "mark_price": 0.00844923, "iv": 68.34, "instrument_name": "BTC-31MAR23-45000-C", "index_price": 19662.88, "direction": "buy", "amount": 0.1}, {"trade_seq": 351, "trade_id": "232638830", "timestamp": 1666684758285, "tick_direction": 1, "price": 0.0085, "mark_price": 0.00824328, "iv": 69.44, "instrument_name": "BTC-31MAR23-45000-C", "index_price": 19310.0, "direction": "buy", "amount": 3.5}, {"trade_seq": 350, "trade_id": "232638829", "timestamp": 1666684758285, "tick_direction": 0, "price": 0.0085, "mark_price": 0.00824328, "iv": 69.44, "instrument_name": "BTC-31MAR23-45000-C", "index_price": 19310.0, "direction": "buy", "amount": 2.8}, {"trade_seq": 349, "trade_id": "232618989", "timestamp": 1666640831515, "tick_direction": 2, "price": 0.0075, "mark_price": 0.00773966, "iv": 67.64, "instrument_name": "BTC-31MAR23-45000-C", "index_price": 19372.76, "direction": "sell", "amount": 13.7}, {"trade_seq": 348, "trade_id": "232614941", "timestamp": 1666633274905, "tick_direction": 3, "price": 0.008, "mark_price": 0.00835898, "iv": 68.65, "instrument_name": "BTC-31MAR23-45000-C", "index_price": 19287.82, "direction": "buy", "amount": 2.1}, {"trade_seq": 347, "trade_id": "232614940", "timestamp": 1666633274300, "tick_direction": 3, "price": 0.008, "mark_price": 0.00835898, "iv": 68.65, "instrument_name": "BTC-31MAR23-45000-C", "index_price": 19287.82, "direction": "buy", "amount": 3.1}, {"trade_seq": 346, "trade_id": "232614939", "timestamp": 1666633274298, "tick_direction": 3, "price": 0.008, "mark_price": 0.00835898, "iv": 68.65, "instrument_name": "BTC-31MAR23-45000-C", "index_price": 19287.82, "direction": "buy", "amount": 4.7}, {"trade_seq": 345, "trade_id": "232614938", "timestamp": 1666633274296, "tick_direction": 3, "price": 0.008, "mark_price": 0.00835898, "iv": 68.65, "instrument_name": "BTC-31MAR23-45000-C", "index_price": 19287.82, "direction": "sell", "amount": 4.0}, {"trade_seq": 344, "trade_id": "232614937", "timestamp": 1666633274296, "tick_direction": 2, "price": 0.008, "mark_price": 0.00835898, "iv": 68.65, "instrument_name": "BTC-31MAR23-45000-C", "index_price": 19287.82, "direction": "sell", "amount": 2.4}, {"trade_seq": 343, "trade_id": "232443178", "timestamp": 1666339411725, "tick_direction": 1, "price": 0.0085, "mark_price": 0.00811505, "iv": 69.51, "instrument_name": "BTC-31MAR23-45000-C", "index_price": 19037.04, "direction": "sell", "amount": 4.1}, {"trade_seq": 342, "trade_id": "232443177", "timestamp": 1666339411722, "tick_direction": 1, "price": 0.0085, "mark_price": 0.00811505, "iv": 69.51, "instrument_name": "BTC-31MAR23-45000-C", "index_price": 19037.04, "direction": "buy", "amount": 1.5}, {"trade_seq": 341, "trade_id": "232443176", "timestamp": 1666339411722, "tick_direction": 0, "price": 0.0085, "mark_price": 0.00811505, "iv": 69.51, "instrument_name": "BTC-31MAR23-45000-C", "index_price": 19037.04, "direction": "buy", "amount": 1.5}, {"trade_seq": 340, "trade_id": "232410078", "timestamp": 1666290227780, "tick_direction": 3, "price": 0.008, "mark_price": 0.00828223, "iv": 68.66, "instrument_name": "BTC-31MAR23-45000-C", "index_price": 19035.58, "direction": "sell", "amount": 3.0}, {"trade_seq": 339, "trade_id": "232409307", "timestamp": 1666289990959, "tick_direction": 3, "price": 0.008, "mark_price": 0.00826751, "iv": 68.58, "instrument_name": "BTC-31MAR23-45000-C", "index_price": 19065.72, "direction": "sell", "amount": 3.0}, {"trade_seq": 338, "trade_id": "232343113", "timestamp": 1666220841802, "tick_direction": 3, "price": 0.008, "mark_price": 0.00837314, "iv": 68.13, "instrument_name": "BTC-31MAR23-45000-C", "index_price": 19135.95, "direction": "sell", "amount": 1.0}, {"trade_seq": 337, "trade_id": "232343112", "timestamp": 1666220837169, "tick_direction": 2, "price": 0.008, "mark_price": 0.00837465, "iv": 68.13, "instrument_name": "BTC-31MAR23-45000-C", "index_price": 19135.95, "direction": "sell", "amount": 1.0}, {"trade_seq": 336, "trade_id": "232301768", "timestamp": 1666166458429, "tick_direction": 2, "price": 0.009, "mark_price": 0.00848546, "iv": 69.13, "instrument_name": "BTC-31MAR23-45000-C", "index_price": 19213.81, "direction": "buy", "amount": 5.0}, {"trade_seq": 335, "trade_id": "232293739", "timestamp": 1666157341693, "tick_direction": 1, "price": 0.0095, "mark_price": 0.00901219, "iv": 69.51, "instrument_name": "BTC-31MAR23-45000-C", "index_price": 19303.48, "direction": "buy", "amount": 1.4}, {"trade_seq": 334, "trade_id": "232293738", "timestamp": 1666157341693, "tick_direction": 0, "price": 0.0095, "mark_price": 0.00901219, "iv": 69.51, "instrument_name": "BTC-31MAR23-45000-C", "index_price": 19303.48, "direction": "buy", "amount": 3.6}, {"trade_seq": 333, "trade_id": "232243619", "timestamp": 1666102392119, "tick_direction": 3, "price": 0.009, "mark_price": 0.00868453, "iv": 67.86, "instrument_name": "BTC-31MAR23-45000-C", "index_price": 19565.38, "direction": "sell", "amount": 5.0}, {"trade_seq": 332, "trade_id": "232195883", "timestamp": 1666039598913, "tick_direction": 2, "price": 0.009, "mark_price": 0.00852026, "iv": 67.76, "instrument_name": "BTC-31MAR23-45000-C", "index_price": 19548.61, "direction": "buy", "amount": 1.0}, {"trade_seq": 331, "trade_id": "232194059", "timestamp": 1666035900373, "tick_direction": 1, "price": 0.0095, "mark_price": 0.00978048, "iv": 68.43, "instrument_name": "BTC-31MAR23-45000-C", "index_price": 19543.98, "direction": "sell", "amount": 5.0}, {"trade_seq": 330, "trade_id": "232194058", "timestamp": 1666035900373, "tick_direction": 1, "price": 0.0095, "mark_price": 0.00978048, "iv": 68.43, "instrument_name": "BTC-31MAR23-45000-C", "index_price": 19543.98, "direction": "sell", "amount": 4.5}, {"trade_seq": 329, "trade_id": "232193867", "timestamp": 1666035343947, "tick_direction": 1, "price": 0.0095, "mark_price": 0.00977598, "iv": 68.47, "instrument_name": "BTC-31MAR23-45000-C", "index_price": 19534.29, "direction": "sell", "amount": 2.7}, {"trade_seq": 328, "trade_id": "232193861", "timestamp": 1666035317286, "tick_direction": 1, "price": 0.0095, "mark_price": 0.00977863, "iv": 68.47, "instrument_name": "BTC-31MAR23-45000-C", "index_price": 19537.65, "direction": "sell", "amount": 2.8}, {"trade_seq": 327, "trade_id": "232185317", "timestamp": 1666022346107, "tick_direction": 1, "price": 0.0095, "mark_price": 0.00980263, "iv": 68.44, "instrument_name": "BTC-31MAR23-45000-C", "index_price": 19533.61, "direction": "sell", "amount": 5.0}, {"trade_seq": 326, "trade_id": "232184619", "timestamp": 1666021698274, "tick_direction": 0, "price": 0.0095, "mark_price": 0.01000921, "iv": 68.39, "instrument_name": "BTC-31MAR23-45000-C", "index_price": 19557.39, "direction": "sell", "amount": 5.0}, {"trade_seq": 325, "trade_id": "232111497", "timestamp": 1665896735379, "tick_direction": 3, "price": 0.009, "mark_price": 0.00905395, "iv": 68.74, "instrument_name": "BTC-31MAR23-45000-C", "index_price": 19146.0, "direction": "buy", "amount": 0.4}, {"trade_seq": 324, "trade_id": "232111059", "timestamp": 1665895252979, "tick_direction": 3, "price": 0.009, "mark_price": 0.00910684, "iv": 68.75, "instrument_name": "BTC-31MAR23-45000-C", "index_price": 19143.04, "direction": "buy", "amount": 0.1}, {"trade_seq": 323, "trade_id": "232100307", "timestamp": 1665859696090, "tick_direction": 2, "price": 0.009, "mark_price": 0.00991085, "iv": 68.69, "instrument_name": "BTC-31MAR23-45000-C", "index_price": 19136.15, "direction": "sell", "amount": 1.5}, {"trade_seq": 322, "trade_id": "232080987", "timestamp": 1665805204456, "tick_direction": 0, "price": 0.01, "mark_price": 0.00998252, "iv": 69.67, "instrument_name": "BTC-31MAR23-45000-C", "index_price": 19194.93, "direction": "buy", "amount": 1.0}, {"trade_seq": 321, "trade_id": "232022789", "timestamp": 1665748440409, "tick_direction": 2, "price": 0.0095, "mark_price": 0.00988088, "iv": 67.57, "instrument_name": "BTC-31MAR23-45000-C", "index_price": 19602.01, "direction": "sell", "amount": 1.0}, {"trade_seq": 320, "trade_id": "231600619", "timestamp": 1665403577049, "tick_direction": 1, "price": 0.013, "mark_price": 0.01327455, "iv": 71.63, "instrument_name": "BTC-31MAR23-45000-C", "index_price": 19340.97, "direction": "sell", "amount": 4.0}, {"trade_seq": 319, "trade_id": "231600615", "timestamp": 1665403545793, "tick_direction": 0, "price": 0.013, "mark_price": 0.01325628, "iv": 71.63, "instrument_name": "BTC-31MAR23-45000-C", "index_price": 19339.56, "direction": "sell", "amount": 5.0}, {"trade_seq": 318, "trade_id": "231585053", "timestamp": 1665389729491, "tick_direction": 2, "price": 0.012, "mark_price": 0.01261318, "iv": 70.63, "instrument_name": "BTC-31MAR23-45000-C", "index_price": 19316.63, "direction": "sell", "amount": 1.0}, {"trade_seq": 317, "trade_id": "231577786", "timestamp": 1665384277918, "tick_direction": 3, "price": 0.0125, "mark_price": 0.01320575, "iv": 70.88, "instrument_name": "BTC-31MAR23-45000-C", "index_price": 19401.36, "direction": "sell", "amount": 0.1}, {"trade_seq": 316, "trade_id": "231577785", "timestamp": 1665384253219, "tick_direction": 2, "price": 0.0125, "mark_price": 0.01321761, "iv": 70.88, "instrument_name": "BTC-31MAR23-45000-C", "index_price": 19400.9, "direction": "sell", "amount": 3.2}, {"trade_seq": 315, "trade_id": "231577739", "timestamp": 1665384229374, "tick_direction": 2, "price": 0.013, "mark_price": 0.0131935, "iv": 71.45, "instrument_name": "BTC-31MAR23-45000-C", "index_price": 19393.82, "direction": "buy", "amount": 4.0}, {"trade_seq": 314, "trade_id": "231422856", "timestamp": 1665149620292, "tick_direction": 3, "price": 0.016, "mark_price": 0.01629405, "iv": 73.05, "instrument_name": "BTC-31MAR23-45000-C", "index_price": 19634.6, "direction": "buy", "amount": 0.1}, {"trade_seq": 313, "trade_id": "231422826", "timestamp": 1665149612432, "tick_direction": 2, "price": 0.016, "mark_price": 0.01623068, "iv": 73.11, "instrument_name": "BTC-31MAR23-45000-C", "index_price": 19616.71, "direction": "buy", "amount": 2.7}, {"trade_seq": 312, "trade_id": "231243649", "timestamp": 1665022010338, "tick_direction": 1, "price": 0.0175, "mark_price": 0.01852271, "iv": 71.49, "instrument_name": "BTC-31MAR23-45000-C", "index_price": 20429.59, "direction": "sell", "amount": 0.2}, {"trade_seq": 311, "trade_id": "231141690", "timestamp": 1664923922435, "tick_direction": 0, "price": 0.0175, "mark_price": 0.01766367, "iv": 71.93, "instrument_name": "BTC-31MAR23-45000-C", "index_price": 20258.68, "direction": "buy", "amount": 0.1}, {"trade_seq": 310, "trade_id": "231067575", "timestamp": 1664869115666, "tick_direction": 1, "price": 0.0165, "mark_price": 0.01653415, "iv": 71.89, "instrument_name": "BTC-31MAR23-45000-C", "index_price": 19924.45, "direction": "buy", "amount": 0.1}