{"trades": [{"trade_seq": 2012, "trade_id": "238229520", "timestamp": 1671805153809, "tick_direction": 2, "price": 0.0001, "mark_price": 4.21e-06, "iv": 119.21, "instrument_name": "BTC-30DEC22-27000-C", "index_price": 16821.17, "direction": "buy", "combo_id": "BTC-CS-30DEC22-26000_27000", "block_trade_id": "59572", "amount": 13.9}, {"trade_seq": 2011, "trade_id": "238229404", "timestamp": 1671804949197, "tick_direction": 2, "price": 0.0002, "mark_price": 4.26e-06, "iv": 127.16, "instrument_name": "BTC-30DEC22-27000-C", "index_price": 16824.42, "direction": "sell", "combo_id": "BTC-CS-30DEC22-27000_28000", "block_trade_id": "59571", "amount": 15.0}, {"trade_seq": 2010, "trade_id": "238159815", "timestamp": 1671688149324, "tick_direction": 3, "price": 0.0005, "mark_price": 1.703e-05, "iv": 128.0, "instrument_name": "BTC-30DEC22-27000-C", "index_price": 16833.58, "direction": "buy", "amount": 1.1}, {"trade_seq": 2009, "trade_id": "238020382", "timestamp": 1671456379805, "tick_direction": 3, "price": 0.0005, "mark_price": 9.027e-05, "iv": 112.12, "instrument_name": "BTC-30DEC22-27000-C", "index_price": 16735.4, "direction": "buy", "amount": 3.0}, {"trade_seq": 2008, "trade_id": "237785972", "timestamp": 1671086212240, "tick_direction": 3, "price": 0.0005, "mark_price": 0.00049709, "iv": 84.68, "instrument_name": "BTC-30DEC22-27000-C", "index_price": 17729.09, "direction": "buy", "amount": 0.5}, {"trade_seq": 2007, "trade_id": "237773432", "timestamp": 1671063645357, "tick_direction": 3, "price": 0.0005, "mark_price": 0.00072275, "iv": 82.9, "instrument_name": "BTC-30DEC22-27000-C", "index_price": 17837.85, "direction": "sell", "amount": 3.8}, {"trade_seq": 2006, "trade_id": "237709527", "timestamp": 1671028833765, "tick_direction": 3, "price": 0.0005, "mark_price": 0.00075625, "iv": 80.12, "instrument_name": "BTC-30DEC22-27000-C", "index_price": 18028.0, "direction": "sell", "amount": 0.3}, {"trade_seq": 2005, "trade_id": "237709526", "timestamp": 1671028833765, "tick_direction": 3, "price": 0.0005, "mark_price": 0.00075625, "iv": 80.12, "instrument_name": "BTC-30DEC22-27000-C", "index_price": 18028.0, "direction": "sell", "amount": 0.1}, {"trade_seq": 2004, "trade_id": "237709525", "timestamp": 1671028833765, "tick_direction": 3, "price": 0.0005, "mark_price": 0.00075625, "iv": 80.12, "instrument_name": "BTC-30DEC22-27000-C", "index_price": 18028.0, "direction": "sell", "amount": 5.0}, {"trade_seq": 2003, "trade_id": "237709524", "timestamp": 1671028833765, "tick_direction": 3, "price": 0.0005, "mark_price": 0.00075625, "iv": 80.12, "instrument_name": "BTC-30DEC22-27000-C", "index_price": 18028.0, "direction": "sell", "amount": 1.0}, {"trade_seq": 2002, "trade_id": "237709523", "timestamp": 1671028833765, "tick_direction": 3, "price": 0.0005, "mark_price": 0.00075625, "iv": 80.12, "instrument_name": "BTC-30DEC22-27000-C", "index_price": 18028.0, "direction": "sell", "amount": 0.5}, {"trade_seq": 2001, "trade_id": "237709522", "timestamp": 1671028833765, "tick_direction": 2, "price": 0.0005, "mark_price": 0.00075625, "iv": 80.12, "instrument_name": "BTC-30DEC22-27000-C", "index_price": 18028.0, "direction": "sell", "amount": 1.4}, {"trade_seq": 2000, "trade_id": "237652592", "timestamp": 1670939180959, "tick_direction": 1, "price": 0.001, "mark_price": 0.00086823, "iv": 86.12, "instrument_name": "BTC-30DEC22-27000-C", "index_price": 17904.03, "direction": "buy", "amount": 1.0}, {"trade_seq": 1999, "trade_id": "237599229", "timestamp": 1670892036458, "tick_direction": 1, "price": 0.001, "mark_price": 0.00072243, "iv": 91.87, "instrument_name": "BTC-30DEC22-27000-C", "index_price": 17181.38, "direction": "buy", "amount": 0.9}, {"trade_seq": 1998, "trade_id": "237599228", "timestamp": 1670892036458, "tick_direction": 1, "price": 0.001, "mark_price": 0.00072243, "iv": 91.87, "instrument_name": "BTC-30DEC22-27000-C", "index_price": 17181.38, "direction": "buy", "amount": 0.1}, {"trade_seq": 1997, "trade_id": "237547956", "timestamp": 1670763698252, "tick_direction": 0, "price": 0.001, "mark_price": 0.00088969, "iv": 88.31, "instrument_name": "BTC-30DEC22-27000-C", "index_price": 17162.69, "direction": "buy", "amount": 0.1}, {"trade_seq": 1996, "trade_id": "237512749", "timestamp": 1670595944413, "tick_direction": 2, "price": 0.0009, "mark_price": 0.00083323, "iv": 83.42, "instrument_name": "BTC-30DEC22-27000-C", "index_price": 17102.54, "direction": "sell", "block_trade_id": "58562", "amount": 25.0}, {"trade_seq": 1995, "trade_id": "237512243", "timestamp": 1670595388477, "tick_direction": 1, "price": 0.001, "mark_price": 0.00073023, "iv": 84.26, "instrument_name": "BTC-30DEC22-27000-C", "index_price": 17134.16, "direction": "sell", "amount": 1.0}, {"trade_seq": 1994, "trade_id": "237512242", "timestamp": 1670595387421, "tick_direction": 1, "price": 0.001, "mark_price": 0.00072963, "iv": 84.26, "instrument_name": "BTC-30DEC22-27000-C", "index_price": 17134.17, "direction": "sell", "amount": 19.0}, {"trade_seq": 1993, "trade_id": "237512241", "timestamp": 1670595387292, "tick_direction": 1, "price": 0.001, "mark_price": 0.00072963, "iv": 84.26, "instrument_name": "BTC-30DEC22-27000-C", "index_price": 17134.17, "direction": "buy", "amount": 1.6}, {"trade_seq": 1992, "trade_id": "237512240", "timestamp": 1670595387292, "tick_direction": 1, "price": 0.001, "mark_price": 0.00072963, "iv": 84.26, "instrument_name": "BTC-30DEC22-27000-C", "index_price": 17134.17, "direction": "buy", "amount": 10.2}, {"trade_seq": 1991, "trade_id": "237511817", "timestamp": 1670594312027, "tick_direction": 1, "price": 0.001, "mark_price": 0.0009065, "iv": 83.95, "instrument_name": "BTC-30DEC22-27000-C", "index_price": 17161.57, "direction": "buy", "amount": 8.8}, {"trade_seq": 1990, "trade_id": "237503475", "timestamp": 1670585506094, "tick_direction": 1, "price": 0.001, "mark_price": 0.00072142, "iv": 83.23, "instrument_name": "BTC-30DEC22-27000-C", "index_price": 17219.58, "direction": "buy", "amount": 1.2}, {"trade_seq": 1989, "trade_id": "237503474", "timestamp": 1670585506092, "tick_direction": 1, "price": 0.001, "mark_price": 0.00072142, "iv": 83.23, "instrument_name": "BTC-30DEC22-27000-C", "index_price": 17219.58, "direction": "buy", "amount": 0.8}, {"trade_seq": 1988, "trade_id": "237503473", "timestamp": 1670585506061, "tick_direction": 1, "price": 0.001, "mark_price": 0.00072142, "iv": 83.23, "instrument_name": "BTC-30DEC22-27000-C", "index_price": 17219.58, "direction": "buy", "amount": 1.0}, {"trade_seq": 1987, "trade_id": "237503472", "timestamp": 1670585506061, "tick_direction": 1, "price": 0.001, "mark_price": 0.00072142, "iv": 83.23, "instrument_name": "BTC-30DEC22-27000-C", "index_price": 17219.58, "direction": "buy", "amount": 19.0}, {"trade_seq": 1986, "trade_id": "237502447", "timestamp": 1670582088457, "tick_direction": 1, "price": 0.001, "mark_price": 0.00071919, "iv": 83.24, "instrument_name": "BTC-30DEC22-27000-C", "index_price": 17217.31, "direction": "buy", "amount": 21.7}, {"trade_seq": 1985, "trade_id": "237502446", "timestamp": 1670582088428, "tick_direction": 0, "price": 0.001, "mark_price": 0.00071919, "iv": 83.24, "instrument_name": "BTC-30DEC22-27000-C", "index_price": 17217.31, "direction": "buy", "amount": 20.0}, {"trade_seq": 1984, "trade_id": "237490843", "timestamp": 1670557517062, "tick_direction": 1, "price": 0.001, "mark_price": 0.00071684, "iv": 82.78, "instrument_name": "BTC-30DEC22-27000-C", "index_price": 17203.87, "direction": "buy", "amount": 1.0}, {"trade_seq": 1983, "trade_id": "237482131", "timestamp": 1670541327141, "tick_direction": 1, "price": 0.001, "mark_price": 0.00071007, "iv": 81.98, "instrument_name": "BTC-30DEC22-27000-C", "index_price": 17234.67, "direction": "buy", "amount": 1.1}, {"trade_seq": 1982, "trade_id": "237433408", "timestamp": 1670464657685, "tick_direction": 1, "price": 0.001, "mark_price": 0.00072977, "iv": 84.19, "instrument_name": "BTC-30DEC22-27000-C", "index_price": 16826.38, "direction": "buy", "amount": 1.9}, {"trade_seq": 1981, "trade_id": "237433407", "timestamp": 1670464657627, "tick_direction": 1, "price": 0.001, "mark_price": 0.00072977, "iv": 84.19, "instrument_name": "BTC-30DEC22-27000-C", "index_price": 16826.38, "direction": "buy", "amount": 1.9}, {"trade_seq": 1980, "trade_id": "237433406", "timestamp": 1670464657627, "tick_direction": 1, "price": 0.001, "mark_price": 0.00072977, "iv": 84.19, "instrument_name": "BTC-30DEC22-27000-C", "index_price": 16826.38, "direction": "buy", "amount": 0.1}, {"trade_seq": 1979, "trade_id": "237433405", "timestamp": 1670464657627, "tick_direction": 1, "price": 0.001, "mark_price": 0.00072977, "iv": 84.19, "instrument_name": "BTC-30DEC22-27000-C", "index_price": 16826.38, "direction": "buy", "amount": 0.1}, {"trade_seq": 1978, "trade_id": "237328768", "timestamp": 1670253778508, "tick_direction": 0, "price": 0.001, "mark_price": 0.00079793, "iv": 77.7, "instrument_name": "BTC-30DEC22-27000-C", "index_price": 17062.27, "direction": "buy", "block_trade_id": "58136", "amount": 200.0}, {"trade_seq": 1977, "trade_id": "237317834", "timestamp": 1670244114590, "tick_direction": 2, "price": 0.0005, "mark_price": 0.00071455, "iv": 69.75, "instrument_name": "BTC-30DEC22-27000-C", "index_price": 17251.38, "direction": "sell", "amount": 0.1}, {"trade_seq": 1976, "trade_id": "237317798", "timestamp": 1670244096078, "tick_direction": 0, "price": 0.001, "mark_price": 0.00070756, "iv": 76.11, "instrument_name": "BTC-30DEC22-27000-C", "index_price": 17246.13, "direction": "buy", "amount": 0.1}, {"trade_seq": 1975, "trade_id": "237317453", "timestamp": 1670243503120, "tick_direction": 2, "price": 0.0005, "mark_price": 0.00072943, "iv": 69.57, "instrument_name": "BTC-30DEC22-27000-C", "index_price": 17274.54, "direction": "sell", "amount": 0.1}, {"trade_seq": 1974, "trade_id": "237317450", "timestamp": 1670243485164, "tick_direction": 0, "price": 0.001, "mark_price": 0.00073007, "iv": 75.82, "instrument_name": "BTC-30DEC22-27000-C", "index_price": 17274.42, "direction": "buy", "amount": 0.1}, {"trade_seq": 1973, "trade_id": "237316919", "timestamp": 1670242624053, "tick_direction": 2, "price": 0.0005, "mark_price": 0.00075925, "iv": 69.55, "instrument_name": "BTC-30DEC22-27000-C", "index_price": 17278.65, "direction": "sell", "amount": 0.1}, {"trade_seq": 1972, "trade_id": "237316861", "timestamp": 1670242538696, "tick_direction": 1, "price": 0.001, "mark_price": 0.0007652, "iv": 75.81, "instrument_name": "BTC-30DEC22-27000-C", "index_price": 17274.99, "direction": "buy", "amount": 0.1}, {"trade_seq": 1971, "trade_id": "237312262", "timestamp": 1670233994068, "tick_direction": 1, "price": 0.001, "mark_price": 0.00099963, "iv": 75.44, "instrument_name": "BTC-30DEC22-27000-C", "index_price": 17305.12, "direction": "sell", "amount": 0.6}, {"trade_seq": 1970, "trade_id": "237305306", "timestamp": 1670228335931, "tick_direction": 1, "price": 0.001, "mark_price": 0.00071877, "iv": 75.2, "instrument_name": "BTC-30DEC22-27000-C", "index_price": 17316.41, "direction": "buy", "amount": 1.8}, {"trade_seq": 1969, "trade_id": "237305305", "timestamp": 1670228335931, "tick_direction": 1, "price": 0.001, "mark_price": 0.00071877, "iv": 75.2, "instrument_name": "BTC-30DEC22-27000-C", "index_price": 17316.41, "direction": "buy", "amount": 0.1}, {"trade_seq": 1968, "trade_id": "237305304", "timestamp": 1670228335931, "tick_direction": 1, "price": 0.001, "mark_price": 0.00071877, "iv": 75.2, "instrument_name": "BTC-30DEC22-27000-C", "index_price": 17316.41, "direction": "buy", "amount": 0.4}, {"trade_seq": 1967, "trade_id": "237305303", "timestamp": 1670228335931, "tick_direction": 0, "price": 0.001, "mark_price": 0.00071877, "iv": 75.2, "instrument_name": "BTC-30DEC22-27000-C", "index_price": 17316.41, "direction": "buy", "amount": 0.1}, {"trade_seq": 1966, "trade_id": "237168862", "timestamp": 1669993516993, "tick_direction": 3, "price": 0.0005, "mark_price": 0.00090054, "iv": 68.57, "instrument_name": "BTC-30DEC22-27000-C", "index_price": 16905.78, "direction": "sell", "amount": 0.9}, {"trade_seq": 1965, "trade_id": "237168861", "timestamp": 1669993516993, "tick_direction": 3, "price": 0.0005, "mark_price": 0.00090054, "iv": 68.57, "instrument_name": "BTC-30DEC22-27000-C", "index_price": 16905.78, "direction": "sell", "amount": 0.1}, {"trade_seq": 1964, "trade_id": "237139796", "timestamp": 1669968139381, "tick_direction": 2, "price": 0.0005, "mark_price": 0.00089269, "iv": 68.01, "instrument_name": "BTC-30DEC22-27000-C", "index_price": 16942.99, "direction": "sell", "amount": 0.1}, {"trade_seq": 1963, "trade_id": "237110416", "timestamp": 1669919860635, "tick_direction": 3, "price": 0.001, "mark_price": 0.00120816, "iv": 73.49, "instrument_name": "BTC-30DEC22-27000-C", "index_price": 16916.9, "direction": "buy", "amount": 8.8}, {"trade_seq": 1962, "trade_id": "237110413", "timestamp": 1669919860387, "tick_direction": 2, "price": 0.001, "mark_price": 0.00120816, "iv": 73.49, "instrument_name": "BTC-30DEC22-27000-C", "index_price": 16916.9, "direction": "sell", "amount": 4.3}, {"trade_seq": 1961, "trade_id": "237108306", "timestamp": 1669915942455, "tick_direction": 1, "price": 0.0015, "mark_price": 0.00124871, "iv": 77.04, "instrument_name": "BTC-30DEC22-27000-C", "index_price": 16980.92, "direction": "buy", "amount": 0.9}, {"trade_seq": 1960, "trade_id": "237108305", "timestamp": 1669915942455, "tick_direction": 0, "price": 0.0015, "mark_price": 0.00124871, "iv": 77.04, "instrument_name": "BTC-30DEC22-27000-C", "index_price": 16980.92, "direction": "buy", "amount": 0.1}, {"trade_seq": 1959, "trade_id": "237067573", "timestamp": 1669889566023, "tick_direction": 3, "price": 0.001, "mark_price": 0.00122754, "iv": 71.62, "instrument_name": "BTC-30DEC22-27000-C", "index_price": 17104.16, "direction": "sell", "amount": 0.1}, {"trade_seq": 1958, "trade_id": "237058901", "timestamp": 1669876666700, "tick_direction": 3, "price": 0.001, "mark_price": 0.00122709, "iv": 71.55, "instrument_name": "BTC-30DEC22-27000-C", "index_price": 17091.52, "direction": "sell", "amount": 0.6}, {"trade_seq": 1957, "trade_id": "236951721", "timestamp": 1669771014190, "tick_direction": 1, "price": 0.0015, "mark_price": 0.00123526, "iv": 75.66, "instrument_name": "BTC-30DEC22-27000-C", "index_price": 16877.24, "direction": "buy", "amount": 7.7}, {"trade_seq": 1956, "trade_id": "236951720", "timestamp": 1669771014190, "tick_direction": 1, "price": 0.0015, "mark_price": 0.00123526, "iv": 75.66, "instrument_name": "BTC-30DEC22-27000-C", "index_price": 16877.24, "direction": "buy", "amount": 1.8}, {"trade_seq": 1955, "trade_id": "236947808", "timestamp": 1669769657198, "tick_direction": 1, "price": 0.0015, "mark_price": 0.00124235, "iv": 76.27, "instrument_name": "BTC-30DEC22-27000-C", "index_price": 16795.86, "direction": "buy", "amount": 1.0}, {"trade_seq": 1954, "trade_id": "236947807", "timestamp": 1669769656117, "tick_direction": 1, "price": 0.0015, "mark_price": 0.00124247, "iv": 76.27, "instrument_name": "BTC-30DEC22-27000-C", "index_price": 16796.04, "direction": "buy", "amount": 1.0}, {"trade_seq": 1953, "trade_id": "236947806", "timestamp": 1669769654155, "tick_direction": 1, "price": 0.0015, "mark_price": 0.00124229, "iv": 76.27, "instrument_name": "BTC-30DEC22-27000-C", "index_price": 16796.08, "direction": "buy", "amount": 1.0}, {"trade_seq": 1952, "trade_id": "236938858", "timestamp": 1669759920751, "tick_direction": 1, "price": 0.0015, "mark_price": 0.00096444, "iv": 78.79, "instrument_name": "BTC-30DEC22-27000-C", "index_price": 16482.77, "direction": "buy", "amount": 1.0}, {"trade_seq": 1951, "trade_id": "236938857", "timestamp": 1669759918034, "tick_direction": 1, "price": 0.0015, "mark_price": 0.00096449, "iv": 78.8, "instrument_name": "BTC-30DEC22-27000-C", "index_price": 16483.2, "direction": "buy", "amount": 1.0}, {"trade_seq": 1950, "trade_id": "236938856", "timestamp": 1669759916411, "tick_direction": 0, "price": 0.0015, "mark_price": 0.0009646, "iv": 78.79, "instrument_name": "BTC-30DEC22-27000-C", "index_price": 16482.6, "direction": "buy", "amount": 1.0}, {"trade_seq": 1949, "trade_id": "236924013", "timestamp": 1669737486076, "tick_direction": 3, "price": 0.001, "mark_price": 0.00082059, "iv": 74.97, "instrument_name": "BTC-30DEC22-27000-C", "index_price": 16387.68, "direction": "buy", "amount": 0.9}, {"trade_seq": 1948, "trade_id": "236897978", "timestamp": 1669703645097, "tick_direction": 3, "price": 0.001, "mark_price": 0.00077283, "iv": 73.91, "instrument_name": "BTC-30DEC22-27000-C", "index_price": 16448.18, "direction": "buy", "amount": 0.5}, {"trade_seq": 1947, "trade_id": "236879689", "timestamp": 1669683009313, "tick_direction": 3, "price": 0.001, "mark_price": 0.00094819, "iv": 76.06, "instrument_name": "BTC-30DEC22-27000-C", "index_price": 16159.56, "direction": "buy", "amount": 8.2}, {"trade_seq": 1946, "trade_id": "236879683", "timestamp": 1669682980635, "tick_direction": 3, "price": 0.001, "mark_price": 0.00095926, "iv": 76.06, "instrument_name": "BTC-30DEC22-27000-C", "index_price": 16159.56, "direction": "sell", "amount": 0.4}, {"trade_seq": 1945, "trade_id": "236849242", "timestamp": 1669649438990, "tick_direction": 3, "price": 0.001, "mark_price": 0.00090079, "iv": 75.83, "instrument_name": "BTC-30DEC22-27000-C", "index_price": 16141.68, "direction": "sell", "amount": 15.1}, {"trade_seq": 1944, "trade_id": "236839831", "timestamp": 1669639548744, "tick_direction": 3, "price": 0.001, "mark_price": 0.00089179, "iv": 75.44, "instrument_name": "BTC-30DEC22-27000-C", "index_price": 16178.3, "direction": "sell", "amount": 1.2}, {"trade_seq": 1943, "trade_id": "236833774", "timestamp": 1669627494140, "tick_direction": 2, "price": 0.001, "mark_price": 0.00115427, "iv": 75.27, "instrument_name": "BTC-30DEC22-27000-C", "index_price": 16202.26, "direction": "buy", "amount": 0.1}, {"trade_seq": 1942, "trade_id": "236739323", "timestamp": 1669390188078, "tick_direction": 3, "price": 0.002, "mark_price": 0.00173679, "iv": 76.78, "instrument_name": "BTC-30DEC22-27000-C", "index_price": 16517.43, "direction": "buy", "amount": 3.0}, {"trade_seq": 1941, "trade_id": "236739322", "timestamp": 1669390188078, "tick_direction": 3, "price": 0.002, "mark_price": 0.00173679, "iv": 76.78, "instrument_name": "BTC-30DEC22-27000-C", "index_price": 16517.43, "direction": "buy", "amount": 8.4}, {"trade_seq": 1940, "trade_id": "236728899", "timestamp": 1669374520024, "tick_direction": 3, "price": 0.002, "mark_price": 0.00174508, "iv": 77.08, "instrument_name": "BTC-30DEC22-27000-C", "index_price": 16467.85, "direction": "buy", "amount": 0.5}, {"trade_seq": 1939, "trade_id": "236727847", "timestamp": 1669371830535, "tick_direction": 3, "price": 0.002, "mark_price": 0.00223969, "iv": 77.41, "instrument_name": "BTC-30DEC22-27000-C", "index_price": 16432.5, "direction": "sell", "amount": 0.1}, {"trade_seq": 1938, "trade_id": "236727846", "timestamp": 1669371830535, "tick_direction": 3, "price": 0.002, "mark_price": 0.00223969, "iv": 77.41, "instrument_name": "BTC-30DEC22-27000-C", "index_price": 16432.5, "direction": "sell", "amount": 7.8}, {"trade_seq": 1937, "trade_id": "236727596", "timestamp": 1669371126739, "tick_direction": 3, "price": 0.002, "mark_price": 0.00225541, "iv": 77.38, "instrument_name": "BTC-30DEC22-27000-C", "index_price": 16430.16, "direction": "sell", "amount": 2.2}, {"trade_seq": 1936, "trade_id": "236727595", "timestamp": 1669371126739, "tick_direction": 3, "price": 0.002, "mark_price": 0.00225541, "iv": 77.38, "instrument_name": "BTC-30DEC22-27000-C", "index_price": 16430.16, "direction": "sell", "amount": 0.8}, {"trade_seq": 1935, "trade_id": "236726534", "timestamp": 1669369336128, "tick_direction": 3, "price": 0.002, "mark_price": 0.00224776, "iv": 77.13, "instrument_name": "BTC-30DEC22-27000-C", "index_price": 16459.07, "direction": "sell", "amount": 0.2}, {"trade_seq": 1934, "trade_id": "236700165", "timestamp": 1669328494655, "tick_direction": 3, "price": 0.0025, "mark_price": 0.00225156, "iv": 78.55, "instrument_name": "BTC-30DEC22-27000-C", "index_price": 16566.64, "direction": "buy", "amount": 1.0}, {"trade_seq": 1933, "trade_id": "236700163", "timestamp": 1669328479956, "tick_direction": 3, "price": 0.0025, "mark_price": 0.00224923, "iv": 78.57, "instrument_name": "BTC-30DEC22-27000-C", "index_price": 16565.43, "direction": "buy", "amount": 1.0}, {"trade_seq": 1932, "trade_id": "236700162", "timestamp": 1669328478773, "tick_direction": 3, "price": 0.0025, "mark_price": 0.00224925, "iv": 78.57, "instrument_name": "BTC-30DEC22-27000-C", "index_price": 16565.43, "direction": "buy", "amount": 1.0}, {"trade_seq": 1931, "trade_id": "236700161", "timestamp": 1669328477610, "tick_direction": 3, "price": 0.0025, "mark_price": 0.0022487, "iv": 78.57, "instrument_name": "BTC-30DEC22-27000-C", "index_price": 16565.42, "direction": "buy", "amount": 1.0}, {"trade_seq": 1930, "trade_id": "236700160", "timestamp": 1669328476210, "tick_direction": 3, "price": 0.0025, "mark_price": 0.0022485, "iv": 78.57, "instrument_name": "BTC-30DEC22-27000-C", "index_price": 16565.12, "direction": "buy", "amount": 0.5}, {"trade_seq": 1929, "trade_id": "236700159", "timestamp": 1669328476210, "tick_direction": 3, "price": 0.0025, "mark_price": 0.0022485, "iv": 78.57, "instrument_name": "BTC-30DEC22-27000-C", "index_price": 16565.12, "direction": "buy", "amount": 0.5}, {"trade_seq": 1928, "trade_id": "236586534", "timestamp": 1669163080977, "tick_direction": 0, "price": 0.003, "mark_price": 0.00248462, "iv": 81.84, "instrument_name": "BTC-30DEC22-27000-C", "index_price": 16196.78, "direction": "buy", "amount": 1.0}, {"trade_seq": 1927, "trade_id": "236540514", "timestamp": 1669110648734, "tick_direction": 3, "price": 0.0025, "mark_price": 0.00271002, "iv": 83.1, "instrument_name": "BTC-30DEC22-27000-C", "index_price": 15673.32, "direction": "sell", "amount": 157.4}, {"trade_seq": 1926, "trade_id": "236540373", "timestamp": 1669110355307, "tick_direction": 3, "price": 0.0025, "mark_price": 0.00271868, "iv": 82.99, "instrument_name": "BTC-30DEC22-27000-C", "index_price": 15685.61, "direction": "sell", "amount": 10.0}, {"trade_seq": 1925, "trade_id": "236540361", "timestamp": 1669110334690, "tick_direction": 3, "price": 0.0025, "mark_price": 0.00272829, "iv": 82.94, "instrument_name": "BTC-30DEC22-27000-C", "index_price": 15689.12, "direction": "sell", "amount": 20.0}, {"trade_seq": 1924, "trade_id": "236540321", "timestamp": 1669110168954, "tick_direction": 3, "price": 0.0025, "mark_price": 0.0027328, "iv": 82.9, "instrument_name": "BTC-30DEC22-27000-C", "index_price": 15694.47, "direction": "sell", "amount": 12.6}, {"trade_seq": 1923, "trade_id": "236540320", "timestamp": 1669110168954, "tick_direction": 3, "price": 0.0025, "mark_price": 0.0027328, "iv": 82.9, "instrument_name": "BTC-30DEC22-27000-C", "index_price": 15694.47, "direction": "sell", "amount": 87.4}, {"trade_seq": 1922, "trade_id": "236540301", "timestamp": 1669110128417, "tick_direction": 2, "price": 0.0025, "mark_price": 0.00274435, "iv": 82.85, "instrument_name": "BTC-30DEC22-27000-C", "index_price": 15700.94, "direction": "sell", "amount": 100.0}, {"trade_seq": 1921, "trade_id": "236538696", "timestamp": 1669107310596, "tick_direction": 1, "price": 0.003, "mark_price": 0.00277085, "liquidation": "T", "iv": 84.97, "instrument_name": "BTC-30DEC22-27000-C", "index_price": 15725.22, "direction": "buy", "amount": 5.0}, {"trade_seq": 1920, "trade_id": "236533160", "timestamp": 1669100856921, "tick_direction": 0, "price": 0.003, "mark_price": 0.00274616, "iv": 85.33, "instrument_name": "BTC-30DEC22-27000-C", "index_price": 15665.86, "direction": "buy", "amount": 0.3}, {"trade_seq": 1919, "trade_id": "236528085", "timestamp": 1669095218214, "tick_direction": 3, "price": 0.0025, "mark_price": 0.00273959, "iv": 81.91, "instrument_name": "BTC-30DEC22-27000-C", "index_price": 15786.3, "direction": "sell", "amount": 1.0}, {"trade_seq": 1918, "trade_id": "236527684", "timestamp": 1669094033562, "tick_direction": 3, "price": 0.0025, "mark_price": 0.00272897, "iv": 81.87, "instrument_name": "BTC-30DEC22-27000-C", "index_price": 15786.09, "direction": "sell", "amount": 0.1}, {"trade_seq": 1917, "trade_id": "236527654", "timestamp": 1669093915939, "tick_direction": 3, "price": 0.0025, "mark_price": 0.00275007, "iv": 81.77, "instrument_name": "BTC-30DEC22-27000-C", "index_price": 15798.28, "direction": "sell", "amount": 0.1}, {"trade_seq": 1916, "trade_id": "236527601", "timestamp": 1669093678599, "tick_direction": 3, "price": 0.0025, "mark_price": 0.00273729, "iv": 81.83, "instrument_name": "BTC-30DEC22-27000-C", "index_price": 15790.79, "direction": "sell", "amount": 0.1}, {"trade_seq": 1915, "trade_id": "236527225", "timestamp": 1669092436576, "tick_direction": 3, "price": 0.0025, "mark_price": 0.00276426, "iv": 81.58, "instrument_name": "BTC-30DEC22-27000-C", "index_price": 15816.69, "direction": "sell", "amount": 0.1}, {"trade_seq": 1914, "trade_id": "236527129", "timestamp": 1669092135692, "tick_direction": 3, "price": 0.0025, "mark_price": 0.00274627, "iv": 81.7, "instrument_name": "BTC-30DEC22-27000-C", "index_price": 15804.4, "direction": "sell", "amount": 0.1}, {"trade_seq": 1913, "trade_id": "236527095", "timestamp": 1669091944435, "tick_direction": 3, "price": 0.0025, "mark_price": 0.00274121, "iv": 81.72, "instrument_name": "BTC-30DEC22-27000-C", "index_price": 15800.48, "direction": "sell", "amount": 0.1}, {"trade_seq": 1912, "trade_id": "236523254", "timestamp": 1669084904112, "tick_direction": 3, "price": 0.0025, "mark_price": 0.00272836, "iv": 81.86, "instrument_name": "BTC-30DEC22-27000-C", "index_price": 15775.82, "direction": "sell", "amount": 5.0}, {"trade_seq": 1911, "trade_id": "236523070", "timestamp": 1669084502327, "tick_direction": 2, "price": 0.0025, "mark_price": 0.0027421, "iv": 81.8, "instrument_name": "BTC-30DEC22-27000-C", "index_price": 15786.21, "direction": "sell", "amount": 5.0}, {"trade_seq": 1910, "trade_id": "236504540", "timestamp": 1669067132817, "tick_direction": 1, "price": 0.003, "mark_price": 0.00311266, "iv": 84.15, "instrument_name": "BTC-30DEC22-27000-C", "index_price": 15722.32, "direction": "sell", "amount": 2.5}, {"trade_seq": 1909, "trade_id": "236477714", "timestamp": 1669050236413, "tick_direction": 1, "price": 0.003, "mark_price": 0.00277731, "iv": 81.67, "instrument_name": "BTC-30DEC22-27000-C", "index_price": 16034.02, "direction": "buy", "amount": 1.0}, {"trade_seq": 1908, "trade_id": "236477713", "timestamp": 1669050233300, "tick_direction": 1, "price": 0.003, "mark_price": 0.00278075, "iv": 81.66, "instrument_name": "BTC-30DEC22-27000-C", "index_price": 16035.91, "direction": "buy", "amount": 0.9}, {"trade_seq": 1907, "trade_id": "236477712", "timestamp": 1669050233300, "tick_direction": 1, "price": 0.003, "mark_price": 0.00278075, "iv": 81.66, "instrument_name": "BTC-30DEC22-27000-C", "index_price": 16035.91, "direction": "buy", "amount": 0.1}, {"trade_seq": 1906, "trade_id": "236477711", "timestamp": 1669050232244, "tick_direction": 1, "price": 0.003, "mark_price": 0.00278181, "iv": 81.66, "instrument_name": "BTC-30DEC22-27000-C", "index_price": 16036.31, "direction": "buy", "amount": 1.0}, {"trade_seq": 1905, "trade_id": "236477710", "timestamp": 1669050230356, "tick_direction": 1, "price": 0.003, "mark_price": 0.00277969, "iv": 81.67, "instrument_name": "BTC-30DEC22-27000-C", "index_price": 16034.94, "direction": "buy", "amount": 1.0}, {"trade_seq": 1904, "trade_id": "236476740", "timestamp": 1669049592786, "tick_direction": 1, "price": 0.003, "mark_price": 0.00277984, "iv": 81.73, "instrument_name": "BTC-30DEC22-27000-C", "index_price": 16034.11, "direction": "buy", "amount": 1.0}, {"trade_seq": 1903, "trade_id": "236476737", "timestamp": 1669049590618, "tick_direction": 1, "price": 0.003, "mark_price": 0.0027778, "iv": 81.74, "instrument_name": "BTC-30DEC22-27000-C", "index_price": 16032.8, "direction": "buy", "amount": 1.0}, {"trade_seq": 1902, "trade_id": "236476736", "timestamp": 1669049588716, "tick_direction": 0, "price": 0.003, "mark_price": 0.00277716, "iv": 81.74, "instrument_name": "BTC-30DEC22-27000-C", "index_price": 16032.34, "direction": "buy", "amount": 1.0}, {"trade_seq": 1901, "trade_id": "236473250", "timestamp": 1669047734905, "tick_direction": 0, "price": 0.0025, "mark_price": 0.00264368, "iv": 79.66, "instrument_name": "BTC-30DEC22-27000-C", "index_price": 16004.87, "direction": "sell", "amount": 1.0}, {"trade_seq": 1900, "trade_id": "236432298", "timestamp": 1669011576937, "tick_direction": 1, "price": 0.0025, "mark_price": 0.00222935, "iv": 78.24, "instrument_name": "BTC-30DEC22-27000-C", "index_price": 16175.77, "direction": "buy", "amount": 0.5}, {"trade_seq": 1899, "trade_id": "236415521", "timestamp": 1668996994510, "tick_direction": 1, "price": 0.0025, "mark_price": 0.00218604, "iv": 79.64, "instrument_name": "BTC-30DEC22-27000-C", "index_price": 15979.05, "direction": "buy", "amount": 10.0}, {"trade_seq": 1898, "trade_id": "236415502", "timestamp": 1668996982127, "tick_direction": 1, "price": 0.0025, "mark_price": 0.00220962, "iv": 79.52, "instrument_name": "BTC-30DEC22-27000-C", "index_price": 15993.02, "direction": "buy", "amount": 2.5}, {"trade_seq": 1897, "trade_id": "236415501", "timestamp": 1668996982127, "tick_direction": 0, "price": 0.0025, "mark_price": 0.00220962, "iv": 79.52, "instrument_name": "BTC-30DEC22-27000-C", "index_price": 15993.02, "direction": "buy", "amount": 4.5}, {"trade_seq": 1896, "trade_id": "236325715", "timestamp": 1668791086537, "tick_direction": 3, "price": 0.003, "mark_price": 0.00294849, "iv": 74.52, "instrument_name": "BTC-30DEC22-27000-C", "index_price": 16628.8, "direction": "buy", "amount": 0.1}, {"trade_seq": 1895, "trade_id": "236317594", "timestamp": 1668782120404, "tick_direction": 3, "price": 0.003, "mark_price": 0.00309622, "iv": 73.9, "instrument_name": "BTC-30DEC22-27000-C", "index_price": 16698.21, "direction": "sell", "amount": 0.5}, {"trade_seq": 1894, "trade_id": "236317593", "timestamp": 1668782120404, "tick_direction": 3, "price": 0.003, "mark_price": 0.00309622, "iv": 73.9, "instrument_name": "BTC-30DEC22-27000-C", "index_price": 16698.21, "direction": "sell", "amount": 0.1}, {"trade_seq": 1893, "trade_id": "236317592", "timestamp": 1668782120404, "tick_direction": 3, "price": 0.003, "mark_price": 0.00309622, "iv": 73.9, "instrument_name": "BTC-30DEC22-27000-C", "index_price": 16698.21, "direction": "sell", "amount": 0.2}, {"trade_seq": 1892, "trade_id": "236317591", "timestamp": 1668782120404, "tick_direction": 3, "price": 0.003, "mark_price": 0.00309622, "iv": 73.9, "instrument_name": "BTC-30DEC22-27000-C", "index_price": 16698.21, "direction": "sell", "amount": 0.2}, {"trade_seq": 1891, "trade_id": "236317590", "timestamp": 1668782120404, "tick_direction": 3, "price": 0.003, "mark_price": 0.00309622, "iv": 73.9, "instrument_name": "BTC-30DEC22-27000-C", "index_price": 16698.21, "direction": "sell", "amount": 0.2}, {"trade_seq": 1890, "trade_id": "236317589", "timestamp": 1668782120404, "tick_direction": 2, "price": 0.003, "mark_price": 0.00309622, "iv": 73.9, "instrument_name": "BTC-30DEC22-27000-C", "index_price": 16698.21, "direction": "sell", "amount": 0.1}, {"trade_seq": 1889, "trade_id": "236167909", "timestamp": 1668613695833, "tick_direction": 1, "price": 0.0045, "mark_price": 0.00454115, "iv": 79.67, "instrument_name": "BTC-30DEC22-27000-C", "index_price": 16421.44, "direction": "buy", "amount": 1.0}, {"trade_seq": 1888, "trade_id": "236167835", "timestamp": 1668613680962, "tick_direction": 1, "price": 0.0045, "mark_price": 0.00455696, "iv": 79.63, "instrument_name": "BTC-30DEC22-27000-C", "index_price": 16428.91, "direction": "buy", "amount": 1.0}, {"trade_seq": 1887, "trade_id": "236132494", "timestamp": 1668602427716, "tick_direction": 0, "price": 0.0045, "mark_price": 0.00385607, "iv": 77.95, "instrument_name": "BTC-30DEC22-27000-C", "index_price": 16614.04, "direction": "buy", "amount": 1.7}, {"trade_seq": 1886, "trade_id": "236120947", "timestamp": 1668595049885, "tick_direction": 3, "price": 0.004, "mark_price": 0.00387395, "iv": 75.93, "instrument_name": "BTC-30DEC22-27000-C", "index_price": 16670.11, "direction": "sell", "amount": 0.1}, {"trade_seq": 1885, "trade_id": "236114183", "timestamp": 1668588237792, "tick_direction": 3, "price": 0.004, "mark_price": 0.00397556, "iv": 75.45, "instrument_name": "BTC-30DEC22-27000-C", "index_price": 16732.77, "direction": "buy", "amount": 0.1}, {"trade_seq": 1884, "trade_id": "236114182", "timestamp": 1668588237789, "tick_direction": 2, "price": 0.004, "mark_price": 0.00397556, "iv": 75.45, "instrument_name": "BTC-30DEC22-27000-C", "index_price": 16732.77, "direction": "sell", "amount": 0.1}, {"trade_seq": 1883, "trade_id": "236059919", "timestamp": 1668533015711, "tick_direction": 3, "price": 0.005, "mark_price": 0.00524351, "iv": 76.09, "instrument_name": "BTC-30DEC22-27000-C", "index_price": 16998.1, "direction": "sell", "amount": 46.9}, {"trade_seq": 1882, "trade_id": "236059918", "timestamp": 1668533015709, "tick_direction": 3, "price": 0.005, "mark_price": 0.00524351, "iv": 76.09, "instrument_name": "BTC-30DEC22-27000-C", "index_price": 16998.1, "direction": "sell", "amount": 50.0}, {"trade_seq": 1881, "trade_id": "236041683", "timestamp": 1668522608516, "tick_direction": 2, "price": 0.005, "mark_price": 0.00533346, "iv": 76.41, "instrument_name": "BTC-30DEC22-27000-C", "index_price": 16950.67, "direction": "sell", "amount": 23.4}, {"trade_seq": 1880, "trade_id": "236035310", "timestamp": 1668519249660, "tick_direction": 1, "price": 0.0055, "mark_price": 0.00508404, "iv": 76.76, "instrument_name": "BTC-30DEC22-27000-C", "index_price": 17068.28, "direction": "buy", "amount": 19.8}, {"trade_seq": 1879, "trade_id": "236035309", "timestamp": 1668519249660, "tick_direction": 1, "price": 0.0055, "mark_price": 0.00508404, "iv": 76.76, "instrument_name": "BTC-30DEC22-27000-C", "index_price": 17068.28, "direction": "buy", "amount": 4.9}, {"trade_seq": 1878, "trade_id": "236035308", "timestamp": 1668519249660, "tick_direction": 0, "price": 0.0055, "mark_price": 0.00508404, "iv": 76.76, "instrument_name": "BTC-30DEC22-27000-C", "index_price": 17068.28, "direction": "buy", "amount": 7.3}, {"trade_seq": 1877, "trade_id": "235967986", "timestamp": 1668469020350, "tick_direction": 1, "price": 0.005, "mark_price": 0.00481854, "iv": 77.93, "instrument_name": "BTC-30DEC22-27000-C", "index_price": 16673.43, "direction": "buy", "amount": 0.2}, {"trade_seq": 1876, "trade_id": "235913207", "timestamp": 1668444759216, "tick_direction": 0, "price": 0.005, "mark_price": 0.00547167, "iv": 79.36, "instrument_name": "BTC-30DEC22-27000-C", "index_price": 16438.92, "direction": "sell", "amount": 5.0}, {"trade_seq": 1875, "trade_id": "235888633", "timestamp": 1668436243415, "tick_direction": 2, "price": 0.0045, "mark_price": 0.00453281, "iv": 76.13, "instrument_name": "BTC-30DEC22-27000-C", "index_price": 16632.35, "direction": "buy", "amount": 1.0}, {"trade_seq": 1874, "trade_id": "235842254", "timestamp": 1668425478572, "tick_direction": 3, "price": 0.005, "mark_price": 0.00536906, "iv": 76.82, "instrument_name": "BTC-30DEC22-27000-C", "index_price": 16746.41, "direction": "sell", "amount": 1.7}, {"trade_seq": 1873, "trade_id": "235842253", "timestamp": 1668425478572, "tick_direction": 2, "price": 0.005, "mark_price": 0.00536906, "iv": 76.82, "instrument_name": "BTC-30DEC22-27000-C", "index_price": 16746.41, "direction": "sell", "amount": 0.3}, {"trade_seq": 1872, "trade_id": "235838490", "timestamp": 1668423537139, "tick_direction": 1, "price": 0.0055, "mark_price": 0.00586813, "iv": 77.91, "instrument_name": "BTC-30DEC22-27000-C", "index_price": 16767.02, "direction": "sell", "amount": 8.0}, {"trade_seq": 1871, "trade_id": "235838488", "timestamp": 1668423534652, "tick_direction": 1, "price": 0.0055, "mark_price": 0.00587222, "iv": 77.9, "instrument_name": "BTC-30DEC22-27000-C", "index_price": 16767.69, "direction": "sell", "amount": 6.0}, {"trade_seq": 1870, "trade_id": "235837330", "timestamp": 1668422840060, "tick_direction": 1, "price": 0.0055, "mark_price": 0.0055438, "iv": 77.81, "instrument_name": "BTC-30DEC22-27000-C", "index_price": 16778.11, "direction": "sell", "amount": 1.0}, {"trade_seq": 1869, "trade_id": "235837329", "timestamp": 1668422840060, "tick_direction": 0, "price": 0.0055, "mark_price": 0.0055438, "iv": 77.81, "instrument_name": "BTC-30DEC22-27000-C", "index_price": 16778.11, "direction": "sell", "amount": 0.5}, {"trade_seq": 1868, "trade_id": "235761984", "timestamp": 1668398604137, "tick_direction": 0, "price": 0.005, "mark_price": 0.00447173, "iv": 81.34, "instrument_name": "BTC-30DEC22-27000-C", "index_price": 16108.88, "direction": "buy", "amount": 1.0}, {"trade_seq": 1867, "trade_id": "235735769", "timestamp": 1668381968658, "tick_direction": 3, "price": 0.0055, "mark_price": 0.00497303, "iv": 80.77, "instrument_name": "BTC-30DEC22-27000-C", "index_price": 16354.16, "direction": "buy", "amount": 13.2}, {"trade_seq": 1866, "trade_id": "235735768", "timestamp": 1668381968658, "tick_direction": 3, "price": 0.0055, "mark_price": 0.00497303, "iv": 80.77, "instrument_name": "BTC-30DEC22-27000-C", "index_price": 16354.16, "direction": "buy", "amount": 4.5}, {"trade_seq": 1865, "trade_id": "235735767", "timestamp": 1668381968658, "tick_direction": 3, "price": 0.0055, "mark_price": 0.00497303, "iv": 80.77, "instrument_name": "BTC-30DEC22-27000-C", "index_price": 16354.16, "direction": "buy", "amount": 21.0}, {"trade_seq": 1864, "trade_id": "235735766", "timestamp": 1668381968658, "tick_direction": 3, "price": 0.0055, "mark_price": 0.00497303, "iv": 80.77, "instrument_name": "BTC-30DEC22-27000-C", "index_price": 16354.16, "direction": "buy", "amount": 6.3}, {"trade_seq": 1863, "trade_id": "235735765", "timestamp": 1668381968658, "tick_direction": 3, "price": 0.0055, "mark_price": 0.00497303, "iv": 80.77, "instrument_name": "BTC-30DEC22-27000-C", "index_price": 16354.16, "direction": "buy", "amount": 10.0}, {"trade_seq": 1862, "trade_id": "235725129", "timestamp": 1668373359955, "tick_direction": 3, "price": 0.0055, "mark_price": 0.00544069, "iv": 80.56, "instrument_name": "BTC-30DEC22-27000-C", "index_price": 16367.41, "direction": "sell", "amount": 3.0}, {"trade_seq": 1861, "trade_id": "235725125", "timestamp": 1668373359944, "tick_direction": 3, "price": 0.0055, "mark_price": 0.00544069, "iv": 80.56, "instrument_name": "BTC-30DEC22-27000-C", "index_price": 16367.41, "direction": "sell", "amount": 9.0}, {"trade_seq": 1860, "trade_id": "235724972", "timestamp": 1668373357961, "tick_direction": 3, "price": 0.0055, "mark_price": 0.00556612, "iv": 80.21, "instrument_name": "BTC-30DEC22-27000-C", "index_price": 16410.08, "direction": "sell", "amount": 9.0}, {"trade_seq": 1859, "trade_id": "235724970", "timestamp": 1668373357939, "tick_direction": 3, "price": 0.0055, "mark_price": 0.00556612, "iv": 80.21, "instrument_name": "BTC-30DEC22-27000-C", "index_price": 16410.08, "direction": "sell", "amount": 9.0}, {"trade_seq": 1858, "trade_id": "235690206", "timestamp": 1668331656275, "tick_direction": 3, "price": 0.0055, "mark_price": 0.00570965, "iv": 79.05, "instrument_name": "BTC-30DEC22-27000-C", "index_price": 16500.08, "direction": "sell", "amount": 8.1}, {"trade_seq": 1857, "trade_id": "235690205", "timestamp": 1668331656271, "tick_direction": 3, "price": 0.0055, "mark_price": 0.00570965, "iv": 79.05, "instrument_name": "BTC-30DEC22-27000-C", "index_price": 16500.08, "direction": "sell", "amount": 24.0}, {"trade_seq": 1856, "trade_id": "235690112", "timestamp": 1668331618306, "tick_direction": 3, "price": 0.0055, "mark_price": 0.00571088, "iv": 79.04, "instrument_name": "BTC-30DEC22-27000-C", "index_price": 16501.0, "direction": "sell", "amount": 4.7}, {"trade_seq": 1855, "trade_id": "235690111", "timestamp": 1668331618275, "tick_direction": 3, "price": 0.0055, "mark_price": 0.00571088, "iv": 79.04, "instrument_name": "BTC-30DEC22-27000-C", "index_price": 16501.0, "direction": "sell", "amount": 7.1}, {"trade_seq": 1854, "trade_id": "235689806", "timestamp": 1668331307387, "tick_direction": 3, "price": 0.0055, "mark_price": 0.00575427, "iv": 78.93, "instrument_name": "BTC-30DEC22-27000-C", "index_price": 16509.97, "direction": "sell", "amount": 3.0}, {"trade_seq": 1853, "trade_id": "235689805", "timestamp": 1668331307385, "tick_direction": 3, "price": 0.0055, "mark_price": 0.00575427, "iv": 78.93, "instrument_name": "BTC-30DEC22-27000-C", "index_price": 16509.97, "direction": "sell", "amount": 4.5}, {"trade_seq": 1852, "trade_id": "235689804", "timestamp": 1668331307383, "tick_direction": 3, "price": 0.0055, "mark_price": 0.00575427, "iv": 78.93, "instrument_name": "BTC-30DEC22-27000-C", "index_price": 16509.97, "direction": "sell", "amount": 6.9}, {"trade_seq": 1851, "trade_id": "235689752", "timestamp": 1668331272515, "tick_direction": 3, "price": 0.0055, "mark_price": 0.00573319, "iv": 78.98, "instrument_name": "BTC-30DEC22-27000-C", "index_price": 16504.15, "direction": "sell", "amount": 4.3}, {"trade_seq": 1850, "trade_id": "235689537", "timestamp": 1668331100464, "tick_direction": 3, "price": 0.0055, "mark_price": 0.00576265, "iv": 78.89, "instrument_name": "BTC-30DEC22-27000-C", "index_price": 16519.78, "direction": "sell", "amount": 25.0}, {"trade_seq": 1849, "trade_id": "235684946", "timestamp": 1668328280185, "tick_direction": 3, "price": 0.0055, "mark_price": 0.00573549, "iv": 77.57, "instrument_name": "BTC-30DEC22-27000-C", "index_price": 16698.24, "direction": "sell", "amount": 4.2}, {"trade_seq": 1848, "trade_id": "235684882", "timestamp": 1668328066091, "tick_direction": 3, "price": 0.0055, "mark_price": 0.00571884, "iv": 77.6, "instrument_name": "BTC-30DEC22-27000-C", "index_price": 16694.81, "direction": "sell", "amount": 4.4}, {"trade_seq": 1847, "trade_id": "235684471", "timestamp": 1668327404292, "tick_direction": 3, "price": 0.0055, "mark_price": 0.00564889, "iv": 77.54, "instrument_name": "BTC-30DEC22-27000-C", "index_price": 16699.16, "direction": "sell", "amount": 1.8}, {"trade_seq": 1846, "trade_id": "235675295", "timestamp": 1668321751676, "tick_direction": 2, "price": 0.0055, "mark_price": 0.00568986, "iv": 76.93, "instrument_name": "BTC-30DEC22-27000-C", "index_price": 16769.56, "direction": "sell", "amount": 2.0}, {"trade_seq": 1845, "trade_id": "235661729", "timestamp": 1668285360098, "tick_direction": 3, "price": 0.006, "mark_price": 0.00620216, "iv": 77.64, "instrument_name": "BTC-30DEC22-27000-C", "index_price": 16815.84, "direction": "sell", "amount": 99.0}, {"trade_seq": 1844, "trade_id": "235659781", "timestamp": 1668282918221, "tick_direction": 2, "price": 0.006, "mark_price": 0.00631012, "iv": 77.16, "instrument_name": "BTC-30DEC22-27000-C", "index_price": 16867.56, "direction": "sell", "amount": 1.0}, {"trade_seq": 1843, "trade_id": "235650308", "timestamp": 1668266325587, "tick_direction": 2, "price": 0.0065, "mark_price": 0.00634844, "iv": 77.27, "instrument_name": "BTC-30DEC22-27000-C", "index_price": 16950.75, "direction": "buy", "amount": 3.7}, {"trade_seq": 1842, "trade_id": "235581185", "timestamp": 1668210966820, "tick_direction": 2, "price": 0.0075, "mark_price": 0.00777173, "iv": 79.17, "instrument_name": "BTC-30DEC22-27000-C", "index_price": 16991.71, "direction": "sell", "amount": 20.0}, {"trade_seq": 1841, "trade_id": "235552556", "timestamp": 1668197835484, "tick_direction": 0, "price": 0.008, "mark_price": 0.00752039, "iv": 82.75, "instrument_name": "BTC-30DEC22-27000-C", "index_price": 16649.4, "direction": "buy", "amount": 2.1}, {"trade_seq": 1840, "trade_id": "235449843", "timestamp": 1668174815897, "tick_direction": 0, "price": 0.0055, "mark_price": 0.00534244, "iv": 71.43, "instrument_name": "BTC-30DEC22-27000-C", "index_price": 17348.95, "direction": "buy", "amount": 1.0}, {"trade_seq": 1839, "trade_id": "235412218", "timestamp": 1668161444344, "tick_direction": 2, "price": 0.005, "mark_price": 0.00528848, "iv": 70.69, "instrument_name": "BTC-30DEC22-27000-C", "index_price": 17293.17, "direction": "sell", "amount": 0.2}, {"trade_seq": 1838, "trade_id": "235269884", "timestamp": 1668122172392, "tick_direction": 0, "price": 0.0065, "mark_price": 0.00577261, "iv": 71.69, "instrument_name": "BTC-30DEC22-27000-C", "index_price": 17545.18, "direction": "sell", "amount": 0.1}, {"trade_seq": 1837, "trade_id": "235015182", "timestamp": 1668078694323, "tick_direction": 3, "price": 0.005, "mark_price": 0.00504408, "iv": 77.62, "instrument_name": "BTC-30DEC22-27000-C", "index_price": 16274.48, "direction": "sell", "amount": 6.0}, {"trade_seq": 1836, "trade_id": "235015181", "timestamp": 1668078694323, "tick_direction": 3, "price": 0.005, "mark_price": 0.00504408, "iv": 77.62, "instrument_name": "BTC-30DEC22-27000-C", "index_price": 16274.48, "direction": "sell", "amount": 1.1}, {"trade_seq": 1835, "trade_id": "235013121", "timestamp": 1668078512722, "tick_direction": 3, "price": 0.005, "mark_price": 0.00512551, "iv": 77.23, "instrument_name": "BTC-30DEC22-27000-C", "index_price": 16309.04, "direction": "sell", "amount": 0.1}, {"trade_seq": 1834, "trade_id": "235013120", "timestamp": 1668078512701, "tick_direction": 3, "price": 0.005, "mark_price": 0.00512551, "iv": 77.23, "instrument_name": "BTC-30DEC22-27000-C", "index_price": 16309.04, "direction": "sell", "amount": 0.1}, {"trade_seq": 1833, "trade_id": "235013115", "timestamp": 1668078512321, "tick_direction": 3, "price": 0.005, "mark_price": 0.00512551, "iv": 77.19, "instrument_name": "BTC-30DEC22-27000-C", "index_price": 16309.98, "direction": "sell", "amount": 0.1}, {"trade_seq": 1832, "trade_id": "235013114", "timestamp": 1668078512311, "tick_direction": 3, "price": 0.005, "mark_price": 0.00512551, "iv": 77.19, "instrument_name": "BTC-30DEC22-27000-C", "index_price": 16309.98, "direction": "sell", "amount": 0.1}, {"trade_seq": 1831, "trade_id": "235013113", "timestamp": 1668078512293, "tick_direction": 3, "price": 0.005, "mark_price": 0.00512551, "iv": 77.19, "instrument_name": "BTC-30DEC22-27000-C", "index_price": 16309.98, "direction": "sell", "amount": 0.2}, {"trade_seq": 1830, "trade_id": "235013112", "timestamp": 1668078512274, "tick_direction": 3, "price": 0.005, "mark_price": 0.00512551, "iv": 77.19, "instrument_name": "BTC-30DEC22-27000-C", "index_price": 16309.98, "direction": "sell", "amount": 0.2}, {"trade_seq": 1829, "trade_id": "235013111", "timestamp": 1668078512231, "tick_direction": 3, "price": 0.005, "mark_price": 0.00512551, "iv": 77.19, "instrument_name": "BTC-30DEC22-27000-C", "index_price": 16309.98, "direction": "sell", "amount": 0.1}, {"trade_seq": 1828, "trade_id": "235012933", "timestamp": 1668078498728, "tick_direction": 3, "price": 0.005, "mark_price": 0.0051734, "iv": 77.08, "instrument_name": "BTC-30DEC22-27000-C", "index_price": 16327.56, "direction": "sell", "amount": 0.1}, {"trade_seq": 1827, "trade_id": "235012932", "timestamp": 1668078498716, "tick_direction": 3, "price": 0.005, "mark_price": 0.0051734, "iv": 77.08, "instrument_name": "BTC-30DEC22-27000-C", "index_price": 16327.56, "direction": "sell", "amount": 0.1}, {"trade_seq": 1826, "trade_id": "235012931", "timestamp": 1668078498705, "tick_direction": 3, "price": 0.005, "mark_price": 0.0051734, "iv": 77.08, "instrument_name": "BTC-30DEC22-27000-C", "index_price": 16327.56, "direction": "sell", "amount": 0.1}, {"trade_seq": 1825, "trade_id": "235012930", "timestamp": 1668078498693, "tick_direction": 3, "price": 0.005, "mark_price": 0.0051734, "iv": 77.08, "instrument_name": "BTC-30DEC22-27000-C", "index_price": 16327.56, "direction": "sell", "amount": 0.1}, {"trade_seq": 1824, "trade_id": "235012929", "timestamp": 1668078498677, "tick_direction": 3, "price": 0.005, "mark_price": 0.0051734, "iv": 77.08, "instrument_name": "BTC-30DEC22-27000-C", "index_price": 16327.56, "direction": "sell", "amount": 0.2}, {"trade_seq": 1823, "trade_id": "235012928", "timestamp": 1668078498662, "tick_direction": 2, "price": 0.005, "mark_price": 0.0051734, "iv": 77.08, "instrument_name": "BTC-30DEC22-27000-C", "index_price": 16327.56, "direction": "sell", "amount": 0.2}, {"trade_seq": 1822, "trade_id": "234976998", "timestamp": 1668071519046, "tick_direction": 0, "price": 0.006, "mark_price": 0.00538029, "iv": 76.15, "instrument_name": "BTC-30DEC22-27000-C", "index_price": 16722.06, "direction": "buy", "amount": 0.4}, {"trade_seq": 1821, "trade_id": "234964145", "timestamp": 1668069049722, "tick_direction": 0, "price": 0.005, "mark_price": 0.00515079, "iv": 74.9, "instrument_name": "BTC-30DEC22-27000-C", "index_price": 16520.35, "direction": "sell", "amount": 0.2}, {"trade_seq": 1820, "trade_id": "234923729", "timestamp": 1668059416642, "tick_direction": 2, "price": 0.0045, "mark_price": 0.00504714, "iv": 72.77, "instrument_name": "BTC-30DEC22-27000-C", "index_price": 16625.74, "direction": "sell", "amount": 0.7}, {"trade_seq": 1819, "trade_id": "234902610", "timestamp": 1668053065125, "tick_direction": 3, "price": 0.005, "mark_price": 0.00522073, "iv": 76.1, "instrument_name": "BTC-30DEC22-27000-C", "index_price": 16295.64, "direction": "sell", "amount": 0.1}, {"trade_seq": 1818, "trade_id": "234902609", "timestamp": 1668053065114, "tick_direction": 3, "price": 0.005, "mark_price": 0.00522073, "iv": 76.1, "instrument_name": "BTC-30DEC22-27000-C", "index_price": 16295.64, "direction": "sell", "amount": 0.1}, {"trade_seq": 1817, "trade_id": "234902608", "timestamp": 1668053065098, "tick_direction": 3, "price": 0.005, "mark_price": 0.00522073, "iv": 76.1, "instrument_name": "BTC-30DEC22-27000-C", "index_price": 16295.64, "direction": "sell", "amount": 0.1}, {"trade_seq": 1816, "trade_id": "234902606", "timestamp": 1668053065074, "tick_direction": 3, "price": 0.005, "mark_price": 0.00522073, "iv": 76.1, "instrument_name": "BTC-30DEC22-27000-C", "index_price": 16295.64, "direction": "sell", "amount": 0.1}, {"trade_seq": 1815, "trade_id": "234902603", "timestamp": 1668053065023, "tick_direction": 3, "price": 0.005, "mark_price": 0.00522073, "iv": 76.1, "instrument_name": "BTC-30DEC22-27000-C", "index_price": 16295.64, "direction": "sell", "amount": 0.4}, {"trade_seq": 1814, "trade_id": "234902598", "timestamp": 1668053063901, "tick_direction": 3, "price": 0.005, "mark_price": 0.00522271, "iv": 76.1, "instrument_name": "BTC-30DEC22-27000-C", "index_price": 16294.36, "direction": "sell", "amount": 0.1}, {"trade_seq": 1813, "trade_id": "234902595", "timestamp": 1668053062642, "tick_direction": 3, "price": 0.005, "mark_price": 0.00522494, "iv": 76.1, "instrument_name": "BTC-30DEC22-27000-C", "index_price": 16295.2, "direction": "sell", "amount": 0.1}, {"trade_seq": 1812, "trade_id": "234902594", "timestamp": 1668053062614, "tick_direction": 3, "price": 0.005, "mark_price": 0.00522494, "iv": 76.1, "instrument_name": "BTC-30DEC22-27000-C", "index_price": 16295.2, "direction": "sell", "amount": 0.1}, {"trade_seq": 1811, "trade_id": "234902593", "timestamp": 1668053062589, "tick_direction": 2, "price": 0.005, "mark_price": 0.00522494, "iv": 76.1, "instrument_name": "BTC-30DEC22-27000-C", "index_price": 16295.2, "direction": "sell", "amount": 0.1}, {"trade_seq": 1810, "trade_id": "234862953", "timestamp": 1668044533730, "tick_direction": 3, "price": 0.006, "mark_price": 0.00566962, "iv": 80.08, "instrument_name": "BTC-30DEC22-27000-C", "index_price": 16157.1, "direction": "buy", "amount": 7.6}, {"trade_seq": 1809, "trade_id": "234804385", "timestamp": 1668037040620, "tick_direction": 3, "price": 0.006, "mark_price": 0.00579738, "iv": 84.21, "instrument_name": "BTC-30DEC22-27000-C", "index_price": 15615.77, "direction": "sell", "amount": 0.2}, {"trade_seq": 1808, "trade_id": "234804359", "timestamp": 1668037035393, "tick_direction": 3, "price": 0.006, "mark_price": 0.00579779, "iv": 84.2, "instrument_name": "BTC-30DEC22-27000-C", "index_price": 15616.06, "direction": "sell", "amount": 0.1}, {"trade_seq": 1807, "trade_id": "234804345", "timestamp": 1668037032907, "tick_direction": 3, "price": 0.006, "mark_price": 0.00580248, "iv": 84.18, "instrument_name": "BTC-30DEC22-27000-C", "index_price": 15617.27, "direction": "sell", "amount": 0.1}, {"trade_seq": 1806, "trade_id": "234804328", "timestamp": 1668037030020, "tick_direction": 3, "price": 0.006, "mark_price": 0.00581836, "iv": 84.14, "instrument_name": "BTC-30DEC22-27000-C", "index_price": 15623.55, "direction": "sell", "amount": 0.1}, {"trade_seq": 1805, "trade_id": "234804327", "timestamp": 1668037029996, "tick_direction": 3, "price": 0.006, "mark_price": 0.00581836, "iv": 84.14, "instrument_name": "BTC-30DEC22-27000-C", "index_price": 15623.55, "direction": "sell", "amount": 0.1}, {"trade_seq": 1804, "trade_id": "234804326", "timestamp": 1668037029970, "tick_direction": 3, "price": 0.006, "mark_price": 0.00581836, "iv": 84.14, "instrument_name": "BTC-30DEC22-27000-C", "index_price": 15623.55, "direction": "sell", "amount": 0.1}, {"trade_seq": 1803, "trade_id": "234804325", "timestamp": 1668037029942, "tick_direction": 3, "price": 0.006, "mark_price": 0.00581836, "iv": 84.14, "instrument_name": "BTC-30DEC22-27000-C", "index_price": 15623.55, "direction": "sell", "amount": 0.1}, {"trade_seq": 1802, "trade_id": "234804323", "timestamp": 1668037029932, "tick_direction": 3, "price": 0.006, "mark_price": 0.00581836, "iv": 84.14, "instrument_name": "BTC-30DEC22-27000-C", "index_price": 15623.55, "direction": "sell", "amount": 0.1}, {"trade_seq": 1801, "trade_id": "234804322", "timestamp": 1668037029909, "tick_direction": 3, "price": 0.006, "mark_price": 0.00581836, "iv": 84.14, "instrument_name": "BTC-30DEC22-27000-C", "index_price": 15623.55, "direction": "sell", "amount": 0.1}, {"trade_seq": 1800, "trade_id": "234780351", "timestamp": 1668035067095, "tick_direction": 2, "price": 0.006, "mark_price": 0.00579849, "iv": 83.29, "instrument_name": "BTC-30DEC22-27000-C", "index_price": 15700.55, "direction": "sell", "amount": 0.3}, {"trade_seq": 1799, "trade_id": "234779741", "timestamp": 1668035060986, "tick_direction": 3, "price": 0.0065, "mark_price": 0.00597894, "iv": 84.05, "instrument_name": "BTC-30DEC22-27000-C", "index_price": 15762.93, "direction": "sell", "amount": 1.0}, {"trade_seq": 1798, "trade_id": "234775773", "timestamp": 1668034540109, "tick_direction": 3, "price": 0.0065, "mark_price": 0.00636824, "iv": 82.73, "instrument_name": "BTC-30DEC22-27000-C", "index_price": 15962.86, "direction": "sell", "amount": 0.3}, {"trade_seq": 1797, "trade_id": "234775772", "timestamp": 1668034540099, "tick_direction": 3, "price": 0.0065, "mark_price": 0.00636824, "iv": 82.73, "instrument_name": "BTC-30DEC22-27000-C", "index_price": 15962.86, "direction": "sell", "amount": 0.7}, {"trade_seq": 1796, "trade_id": "234775771", "timestamp": 1668034540088, "tick_direction": 3, "price": 0.0065, "mark_price": 0.00636824, "iv": 82.73, "instrument_name": "BTC-30DEC22-27000-C", "index_price": 15962.86, "direction": "sell", "amount": 1.0}, {"trade_seq": 1795, "trade_id": "234769887", "timestamp": 1668033833817, "tick_direction": 3, "price": 0.0065, "mark_price": 0.00684706, "iv": 82.13, "instrument_name": "BTC-30DEC22-27000-C", "index_price": 16015.86, "direction": "sell", "amount": 0.1}, {"trade_seq": 1794, "trade_id": "234690091", "timestamp": 1668027119625, "tick_direction": 2, "price": 0.0065, "mark_price": 0.00594681, "iv": 80.37, "instrument_name": "BTC-30DEC22-27000-C", "index_price": 16193.02, "direction": "sell", "amount": 0.1}, {"trade_seq": 1793, "trade_id": "234636505", "timestamp": 1668021461377, "tick_direction": 1, "price": 0.0085, "mark_price": 0.00843746, "iv": 79.9, "instrument_name": "BTC-30DEC22-27000-C", "index_price": 16778.28, "direction": "sell", "amount": 28.6}, {"trade_seq": 1792, "trade_id": "234636504", "timestamp": 1668021461368, "tick_direction": 1, "price": 0.0085, "mark_price": 0.00843746, "iv": 79.9, "instrument_name": "BTC-30DEC22-27000-C", "index_price": 16778.28, "direction": "buy", "amount": 9.8}, {"trade_seq": 1791, "trade_id": "234636503", "timestamp": 1668021461368, "tick_direction": 1, "price": 0.0085, "mark_price": 0.00843746, "iv": 79.9, "instrument_name": "BTC-30DEC22-27000-C", "index_price": 16778.28, "direction": "buy", "amount": 4.0}, {"trade_seq": 1790, "trade_id": "234634471", "timestamp": 1668021170121, "tick_direction": 0, "price": 0.0085, "mark_price": 0.00806742, "iv": 80.56, "instrument_name": "BTC-30DEC22-27000-C", "index_price": 16686.18, "direction": "buy", "amount": 0.5}, {"trade_seq": 1789, "trade_id": "234632159", "timestamp": 1668020980806, "tick_direction": 1, "price": 0.008, "mark_price": 0.00813499, "iv": 79.26, "instrument_name": "BTC-30DEC22-27000-C", "index_price": 16711.04, "direction": "sell", "amount": 0.3}, {"trade_seq": 1788, "trade_id": "234632158", "timestamp": 1668020980729, "tick_direction": 1, "price": 0.008, "mark_price": 0.00813499, "iv": 79.26, "instrument_name": "BTC-30DEC22-27000-C", "index_price": 16711.04, "direction": "sell", "amount": 0.2}, {"trade_seq": 1787, "trade_id": "234632157", "timestamp": 1668020980723, "tick_direction": 1, "price": 0.008, "mark_price": 0.00813499, "iv": 79.26, "instrument_name": "BTC-30DEC22-27000-C", "index_price": 16711.04, "direction": "sell", "amount": 0.1}, {"trade_seq": 1786, "trade_id": "234632156", "timestamp": 1668020980681, "tick_direction": 1, "price": 0.008, "mark_price": 0.00813499, "iv": 79.26, "instrument_name": "BTC-30DEC22-27000-C", "index_price": 16711.04, "direction": "sell", "amount": 0.1}, {"trade_seq": 1785, "trade_id": "234632152", "timestamp": 1668020980649, "tick_direction": 1, "price": 0.008, "mark_price": 0.00813499, "iv": 79.26, "instrument_name": "BTC-30DEC22-27000-C", "index_price": 16711.04, "direction": "sell", "amount": 0.1}, {"trade_seq": 1784, "trade_id": "234632151", "timestamp": 1668020980630, "tick_direction": 1, "price": 0.008, "mark_price": 0.00813499, "iv": 79.26, "instrument_name": "BTC-30DEC22-27000-C", "index_price": 16711.04, "direction": "sell", "amount": 0.1}, {"trade_seq": 1783, "trade_id": "234632150", "timestamp": 1668020980585, "tick_direction": 1, "price": 0.008, "mark_price": 0.00813499, "iv": 79.26, "instrument_name": "BTC-30DEC22-27000-C", "index_price": 16711.04, "direction": "sell", "amount": 0.1}, {"trade_seq": 1782, "trade_id": "234632144", "timestamp": 1668020980497, "tick_direction": 1, "price": 0.008, "mark_price": 0.00820316, "iv": 79.26, "instrument_name": "BTC-30DEC22-27000-C", "index_price": 16711.04, "direction": "sell", "amount": 0.1}, {"trade_seq": 1781, "trade_id": "234623235", "timestamp": 1668019894018, "tick_direction": 1, "price": 0.008, "mark_price": 0.00829589, "iv": 79.96, "instrument_name": "BTC-30DEC22-27000-C", "index_price": 16643.59, "direction": "sell", "amount": 25.0}, {"trade_seq": 1780, "trade_id": "234617059", "timestamp": 1668019477741, "tick_direction": 1, "price": 0.008, "mark_price": 0.00782252, "iv": 81.07, "instrument_name": "BTC-30DEC22-27000-C", "index_price": 16508.08, "direction": "sell", "amount": 0.1}, {"trade_seq": 1779, "trade_id": "234617058", "timestamp": 1668019477725, "tick_direction": 1, "price": 0.008, "mark_price": 0.00782252, "iv": 81.07, "instrument_name": "BTC-30DEC22-27000-C", "index_price": 16508.08, "direction": "sell", "amount": 0.1}, {"trade_seq": 1778, "trade_id": "234617056", "timestamp": 1668019477395, "tick_direction": 1, "price": 0.008, "mark_price": 0.00782252, "iv": 81.01, "instrument_name": "BTC-30DEC22-27000-C", "index_price": 16515.51, "direction": "sell", "amount": 0.2}, {"trade_seq": 1777, "trade_id": "234617055", "timestamp": 1668019477289, "tick_direction": 1, "price": 0.008, "mark_price": 0.00782026, "iv": 81.01, "instrument_name": "BTC-30DEC22-27000-C", "index_price": 16515.51, "direction": "sell", "amount": 0.2}, {"trade_seq": 1776, "trade_id": "234617053", "timestamp": 1668019477263, "tick_direction": 1, "price": 0.008, "mark_price": 0.00782026, "iv": 81.01, "instrument_name": "BTC-30DEC22-27000-C", "index_price": 16515.51, "direction": "sell", "amount": 0.1}, {"trade_seq": 1775, "trade_id": "234617047", "timestamp": 1668019477198, "tick_direction": 1, "price": 0.008, "mark_price": 0.00782026, "iv": 81.01, "instrument_name": "BTC-30DEC22-27000-C", "index_price": 16515.51, "direction": "sell", "amount": 0.1}, {"trade_seq": 1774, "trade_id": "234617046", "timestamp": 1668019477169, "tick_direction": 1, "price": 0.008, "mark_price": 0.00782026, "iv": 81.01, "instrument_name": "BTC-30DEC22-27000-C", "index_price": 16515.51, "direction": "sell", "amount": 0.1}, {"trade_seq": 1773, "trade_id": "234617043", "timestamp": 1668019477129, "tick_direction": 1, "price": 0.008, "mark_price": 0.00782026, "iv": 81.01, "instrument_name": "BTC-30DEC22-27000-C", "index_price": 16515.51, "direction": "sell", "amount": 0.1}, {"trade_seq": 1772, "trade_id": "234617042", "timestamp": 1668019477092, "tick_direction": 1, "price": 0.008, "mark_price": 0.00782026, "iv": 81.01, "instrument_name": "BTC-30DEC22-27000-C", "index_price": 16515.51, "direction": "sell", "amount": 0.1}, {"trade_seq": 1771, "trade_id": "234617041", "timestamp": 1668019477037, "tick_direction": 1, "price": 0.008, "mark_price": 0.00782026, "iv": 81.01, "instrument_name": "BTC-30DEC22-27000-C", "index_price": 16515.51, "direction": "sell", "amount": 0.1}, {"trade_seq": 1770, "trade_id": "234617040", "timestamp": 1668019477009, "tick_direction": 1, "price": 0.008, "mark_price": 0.00782026, "iv": 81.01, "instrument_name": "BTC-30DEC22-27000-C", "index_price": 16515.51, "direction": "sell", "amount": 0.1}, {"trade_seq": 1769, "trade_id": "234616990", "timestamp": 1668019470458, "tick_direction": 0, "price": 0.008, "mark_price": 0.00784518, "iv": 80.95, "instrument_name": "BTC-30DEC22-27000-C", "index_price": 16522.3, "direction": "sell", "amount": 0.2}, {"trade_seq": 1768, "trade_id": "234602271", "timestamp": 1668017718320, "tick_direction": 1, "price": 0.007, "mark_price": 0.00617512, "iv": 76.74, "instrument_name": "BTC-30DEC22-27000-C", "index_price": 16782.32, "direction": "buy", "amount": 3.8}, {"trade_seq": 1767, "trade_id": "234593478", "timestamp": 1668016460710, "tick_direction": 1, "price": 0.007, "mark_price": 0.00662183, "iv": 74.64, "instrument_name": "BTC-30DEC22-27000-C", "index_price": 17070.73, "direction": "buy", "amount": 4.9}, {"trade_seq": 1766, "trade_id": "234593477", "timestamp": 1668016460710, "tick_direction": 0, "price": 0.007, "mark_price": 0.00662183, "iv": 74.64, "instrument_name": "BTC-30DEC22-27000-C", "index_price": 17070.73, "direction": "buy", "amount": 0.1}, {"trade_seq": 1765, "trade_id": "234585857", "timestamp": 1668015210241, "tick_direction": 3, "price": 0.0065, "mark_price": 0.00630239, "iv": 74.19, "instrument_name": "BTC-30DEC22-27000-C", "index_price": 16965.93, "direction": "buy", "amount": 0.1}, {"trade_seq": 1764, "trade_id": "234580973", "timestamp": 1668014465940, "tick_direction": 3, "price": 0.0065, "mark_price": 0.00638074, "iv": 73.25, "instrument_name": "BTC-30DEC22-27000-C", "index_price": 17078.95, "direction": "buy", "amount": 2.2}, {"trade_seq": 1763, "trade_id": "234580969", "timestamp": 1668014462917, "tick_direction": 3, "price": 0.0065, "mark_price": 0.00638921, "iv": 73.24, "instrument_name": "BTC-30DEC22-27000-C", "index_price": 17083.12, "direction": "buy", "amount": 1.7}, {"trade_seq": 1762, "trade_id": "234580968", "timestamp": 1668014462844, "tick_direction": 3, "price": 0.0065, "mark_price": 0.00638921, "iv": 73.24, "instrument_name": "BTC-30DEC22-27000-C", "index_price": 17083.12, "direction": "buy", "amount": 5.0}, {"trade_seq": 1761, "trade_id": "234580940", "timestamp": 1668014460242, "tick_direction": 3, "price": 0.0065, "mark_price": 0.00637336, "iv": 73.27, "instrument_name": "BTC-30DEC22-27000-C", "index_price": 17077.75, "direction": "buy", "amount": 5.0}, {"trade_seq": 1760, "trade_id": "234580905", "timestamp": 1668014457177, "tick_direction": 3, "price": 0.0065, "mark_price": 0.00635639, "iv": 73.31, "instrument_name": "BTC-30DEC22-27000-C", "index_price": 17071.97, "direction": "buy", "amount": 5.0}, {"trade_seq": 1759, "trade_id": "234578687", "timestamp": 1668014065019, "tick_direction": 3, "price": 0.0065, "mark_price": 0.00672714, "iv": 72.92, "instrument_name": "BTC-30DEC22-27000-C", "index_price": 17130.38, "direction": "buy", "amount": 2.7}, {"trade_seq": 1758, "trade_id": "234578361", "timestamp": 1668013939920, "tick_direction": 3, "price": 0.0065, "mark_price": 0.00656039, "iv": 73.43, "instrument_name": "BTC-30DEC22-27000-C", "index_price": 17061.05, "direction": "buy", "amount": 0.1}, {"trade_seq": 1757, "trade_id": "234578358", "timestamp": 1668013939144, "tick_direction": 3, "price": 0.0065, "mark_price": 0.00656039, "iv": 73.43, "instrument_name": "BTC-30DEC22-27000-C", "index_price": 17060.81, "direction": "buy", "amount": 3.1}, {"trade_seq": 1756, "trade_id": "234578357", "timestamp": 1668013939095, "tick_direction": 3, "price": 0.0065, "mark_price": 0.00656039, "iv": 73.43, "instrument_name": "BTC-30DEC22-27000-C", "index_price": 17060.81, "direction": "sell", "amount": 0.2}, {"trade_seq": 1755, "trade_id": "234555819", "timestamp": 1668011086468, "tick_direction": 3, "price": 0.0065, "mark_price": 0.00632105, "iv": 73.92, "instrument_name": "BTC-30DEC22-27000-C", "index_price": 16986.93, "direction": "sell", "amount": 0.1}, {"trade_seq": 1754, "trade_id": "234555818", "timestamp": 1668011086468, "tick_direction": 3, "price": 0.0065, "mark_price": 0.00632105, "iv": 73.92, "instrument_name": "BTC-30DEC22-27000-C", "index_price": 16986.93, "direction": "sell", "amount": 0.1}, {"trade_seq": 1753, "trade_id": "234554897", "timestamp": 1668011004605, "tick_direction": 3, "price": 0.0065, "mark_price": 0.00651516, "iv": 73.45, "instrument_name": "BTC-30DEC22-27000-C", "index_price": 17054.27, "direction": "sell", "amount": 0.1}, {"trade_seq": 1752, "trade_id": "234554896", "timestamp": 1668011004605, "tick_direction": 2, "price": 0.0065, "mark_price": 0.00651516, "iv": 73.45, "instrument_name": "BTC-30DEC22-27000-C", "index_price": 17054.27, "direction": "sell", "amount": 0.5}, {"trade_seq": 1751, "trade_id": "234546351", "timestamp": 1668009761189, "tick_direction": 0, "price": 0.0085, "mark_price": 0.00839809, "iv": 76.39, "instrument_name": "BTC-30DEC22-27000-C", "index_price": 17220.74, "direction": "buy", "amount": 0.1}, {"trade_seq": 1750, "trade_id": "234543555", "timestamp": 1668009561500, "tick_direction": 0, "price": 0.008, "mark_price": 0.00794502, "iv": 76.12, "instrument_name": "BTC-30DEC22-27000-C", "index_price": 17123.28, "direction": "buy", "amount": 0.1}, {"trade_seq": 1749, "trade_id": "234528911", "timestamp": 1668008641366, "tick_direction": 3, "price": 0.0065, "mark_price": 0.00631146, "iv": 74.08, "instrument_name": "BTC-30DEC22-27000-C", "index_price": 16966.89, "direction": "sell", "amount": 0.1}, {"trade_seq": 1748, "trade_id": "234528906", "timestamp": 1668008641335, "tick_direction": 3, "price": 0.0065, "mark_price": 0.00631146, "iv": 74.08, "instrument_name": "BTC-30DEC22-27000-C", "index_price": 16966.89, "direction": "sell", "amount": 0.1}, {"trade_seq": 1747, "trade_id": "234528893", "timestamp": 1668008641143, "tick_direction": 3, "price": 0.0065, "mark_price": 0.00631146, "iv": 74.08, "instrument_name": "BTC-30DEC22-27000-C", "index_price": 16966.89, "direction": "sell", "amount": 0.1}, {"trade_seq": 1746, "trade_id": "234528865", "timestamp": 1668008640750, "tick_direction": 3, "price": 0.0065, "mark_price": 0.00631146, "iv": 74.07, "instrument_name": "BTC-30DEC22-27000-C", "index_price": 16981.47, "direction": "sell", "amount": 0.1}, {"trade_seq": 1745, "trade_id": "234528857", "timestamp": 1668008640682, "tick_direction": 3, "price": 0.0065, "mark_price": 0.00631129, "iv": 74.07, "instrument_name": "BTC-30DEC22-27000-C", "index_price": 16981.47, "direction": "sell", "amount": 0.1}, {"trade_seq": 1744, "trade_id": "234528850", "timestamp": 1668008640603, "tick_direction": 3, "price": 0.0065, "mark_price": 0.00631129, "iv": 74.07, "instrument_name": "BTC-30DEC22-27000-C", "index_price": 16981.47, "direction": "sell", "amount": 0.1}, {"trade_seq": 1743, "trade_id": "234528832", "timestamp": 1668008640529, "tick_direction": 3, "price": 0.0065, "mark_price": 0.00631129, "iv": 74.07, "instrument_name": "BTC-30DEC22-27000-C", "index_price": 16981.47, "direction": "sell", "amount": 0.1}, {"trade_seq": 1742, "trade_id": "234528827", "timestamp": 1668008640483, "tick_direction": 3, "price": 0.0065, "mark_price": 0.00631129, "iv": 74.07, "instrument_name": "BTC-30DEC22-27000-C", "index_price": 16981.47, "direction": "sell", "amount": 0.1}, {"trade_seq": 1741, "trade_id": "234528826", "timestamp": 1668008640475, "tick_direction": 3, "price": 0.0065, "mark_price": 0.00631129, "iv": 74.07, "instrument_name": "BTC-30DEC22-27000-C", "index_price": 16981.47, "direction": "sell", "amount": 0.1}, {"trade_seq": 1740, "trade_id": "234527905", "timestamp": 1668008596214, "tick_direction": 3, "price": 0.0065, "mark_price": 0.00637697, "iv": 73.72, "instrument_name": "BTC-30DEC22-27000-C", "index_price": 17021.58, "direction": "sell", "amount": 0.1}, {"trade_seq": 1739, "trade_id": "234527855", "timestamp": 1668008595523, "tick_direction": 3, "price": 0.0065, "mark_price": 0.00636613, "iv": 73.72, "instrument_name": "BTC-30DEC22-27000-C", "index_price": 17031.53, "direction": "sell", "amount": 0.1}, {"trade_seq": 1738, "trade_id": "234524864", "timestamp": 1668008448729, "tick_direction": 3, "price": 0.0065, "mark_price": 0.00673812, "iv": 72.75, "instrument_name": "BTC-30DEC22-27000-C", "index_price": 17158.55, "direction": "sell", "amount": 0.1}, {"trade_seq": 1737, "trade_id": "234524847", "timestamp": 1668008448683, "tick_direction": 3, "price": 0.0065, "mark_price": 0.00673812, "iv": 72.75, "instrument_name": "BTC-30DEC22-27000-C", "index_price": 17158.55, "direction": "sell", "amount": 0.1}, {"trade_seq": 1736, "trade_id": "234516040", "timestamp": 1668008195455, "tick_direction": 3, "price": 0.0065, "mark_price": 0.00629573, "iv": 72.02, "instrument_name": "BTC-30DEC22-27000-C", "index_price": 17253.2, "direction": "sell", "amount": 0.1}, {"trade_seq": 1735, "trade_id": "234516036", "timestamp": 1668008195437, "tick_direction": 2, "price": 0.0065, "mark_price": 0.00629573, "iv": 72.02, "instrument_name": "BTC-30DEC22-27000-C", "index_price": 17253.2, "direction": "sell", "amount": 0.1}, {"trade_seq": 1734, "trade_id": "234494241", "timestamp": 1668005093937, "tick_direction": 1, "price": 0.008, "mark_price": 0.00830033, "iv": 72.22, "instrument_name": "BTC-30DEC22-27000-C", "index_price": 17652.38, "direction": "buy", "amount": 0.1}, {"trade_seq": 1733, "trade_id": "234491166", "timestamp": 1668004375621, "tick_direction": 1, "price": 0.008, "mark_price": 0.00767469, "iv": 74.13, "instrument_name": "BTC-30DEC22-27000-C", "index_price": 17381.35, "direction": "sell", "amount": 0.1}, {"trade_seq": 1732, "trade_id": "234491035", "timestamp": 1668004356169, "tick_direction": 1, "price": 0.008, "mark_price": 0.00761596, "iv": 74.28, "instrument_name": "BTC-30DEC22-27000-C", "index_price": 17362.1, "direction": "sell", "amount": 0.1}, {"trade_seq": 1731, "trade_id": "234491034", "timestamp": 1668004356148, "tick_direction": 1, "price": 0.008, "mark_price": 0.00761596, "iv": 74.28, "instrument_name": "BTC-30DEC22-27000-C", "index_price": 17362.1, "direction": "sell", "amount": 0.1}, {"trade_seq": 1730, "trade_id": "234491032", "timestamp": 1668004356065, "tick_direction": 1, "price": 0.008, "mark_price": 0.00761596, "iv": 74.28, "instrument_name": "BTC-30DEC22-27000-C", "index_price": 17362.1, "direction": "sell", "amount": 0.1}, {"trade_seq": 1729, "trade_id": "234491026", "timestamp": 1668004355909, "tick_direction": 1, "price": 0.008, "mark_price": 0.00761596, "iv": 74.24, "instrument_name": "BTC-30DEC22-27000-C", "index_price": 17368.78, "direction": "sell", "amount": 0.1}, {"trade_seq": 1728, "trade_id": "234491025", "timestamp": 1668004355896, "tick_direction": 1, "price": 0.008, "mark_price": 0.00761596, "iv": 74.24, "instrument_name": "BTC-30DEC22-27000-C", "index_price": 17368.78, "direction": "sell", "amount": 0.1}, {"trade_seq": 1727, "trade_id": "234491020", "timestamp": 1668004355152, "tick_direction": 1, "price": 0.008, "mark_price": 0.00760872, "iv": 74.24, "instrument_name": "BTC-30DEC22-27000-C", "index_price": 17368.78, "direction": "sell", "amount": 0.1}, {"trade_seq": 1726, "trade_id": "234491019", "timestamp": 1668004355136, "tick_direction": 1, "price": 0.008, "mark_price": 0.00760872, "iv": 74.24, "instrument_name": "BTC-30DEC22-27000-C", "index_price": 17368.78, "direction": "sell", "amount": 0.1}, {"trade_seq": 1725, "trade_id": "234491018", "timestamp": 1668004355106, "tick_direction": 1, "price": 0.008, "mark_price": 0.00760872, "iv": 74.24, "instrument_name": "BTC-30DEC22-27000-C", "index_price": 17368.78, "direction": "sell", "amount": 0.1}, {"trade_seq": 1724, "trade_id": "234491017", "timestamp": 1668004355081, "tick_direction": 1, "price": 0.008, "mark_price": 0.00760872, "iv": 74.24, "instrument_name": "BTC-30DEC22-27000-C", "index_price": 17368.78, "direction": "sell", "amount": 0.1}, {"trade_seq": 1723, "trade_id": "234491016", "timestamp": 1668004355059, "tick_direction": 1, "price": 0.008, "mark_price": 0.00760872, "iv": 74.24, "instrument_name": "BTC-30DEC22-27000-C", "index_price": 17368.78, "direction": "sell", "amount": 0.1}, {"trade_seq": 1722, "trade_id": "234491014", "timestamp": 1668004355009, "tick_direction": 1, "price": 0.008, "mark_price": 0.00760872, "iv": 74.24, "instrument_name": "BTC-30DEC22-27000-C", "index_price": 17368.78, "direction": "sell", "amount": 0.1}, {"trade_seq": 1721, "trade_id": "234489894", "timestamp": 1668004049120, "tick_direction": 1, "price": 0.008, "mark_price": 0.0077479, "iv": 73.52, "instrument_name": "BTC-30DEC22-27000-C", "index_price": 17452.78, "direction": "sell", "amount": 0.1}, {"trade_seq": 1720, "trade_id": "234489892", "timestamp": 1668004049101, "tick_direction": 1, "price": 0.008, "mark_price": 0.0077479, "iv": 73.52, "instrument_name": "BTC-30DEC22-27000-C", "index_price": 17452.78, "direction": "sell", "amount": 0.1}, {"trade_seq": 1719, "trade_id": "234489684", "timestamp": 1668004013124, "tick_direction": 1, "price": 0.008, "mark_price": 0.00786036, "iv": 73.38, "instrument_name": "BTC-30DEC22-27000-C", "index_price": 17489.38, "direction": "sell", "amount": 0.1}, {"trade_seq": 1718, "trade_id": "234489683", "timestamp": 1668004012942, "tick_direction": 1, "price": 0.008, "mark_price": 0.00786036, "iv": 73.38, "instrument_name": "BTC-30DEC22-27000-C", "index_price": 17489.38, "direction": "sell", "amount": 0.1}, {"trade_seq": 1717, "trade_id": "234489682", "timestamp": 1668004012565, "tick_direction": 1, "price": 0.008, "mark_price": 0.00786036, "iv": 73.38, "instrument_name": "BTC-30DEC22-27000-C", "index_price": 17489.38, "direction": "sell", "amount": 0.1}, {"trade_seq": 1716, "trade_id": "234489681", "timestamp": 1668004012474, "tick_direction": 1, "price": 0.008, "mark_price": 0.00787235, "iv": 73.38, "instrument_name": "BTC-30DEC22-27000-C", "index_price": 17489.38, "direction": "sell", "amount": 0.1}, {"trade_seq": 1715, "trade_id": "234489680", "timestamp": 1668004012450, "tick_direction": 1, "price": 0.008, "mark_price": 0.00787235, "iv": 73.38, "instrument_name": "BTC-30DEC22-27000-C", "index_price": 17489.38, "direction": "sell", "amount": 0.1}, {"trade_seq": 1714, "trade_id": "234489678", "timestamp": 1668004011573, "tick_direction": 1, "price": 0.008, "mark_price": 0.00787235, "iv": 73.36, "instrument_name": "BTC-30DEC22-27000-C", "index_price": 17492.41, "direction": "sell", "amount": 0.1}, {"trade_seq": 1713, "trade_id": "234489677", "timestamp": 1668004011547, "tick_direction": 1, "price": 0.008, "mark_price": 0.00787235, "iv": 73.36, "instrument_name": "BTC-30DEC22-27000-C", "index_price": 17492.41, "direction": "sell", "amount": 0.1}, {"trade_seq": 1712, "trade_id": "234489676", "timestamp": 1668004011306, "tick_direction": 1, "price": 0.008, "mark_price": 0.00788462, "iv": 73.33, "instrument_name": "BTC-30DEC22-27000-C", "index_price": 17495.53, "direction": "sell", "amount": 0.1}, {"trade_seq": 1711, "trade_id": "234489675", "timestamp": 1668004010496, "tick_direction": 1, "price": 0.008, "mark_price": 0.00788462, "iv": 73.33, "instrument_name": "BTC-30DEC22-27000-C", "index_price": 17495.53, "direction": "sell", "amount": 0.1}, {"trade_seq": 1710, "trade_id": "234489662", "timestamp": 1668004006680, "tick_direction": 1, "price": 0.008, "mark_price": 0.00788697, "iv": 73.32, "instrument_name": "BTC-30DEC22-27000-C", "index_price": 17495.13, "direction": "sell", "amount": 0.1}, {"trade_seq": 1709, "trade_id": "234489661", "timestamp": 1668004006659, "tick_direction": 1, "price": 0.008, "mark_price": 0.00788697, "iv": 73.32, "instrument_name": "BTC-30DEC22-27000-C", "index_price": 17495.13, "direction": "sell", "amount": 0.1}, {"trade_seq": 1708, "trade_id": "234489660", "timestamp": 1668004006637, "tick_direction": 1, "price": 0.008, "mark_price": 0.00788697, "iv": 73.32, "instrument_name": "BTC-30DEC22-27000-C", "index_price": 17495.13, "direction": "sell", "amount": 0.1}, {"trade_seq": 1707, "trade_id": "234489659", "timestamp": 1668004006619, "tick_direction": 1, "price": 0.008, "mark_price": 0.00788697, "iv": 73.32, "instrument_name": "BTC-30DEC22-27000-C", "index_price": 17495.13, "direction": "sell", "amount": 0.1}, {"trade_seq": 1706, "trade_id": "234489658", "timestamp": 1668004006588, "tick_direction": 1, "price": 0.008, "mark_price": 0.00788697, "iv": 73.32, "instrument_name": "BTC-30DEC22-27000-C", "index_price": 17495.13, "direction": "sell", "amount": 0.1}, {"trade_seq": 1705, "trade_id": "234489652", "timestamp": 1668004006216, "tick_direction": 1, "price": 0.008, "mark_price": 0.00787225, "iv": 73.35, "instrument_name": "BTC-30DEC22-27000-C", "index_price": 17497.55, "direction": "sell", "amount": 0.1}, {"trade_seq": 1704, "trade_id": "234489649", "timestamp": 1668004006111, "tick_direction": 1, "price": 0.008, "mark_price": 0.00787225, "iv": 73.35, "instrument_name": "BTC-30DEC22-27000-C", "index_price": 17497.55, "direction": "sell", "amount": 0.1}, {"trade_seq": 1703, "trade_id": "234489648", "timestamp": 1668004006098, "tick_direction": 1, "price": 0.008, "mark_price": 0.00787225, "iv": 73.35, "instrument_name": "BTC-30DEC22-27000-C", "index_price": 17497.55, "direction": "sell", "amount": 0.1}, {"trade_seq": 1702, "trade_id": "234489647", "timestamp": 1668004006079, "tick_direction": 1, "price": 0.008, "mark_price": 0.00787225, "iv": 73.35, "instrument_name": "BTC-30DEC22-27000-C", "index_price": 17497.55, "direction": "sell", "amount": 0.1}, {"trade_seq": 1701, "trade_id": "234489646", "timestamp": 1668004006063, "tick_direction": 1, "price": 0.008, "mark_price": 0.00787225, "iv": 73.35, "instrument_name": "BTC-30DEC22-27000-C", "index_price": 17497.55, "direction": "sell", "amount": 0.2}, {"trade_seq": 1700, "trade_id": "234489617", "timestamp": 1668004002379, "tick_direction": 1, "price": 0.008, "mark_price": 0.00786791, "iv": 73.37, "instrument_name": "BTC-30DEC22-27000-C", "index_price": 17486.75, "direction": "sell", "amount": 0.1}, {"trade_seq": 1699, "trade_id": "234489613", "timestamp": 1668004001235, "tick_direction": 1, "price": 0.008, "mark_price": 0.00788526, "iv": 73.29, "instrument_name": "BTC-30DEC22-27000-C", "index_price": 17492.54, "direction": "sell", "amount": 0.1}, {"trade_seq": 1698, "trade_id": "234489612", "timestamp": 1668004001210, "tick_direction": 1, "price": 0.008, "mark_price": 0.00788526, "iv": 73.29, "instrument_name": "BTC-30DEC22-27000-C", "index_price": 17492.54, "direction": "sell", "amount": 0.1}, {"trade_seq": 1697, "trade_id": "234489611", "timestamp": 1668004001185, "tick_direction": 1, "price": 0.008, "mark_price": 0.00788526, "iv": 73.29, "instrument_name": "BTC-30DEC22-27000-C", "index_price": 17492.54, "direction": "sell", "amount": 0.1}, {"trade_seq": 1696, "trade_id": "234488796", "timestamp": 1668003673570, "tick_direction": 1, "price": 0.008, "mark_price": 0.00775037, "iv": 73.35, "instrument_name": "BTC-30DEC22-27000-C", "index_price": 17486.56, "direction": "sell", "amount": 0.1}, {"trade_seq": 1695, "trade_id": "234488794", "timestamp": 1668003673430, "tick_direction": 0, "price": 0.008, "mark_price": 0.00775037, "iv": 73.35, "instrument_name": "BTC-30DEC22-27000-C", "index_price": 17486.56, "direction": "sell", "amount": 0.1}, {"trade_seq": 1694, "trade_id": "234452440", "timestamp": 1667996456577, "tick_direction": 3, "price": 0.007, "mark_price": 0.00728944, "iv": 69.15, "instrument_name": "BTC-30DEC22-27000-C", "index_price": 17782.25, "direction": "buy", "amount": 25.0}, {"trade_seq": 1693, "trade_id": "234452439", "timestamp": 1667996456575, "tick_direction": 2, "price": 0.007, "mark_price": 0.00728944, "iv": 69.15, "instrument_name": "BTC-30DEC22-27000-C", "index_price": 17782.25, "direction": "sell", "amount": 5.0}, {"trade_seq": 1692, "trade_id": "234447231", "timestamp": 1667995760810, "tick_direction": 3, "price": 0.0075, "mark_price": 0.00748272, "iv": 69.97, "instrument_name": "BTC-30DEC22-27000-C", "index_price": 17805.25, "direction": "sell", "amount": 1.0}, {"trade_seq": 1691, "trade_id": "234441887", "timestamp": 1667994948491, "tick_direction": 2, "price": 0.0075, "mark_price": 0.00768893, "iv": 70.14, "instrument_name": "BTC-30DEC22-27000-C", "index_price": 17776.4, "direction": "buy", "amount": 0.1}, {"trade_seq": 1690, "trade_id": "234430969", "timestamp": 1667992915339, "tick_direction": 0, "price": 0.009, "mark_price": 0.00889109, "iv": 72.54, "instrument_name": "BTC-30DEC22-27000-C", "index_price": 17823.0, "direction": "buy", "amount": 1.0}, {"trade_seq": 1689, "trade_id": "234392065", "timestamp": 1667988199490, "tick_direction": 2, "price": 0.0075, "mark_price": 0.00795461, "iv": 70.29, "instrument_name": "BTC-30DEC22-27000-C", "index_price": 17751.43, "direction": "buy", "amount": 0.1}, {"trade_seq": 1688, "trade_id": "234391949", "timestamp": 1667988175191, "tick_direction": 0, "price": 0.008, "mark_price": 0.00786313, "iv": 71.4, "instrument_name": "BTC-30DEC22-27000-C", "index_price": 17733.24, "direction": "buy", "amount": 0.1}, {"trade_seq": 1687, "trade_id": "234367818", "timestamp": 1667984432830, "tick_direction": 0, "price": 0.0075, "mark_price": 0.0074439, "iv": 67.6, "instrument_name": "BTC-30DEC22-27000-C", "index_price": 18128.08, "direction": "buy", "amount": 0.1}, {"trade_seq": 1686, "trade_id": "234362248", "timestamp": 1667982822665, "tick_direction": 0, "price": 0.007, "mark_price": 0.00692155, "iv": 67.03, "instrument_name": "BTC-30DEC22-27000-C", "index_price": 18076.88, "direction": "buy", "amount": 0.2}, {"trade_seq": 1685, "trade_id": "234355415", "timestamp": 1667981127550, "tick_direction": 3, "price": 0.0065, "mark_price": 0.0064654, "iv": 65.4, "instrument_name": "BTC-30DEC22-27000-C", "index_price": 18159.45, "direction": "sell", "amount": 5.0}, {"trade_seq": 1684, "trade_id": "234353679", "timestamp": 1667980723143, "tick_direction": 3, "price": 0.0065, "mark_price": 0.00645635, "iv": 64.84, "instrument_name": "BTC-30DEC22-27000-C", "index_price": 18235.02, "direction": "buy", "amount": 0.2}, {"trade_seq": 1683, "trade_id": "234282091", "timestamp": 1667944899051, "tick_direction": 2, "price": 0.0075, "mark_price": 0.00881497, "iv": 63.3, "instrument_name": "BTC-30DEC22-27000-C", "index_price": 18699.73, "direction": "sell", "amount": 0.2}, {"trade_seq": 1682, "trade_id": "234281594", "timestamp": 1667944778217, "tick_direction": 1, "price": 0.008, "mark_price": 0.00879389, "iv": 64.24, "instrument_name": "BTC-30DEC22-27000-C", "index_price": 18698.58, "direction": "sell", "amount": 0.1}, {"trade_seq": 1681, "trade_id": "234281536", "timestamp": 1667944777894, "tick_direction": 1, "price": 0.008, "mark_price": 0.00879389, "iv": 64.24, "instrument_name": "BTC-30DEC22-27000-C", "index_price": 18698.58, "direction": "sell", "amount": 0.1}, {"trade_seq": 1680, "trade_id": "234281534", "timestamp": 1667944777060, "tick_direction": 1, "price": 0.008, "mark_price": 0.008793, "iv": 64.25, "instrument_name": "BTC-30DEC22-27000-C", "index_price": 18690.66, "direction": "sell", "amount": 0.1}, {"trade_seq": 1679, "trade_id": "234281533", "timestamp": 1667944777045, "tick_direction": 0, "price": 0.008, "mark_price": 0.008793, "iv": 64.25, "instrument_name": "BTC-30DEC22-27000-C", "index_price": 18690.66, "direction": "sell", "amount": 0.1}, {"trade_seq": 1678, "trade_id": "234262633", "timestamp": 1667941323019, "tick_direction": 2, "price": 0.0075, "mark_price": 0.0072334, "iv": 66.74, "instrument_name": "BTC-30DEC22-27000-C", "index_price": 18203.19, "direction": "buy", "amount": 6.4}, {"trade_seq": 1677, "trade_id": "234244957", "timestamp": 1667938810649, "tick_direction": 0, "price": 0.0125, "mark_price": 0.01187616, "iv": 74.59, "instrument_name": "BTC-30DEC22-27000-C", "index_price": 18251.77, "direction": "buy", "amount": 0.9}, {"trade_seq": 1676, "trade_id": "234244466", "timestamp": 1667938751294, "tick_direction": 0, "price": 0.012, "mark_price": 0.01169953, "iv": 74.11, "instrument_name": "BTC-30DEC22-27000-C", "index_price": 18227.29, "direction": "sell", "amount": 1.0}, {"trade_seq": 1675, "trade_id": "234242343", "timestamp": 1667938474882, "tick_direction": 3, "price": 0.011, "mark_price": 0.01194978, "iv": 72.2, "instrument_name": "BTC-30DEC22-27000-C", "index_price": 18266.42, "direction": "buy", "amount": 17.4}, {"trade_seq": 1674, "trade_id": "234242041", "timestamp": 1667938469296, "tick_direction": 3, "price": 0.011, "mark_price": 0.01177412, "iv": 72.53, "instrument_name": "BTC-30DEC22-27000-C", "index_price": 18229.98, "direction": "buy", "amount": 0.1}, {"trade_seq": 1673, "trade_id": "234242035", "timestamp": 1667938469269, "tick_direction": 3, "price": 0.011, "mark_price": 0.01177412, "iv": 72.53, "instrument_name": "BTC-30DEC22-27000-C", "index_price": 18229.98, "direction": "buy", "amount": 0.5}, {"trade_seq": 1672, "trade_id": "234242007", "timestamp": 1667938469209, "tick_direction": 3, "price": 0.011, "mark_price": 0.01177412, "iv": 72.53, "instrument_name": "BTC-30DEC22-27000-C", "index_price": 18229.98, "direction": "buy", "amount": 12.3}, {"trade_seq": 1671, "trade_id": "234240944", "timestamp": 1667938406888, "tick_direction": 3, "price": 0.011, "mark_price": 0.01131919, "iv": 73.38, "instrument_name": "BTC-30DEC22-27000-C", "index_price": 18124.66, "direction": "buy", "amount": 4.3}, {"trade_seq": 1670, "trade_id": "234240943", "timestamp": 1667938406565, "tick_direction": 3, "price": 0.011, "mark_price": 0.01131919, "iv": 73.38, "instrument_name": "BTC-30DEC22-27000-C", "index_price": 18124.66, "direction": "sell", "amount": 5.4}, {"trade_seq": 1669, "trade_id": "234168278", "timestamp": 1667935372865, "tick_direction": 2, "price": 0.011, "mark_price": 0.0104569, "iv": 71.77, "instrument_name": "BTC-30DEC22-27000-C", "index_price": 18309.76, "direction": "sell", "amount": 0.1}, {"trade_seq": 1668, "trade_id": "234165225", "timestamp": 1667935118953, "tick_direction": 1, "price": 0.0115, "mark_price": 0.0111075, "iv": 70.82, "instrument_name": "BTC-30DEC22-27000-C", "index_price": 18552.63, "direction": "buy", "amount": 0.1}, {"trade_seq": 1667, "trade_id": "234165224", "timestamp": 1667935118943, "tick_direction": 1, "price": 0.0115, "mark_price": 0.0111075, "iv": 70.82, "instrument_name": "BTC-30DEC22-27000-C", "index_price": 18552.63, "direction": "buy", "amount": 0.1}, {"trade_seq": 1666, "trade_id": "234165217", "timestamp": 1667935118923, "tick_direction": 1, "price": 0.0115, "mark_price": 0.0111075, "iv": 70.82, "instrument_name": "BTC-30DEC22-27000-C", "index_price": 18552.63, "direction": "buy", "amount": 0.1}, {"trade_seq": 1665, "trade_id": "234165214", "timestamp": 1667935118904, "tick_direction": 1, "price": 0.0115, "mark_price": 0.0111075, "iv": 70.82, "instrument_name": "BTC-30DEC22-27000-C", "index_price": 18552.63, "direction": "buy", "amount": 0.1}, {"trade_seq": 1664, "trade_id": "234165202", "timestamp": 1667935118787, "tick_direction": 1, "price": 0.0115, "mark_price": 0.0111075, "iv": 70.82, "instrument_name": "BTC-30DEC22-27000-C", "index_price": 18552.63, "direction": "buy", "amount": 0.1}, {"trade_seq": 1663, "trade_id": "234165199", "timestamp": 1667935118698, "tick_direction": 1, "price": 0.0115, "mark_price": 0.0111075, "iv": 70.82, "instrument_name": "BTC-30DEC22-27000-C", "index_price": 18552.63, "direction": "buy", "amount": 1.5}, {"trade_seq": 1662, "trade_id": "234147004", "timestamp": 1667932469910, "tick_direction": 0, "price": 0.0115, "mark_price": 0.01130034, "iv": 68.15, "instrument_name": "BTC-30DEC22-27000-C", "index_price": 18903.13, "direction": "sell", "amount": 9.1}, {"trade_seq": 1661, "trade_id": "234123220", "timestamp": 1667931067419, "tick_direction": 2, "price": 0.011, "mark_price": 0.00993827, "iv": 67.04, "instrument_name": "BTC-30DEC22-27000-C", "index_price": 18964.22, "direction": "buy", "amount": 0.2}, {"trade_seq": 1660, "trade_id": "234101402", "timestamp": 1667929882746, "tick_direction": 1, "price": 0.0115, "mark_price": 0.01113685, "iv": 62.25, "instrument_name": "BTC-30DEC22-27000-C", "index_price": 19703.66, "direction": "sell", "amount": 0.1}, {"trade_seq": 1659, "trade_id": "234101401", "timestamp": 1667929882728, "tick_direction": 1, "price": 0.0115, "mark_price": 0.01113685, "iv": 62.25, "instrument_name": "BTC-30DEC22-27000-C", "index_price": 19703.66, "direction": "sell", "amount": 0.1}, {"trade_seq": 1658, "trade_id": "234101398", "timestamp": 1667929882565, "tick_direction": 1, "price": 0.0115, "mark_price": 0.01113685, "iv": 62.25, "instrument_name": "BTC-30DEC22-27000-C", "index_price": 19703.66, "direction": "sell", "amount": 0.1}, {"trade_seq": 1657, "trade_id": "234097987", "timestamp": 1667929214257, "tick_direction": 1, "price": 0.0115, "mark_price": 0.01111161, "iv": 61.1, "instrument_name": "BTC-30DEC22-27000-C", "index_price": 19868.51, "direction": "buy", "amount": 2.3}, {"trade_seq": 1656, "trade_id": "234097986", "timestamp": 1667929214257, "tick_direction": 0, "price": 0.0115, "mark_price": 0.01111161, "iv": 61.1, "instrument_name": "BTC-30DEC22-27000-C", "index_price": 19868.51, "direction": "buy", "amount": 6.4}, {"trade_seq": 1655, "trade_id": "234090443", "timestamp": 1667928227177, "tick_direction": 3, "price": 0.011, "mark_price": 0.01033409, "iv": 60.07, "instrument_name": "BTC-30DEC22-27000-C", "index_price": 19890.5, "direction": "sell", "amount": 15.0}, {"trade_seq": 1654, "trade_id": "234090442", "timestamp": 1667928227175, "tick_direction": 2, "price": 0.011, "mark_price": 0.01033409, "iv": 60.07, "instrument_name": "BTC-30DEC22-27000-C", "index_price": 19890.5, "direction": "buy", "amount": 5.0}, {"trade_seq": 1653, "trade_id": "234054581", "timestamp": 1667924165312, "tick_direction": 1, "price": 0.0105, "mark_price": 0.01045823, "iv": 57.69, "instrument_name": "BTC-30DEC22-27000-C", "index_price": 20154.35, "direction": "sell", "amount": 0.1}, {"trade_seq": 1652, "trade_id": "234046941", "timestamp": 1667923719648, "tick_direction": 1, "price": 0.0105, "mark_price": 0.01099174, "iv": 58.16, "instrument_name": "BTC-30DEC22-27000-C", "index_price": 20087.15, "direction": "sell", "amount": 5.2}, {"trade_seq": 1651, "trade_id": "234044690", "timestamp": 1667923604037, "tick_direction": 1, "price": 0.0105, "mark_price": 0.01100644, "iv": 59.11, "instrument_name": "BTC-30DEC22-27000-C", "index_price": 19941.51, "direction": "sell", "amount": 7.8}, {"trade_seq": 1650, "trade_id": "234044103", "timestamp": 1667923575491, "tick_direction": 1, "price": 0.0105, "mark_price": 0.01105832, "iv": 59.35, "instrument_name": "BTC-30DEC22-27000-C", "index_price": 19912.51, "direction": "sell", "amount": 0.1}, {"trade_seq": 1649, "trade_id": "234044101", "timestamp": 1667923575473, "tick_direction": 1, "price": 0.0105, "mark_price": 0.01105832, "iv": 59.35, "instrument_name": "BTC-30DEC22-27000-C", "index_price": 19912.51, "direction": "sell", "amount": 0.2}, {"trade_seq": 1648, "trade_id": "234044096", "timestamp": 1667923575314, "tick_direction": 1, "price": 0.0105, "mark_price": 0.01112568, "iv": 59.35, "instrument_name": "BTC-30DEC22-27000-C", "index_price": 19912.51, "direction": "sell", "amount": 0.1}, {"trade_seq": 1647, "trade_id": "234044095", "timestamp": 1667923575290, "tick_direction": 1, "price": 0.0105, "mark_price": 0.01112568, "iv": 59.26, "instrument_name": "BTC-30DEC22-27000-C", "index_price": 19912.51, "direction": "sell", "amount": 0.1}, {"trade_seq": 1646, "trade_id": "234044092", "timestamp": 1667923575268, "tick_direction": 1, "price": 0.0105, "mark_price": 0.01112568, "iv": 59.26, "instrument_name": "BTC-30DEC22-27000-C", "index_price": 19912.51, "direction": "sell", "amount": 0.1}, {"trade_seq": 1645, "trade_id": "234044091", "timestamp": 1667923575187, "tick_direction": 1, "price": 0.0105, "mark_price": 0.01112568, "iv": 59.26, "instrument_name": "BTC-30DEC22-27000-C", "index_price": 19912.51, "direction": "sell", "amount": 0.1}, {"trade_seq": 1644, "trade_id": "234044090", "timestamp": 1667923575165, "tick_direction": 1, "price": 0.0105, "mark_price": 0.01112568, "iv": 59.26, "instrument_name": "BTC-30DEC22-27000-C", "index_price": 19912.51, "direction": "sell", "amount": 0.1}, {"trade_seq": 1643, "trade_id": "234044088", "timestamp": 1667923575049, "tick_direction": 1, "price": 0.0105, "mark_price": 0.01112568, "iv": 59.26, "instrument_name": "BTC-30DEC22-27000-C", "index_price": 19912.51, "direction": "sell", "amount": 0.1}, {"trade_seq": 1642, "trade_id": "234044087", "timestamp": 1667923575034, "tick_direction": 1, "price": 0.0105, "mark_price": 0.01112568, "iv": 59.26, "instrument_name": "BTC-30DEC22-27000-C", "index_price": 19912.51, "direction": "sell", "amount": 0.1}, {"trade_seq": 1641, "trade_id": "234044086", "timestamp": 1667923575009, "tick_direction": 1, "price": 0.0105, "mark_price": 0.01112568, "iv": 59.26, "instrument_name": "BTC-30DEC22-27000-C", "index_price": 19912.51, "direction": "sell", "amount": 0.1}, {"trade_seq": 1640, "trade_id": "234044085", "timestamp": 1667923574998, "tick_direction": 1, "price": 0.0105, "mark_price": 0.01112568, "iv": 59.26, "instrument_name": "BTC-30DEC22-27000-C", "index_price": 19912.51, "direction": "sell", "amount": 0.2}, {"trade_seq": 1639, "trade_id": "234044082", "timestamp": 1667923574866, "tick_direction": 1, "price": 0.0105, "mark_price": 0.01112568, "iv": 59.26, "instrument_name": "BTC-30DEC22-27000-C", "index_price": 19925.3, "direction": "sell", "amount": 0.1}, {"trade_seq": 1638, "trade_id": "234044075", "timestamp": 1667923574805, "tick_direction": 1, "price": 0.0105, "mark_price": 0.01112568, "iv": 59.26, "instrument_name": "BTC-30DEC22-27000-C", "index_price": 19925.3, "direction": "sell", "amount": 0.1}, {"trade_seq": 1637, "trade_id": "234044074", "timestamp": 1667923574778, "tick_direction": 1, "price": 0.0105, "mark_price": 0.01112568, "iv": 59.26, "instrument_name": "BTC-30DEC22-27000-C", "index_price": 19925.3, "direction": "sell", "amount": 0.1}, {"trade_seq": 1636, "trade_id": "234043540", "timestamp": 1667923552132, "tick_direction": 1, "price": 0.0105, "mark_price": 0.01097951, "iv": 59.75, "instrument_name": "BTC-30DEC22-27000-C", "index_price": 19846.57, "direction": "sell", "amount": 1.5}, {"trade_seq": 1635, "trade_id": "234043531", "timestamp": 1667923552011, "tick_direction": 0, "price": 0.0105, "mark_price": 0.01097951, "iv": 59.75, "instrument_name": "BTC-30DEC22-27000-C", "index_price": 19846.57, "direction": "sell", "amount": 6.5}, {"trade_seq": 1634, "trade_id": "234041289", "timestamp": 1667923456993, "tick_direction": 1, "price": 0.01, "mark_price": 0.01050912, "iv": 60.12, "instrument_name": "BTC-30DEC22-27000-C", "index_price": 19695.07, "direction": "sell", "amount": 0.1}, {"trade_seq": 1633, "trade_id": "234041288", "timestamp": 1667923456979, "tick_direction": 1, "price": 0.01, "mark_price": 0.01050912, "iv": 60.12, "instrument_name": "BTC-30DEC22-27000-C", "index_price": 19695.07, "direction": "sell", "amount": 0.1}, {"trade_seq": 1632, "trade_id": "234041287", "timestamp": 1667923456961, "tick_direction": 1, "price": 0.01, "mark_price": 0.01050912, "iv": 60.12, "instrument_name": "BTC-30DEC22-27000-C", "index_price": 19695.07, "direction": "sell", "amount": 0.1}, {"trade_seq": 1631, "trade_id": "234041189", "timestamp": 1667923453694, "tick_direction": 1, "price": 0.01, "mark_price": 0.01060352, "iv": 59.98, "instrument_name": "BTC-30DEC22-27000-C", "index_price": 19708.97, "direction": "sell", "amount": 0.1}, {"trade_seq": 1630, "trade_id": "234041066", "timestamp": 1667923451071, "tick_direction": 1, "price": 0.01, "mark_price": 0.01057451, "iv": 60.03, "instrument_name": "BTC-30DEC22-27000-C", "index_price": 19708.71, "direction": "sell", "amount": 0.1}, {"trade_seq": 1629, "trade_id": "234041036", "timestamp": 1667923449633, "tick_direction": 1, "price": 0.01, "mark_price": 0.01060331, "iv": 59.98, "instrument_name": "BTC-30DEC22-27000-C", "index_price": 19715.76, "direction": "sell", "amount": 0.2}, {"trade_seq": 1628, "trade_id": "234041035", "timestamp": 1667923449596, "tick_direction": 1, "price": 0.01, "mark_price": 0.01060331, "iv": 59.98, "instrument_name": "BTC-30DEC22-27000-C", "index_price": 19715.76, "direction": "sell", "amount": 0.1}, {"trade_seq": 1627, "trade_id": "234041034", "timestamp": 1667923449555, "tick_direction": 1, "price": 0.01, "mark_price": 0.01060331, "iv": 59.98, "instrument_name": "BTC-30DEC22-27000-C", "index_price": 19715.76, "direction": "sell", "amount": 0.2}, {"trade_seq": 1626, "trade_id": "234041028", "timestamp": 1667923449507, "tick_direction": 1, "price": 0.01, "mark_price": 0.01060331, "iv": 59.98, "instrument_name": "BTC-30DEC22-27000-C", "index_price": 19715.76, "direction": "sell", "amount": 0.1}, {"trade_seq": 1625, "trade_id": "234041024", "timestamp": 1667923449485, "tick_direction": 1, "price": 0.01, "mark_price": 0.01060331, "iv": 59.98, "instrument_name": "BTC-30DEC22-27000-C", "index_price": 19715.76, "direction": "sell", "amount": 0.1}, {"trade_seq": 1624, "trade_id": "234041023", "timestamp": 1667923449463, "tick_direction": 1, "price": 0.01, "mark_price": 0.01060331, "iv": 59.98, "instrument_name": "BTC-30DEC22-27000-C", "index_price": 19715.76, "direction": "sell", "amount": 0.1}, {"trade_seq": 1623, "trade_id": "234041022", "timestamp": 1667923449408, "tick_direction": 1, "price": 0.01, "mark_price": 0.01060331, "iv": 59.98, "instrument_name": "BTC-30DEC22-27000-C", "index_price": 19715.76, "direction": "sell", "amount": 0.2}, {"trade_seq": 1622, "trade_id": "234041011", "timestamp": 1667923449083, "tick_direction": 1, "price": 0.01, "mark_price": 0.01065263, "iv": 59.98, "instrument_name": "BTC-30DEC22-27000-C", "index_price": 19715.76, "direction": "sell", "amount": 0.1}, {"trade_seq": 1621, "trade_id": "234041010", "timestamp": 1667923449057, "tick_direction": 1, "price": 0.01, "mark_price": 0.01065263, "iv": 59.98, "instrument_name": "BTC-30DEC22-27000-C", "index_price": 19715.76, "direction": "sell", "amount": 0.1}, {"trade_seq": 1620, "trade_id": "234041008", "timestamp": 1667923449035, "tick_direction": 1, "price": 0.01, "mark_price": 0.01065263, "iv": 59.98, "instrument_name": "BTC-30DEC22-27000-C", "index_price": 19715.76, "direction": "sell", "amount": 0.1}, {"trade_seq": 1619, "trade_id": "234041007", "timestamp": 1667923449009, "tick_direction": 1, "price": 0.01, "mark_price": 0.01065263, "iv": 59.98, "instrument_name": "BTC-30DEC22-27000-C", "index_price": 19715.76, "direction": "sell", "amount": 0.1}