{"trades": [{"trade_seq": 527, "trade_id": "248438749", "timestamp": 1679927593913, "tick_direction": 0, "price": 0.0005, "mark_price": 0.0, "iv": 380.54, "instrument_name": "BTC-31MAR23-80000-C", "index_price": 27306.08, "direction": "buy", "amount": 0.1}, {"trade_seq": 526, "trade_id": "240285732", "timestamp": 1674824262869, "tick_direction": 2, "price": 0.0001, "mark_price": 0.0002618, "iv": 91.66, "instrument_name": "BTC-31MAR23-80000-C", "index_price": 22949.71, "direction": "buy", "block_trade_id": "62831", "amount": 15.8}, {"trade_seq": 525, "trade_id": "239378877", "timestamp": 1673892622685, "tick_direction": 2, "price": 0.0005, "mark_price": 0.00073007, "iv": 102.5, "instrument_name": "BTC-31MAR23-80000-C", "index_price": 21069.1, "direction": "sell", "amount": 2.8}, {"trade_seq": 524, "trade_id": "239315389", "timestamp": 1673838298137, "tick_direction": 0, "price": 0.001, "mark_price": 0.0008937, "iv": 108.69, "instrument_name": "BTC-31MAR23-80000-C", "index_price": 21199.15, "direction": "sell", "amount": 0.1}, {"trade_seq": 523, "trade_id": "239144924", "timestamp": 1673681007564, "tick_direction": 1, "price": 0.0005, "mark_price": 0.00087275, "iv": 101.28, "instrument_name": "BTC-31MAR23-80000-C", "index_price": 20953.56, "direction": "sell", "amount": 1.5}, {"trade_seq": 522, "trade_id": "239144923", "timestamp": 1673681007414, "tick_direction": 1, "price": 0.0005, "mark_price": 0.00087275, "iv": 101.28, "instrument_name": "BTC-31MAR23-80000-C", "index_price": 20953.56, "direction": "buy", "amount": 0.5}, {"trade_seq": 521, "trade_id": "238859630", "timestamp": 1673530259493, "tick_direction": 1, "price": 0.0005, "mark_price": 0.00047984, "iv": 109.45, "instrument_name": "BTC-31MAR23-80000-C", "index_price": 18112.85, "direction": "sell", "amount": 0.1}, {"trade_seq": 520, "trade_id": "238335714", "timestamp": 1672237003278, "tick_direction": 0, "price": 0.0005, "mark_price": 0.00074069, "iv": 105.71, "instrument_name": "BTC-31MAR23-80000-C", "index_price": 16652.9, "direction": "buy", "amount": 0.3}, {"trade_seq": 519, "trade_id": "238335499", "timestamp": 1672235128114, "tick_direction": 2, "price": 0.0002, "mark_price": 0.00074309, "iv": 97.92, "instrument_name": "BTC-31MAR23-80000-C", "index_price": 16649.25, "direction": "sell", "block_trade_id": "59727", "amount": 108.0}, {"trade_seq": 518, "trade_id": "238309604", "timestamp": 1672162570945, "tick_direction": 3, "price": 0.0005, "mark_price": 0.00071777, "iv": 104.88, "instrument_name": "BTC-31MAR23-80000-C", "index_price": 16742.52, "direction": "sell", "amount": 15.0}, {"trade_seq": 517, "trade_id": "238309603", "timestamp": 1672162570945, "tick_direction": 2, "price": 0.0005, "mark_price": 0.00071777, "iv": 104.88, "instrument_name": "BTC-31MAR23-80000-C", "index_price": 16742.52, "direction": "sell", "amount": 3.0}, {"trade_seq": 516, "trade_id": "238279340", "timestamp": 1672054223133, "tick_direction": 1, "price": 0.001, "mark_price": 0.00089876, "iv": 110.7, "instrument_name": "BTC-31MAR23-80000-C", "index_price": 16861.93, "direction": "sell", "amount": 0.2}, {"trade_seq": 515, "trade_id": "238204546", "timestamp": 1671756232873, "tick_direction": 0, "price": 0.001, "mark_price": 0.0009877, "iv": 109.05, "instrument_name": "BTC-31MAR23-80000-C", "index_price": 16786.89, "direction": "sell", "amount": 0.5}, {"trade_seq": 514, "trade_id": "238153683", "timestamp": 1671674989005, "tick_direction": 3, "price": 0.0005, "mark_price": 0.000899, "iv": 101.55, "instrument_name": "BTC-31MAR23-80000-C", "index_price": 16825.04, "direction": "sell", "amount": 1.0}, {"trade_seq": 513, "trade_id": "238153682", "timestamp": 1671674989005, "tick_direction": 2, "price": 0.0005, "mark_price": 0.000899, "iv": 101.55, "instrument_name": "BTC-31MAR23-80000-C", "index_price": 16825.04, "direction": "sell", "amount": 1.0}, {"trade_seq": 512, "trade_id": "237924064", "timestamp": 1671223106201, "tick_direction": 3, "price": 0.001, "mark_price": 0.00089837, "iv": 105.18, "instrument_name": "BTC-31MAR23-80000-C", "index_price": 16912.94, "direction": "sell", "combo_id": "BTC-CSR12-31MAR23-40000_80000", "block_trade_id": "59205", "amount": 500.0}, {"trade_seq": 511, "trade_id": "237830989", "timestamp": 1671142450439, "tick_direction": 3, "price": 0.001, "mark_price": 0.00073881, "iv": 103.07, "instrument_name": "BTC-31MAR23-80000-C", "index_price": 17379.7, "direction": "buy", "amount": 0.1}, {"trade_seq": 510, "trade_id": "237781221", "timestamp": 1671070681699, "tick_direction": 3, "price": 0.001, "mark_price": 0.00099119, "iv": 101.73, "instrument_name": "BTC-31MAR23-80000-C", "index_price": 17657.76, "direction": "sell", "amount": 4.8}, {"trade_seq": 509, "trade_id": "237668656", "timestamp": 1670953597516, "tick_direction": 3, "price": 0.001, "mark_price": 0.00143578, "iv": 100.98, "instrument_name": "BTC-31MAR23-80000-C", "index_price": 17705.59, "direction": "sell", "amount": 0.1}, {"trade_seq": 508, "trade_id": "237668655", "timestamp": 1670953592814, "tick_direction": 3, "price": 0.001, "mark_price": 0.001436, "iv": 100.98, "instrument_name": "BTC-31MAR23-80000-C", "index_price": 17706.43, "direction": "sell", "amount": 0.1}, {"trade_seq": 507, "trade_id": "237582249", "timestamp": 1670858408797, "tick_direction": 3, "price": 0.001, "mark_price": 0.00143531, "iv": 102.68, "instrument_name": "BTC-31MAR23-80000-C", "index_price": 17032.6, "direction": "sell", "amount": 8.0}, {"trade_seq": 506, "trade_id": "237582248", "timestamp": 1670858408797, "tick_direction": 3, "price": 0.001, "mark_price": 0.00143531, "iv": 102.68, "instrument_name": "BTC-31MAR23-80000-C", "index_price": 17032.6, "direction": "sell", "amount": 27.0}, {"trade_seq": 505, "trade_id": "237582247", "timestamp": 1670858408797, "tick_direction": 2, "price": 0.001, "mark_price": 0.00143531, "iv": 102.68, "instrument_name": "BTC-31MAR23-80000-C", "index_price": 17032.6, "direction": "sell", "amount": 15.0}, {"trade_seq": 504, "trade_id": "237570524", "timestamp": 1670828689547, "tick_direction": 2, "price": 0.0015, "mark_price": 0.00123205, "iv": 107.2, "instrument_name": "BTC-31MAR23-80000-C", "index_price": 16940.88, "direction": "buy", "amount": 4.6}, {"trade_seq": 503, "trade_id": "237523920", "timestamp": 1670630046537, "tick_direction": 1, "price": 0.0015, "mark_price": 0.00166564, "iv": 105.42, "instrument_name": "BTC-31MAR23-80000-C", "index_price": 17128.46, "direction": "sell", "amount": 9.5}, {"trade_seq": 502, "trade_id": "237428678", "timestamp": 1670454042136, "tick_direction": 1, "price": 0.0015, "mark_price": 0.00195594, "iv": 105.37, "instrument_name": "BTC-31MAR23-80000-C", "index_price": 16847.4, "direction": "sell", "amount": 3.5}, {"trade_seq": 501, "trade_id": "237428659", "timestamp": 1670454011171, "tick_direction": 1, "price": 0.0015, "mark_price": 0.00195537, "iv": 105.37, "instrument_name": "BTC-31MAR23-80000-C", "index_price": 16844.21, "direction": "buy", "amount": 0.1}, {"trade_seq": 500, "trade_id": "237428658", "timestamp": 1670454010094, "tick_direction": 1, "price": 0.0015, "mark_price": 0.00195607, "iv": 105.37, "instrument_name": "BTC-31MAR23-80000-C", "index_price": 16844.22, "direction": "sell", "amount": 2.1}, {"trade_seq": 499, "trade_id": "237426552", "timestamp": 1670449293021, "tick_direction": 1, "price": 0.0015, "mark_price": 0.00195146, "iv": 105.48, "instrument_name": "BTC-31MAR23-80000-C", "index_price": 16814.42, "direction": "sell", "amount": 2.0}, {"trade_seq": 498, "trade_id": "237418471", "timestamp": 1670433905694, "tick_direction": 1, "price": 0.0015, "mark_price": 0.00123117, "iv": 105.33, "instrument_name": "BTC-31MAR23-80000-C", "index_price": 16813.38, "direction": "buy", "amount": 5.8}, {"trade_seq": 497, "trade_id": "237418470", "timestamp": 1670433905694, "tick_direction": 1, "price": 0.0015, "mark_price": 0.00123117, "iv": 105.33, "instrument_name": "BTC-31MAR23-80000-C", "index_price": 16813.38, "direction": "buy", "amount": 5.1}, {"trade_seq": 496, "trade_id": "236840497", "timestamp": 1669641358658, "tick_direction": 0, "price": 0.0015, "mark_price": 0.00097009, "iv": 103.47, "instrument_name": "BTC-31MAR23-80000-C", "index_price": 16172.2, "direction": "buy", "amount": 0.1}, {"trade_seq": 495, "trade_id": "236533184", "timestamp": 1669100880997, "tick_direction": 3, "price": 0.001, "mark_price": 0.00143838, "iv": 98.79, "instrument_name": "BTC-31MAR23-80000-C", "index_price": 15660.96, "direction": "buy", "amount": 0.3}, {"trade_seq": 494, "trade_id": "236533183", "timestamp": 1669100880995, "tick_direction": 2, "price": 0.001, "mark_price": 0.00143838, "iv": 98.79, "instrument_name": "BTC-31MAR23-80000-C", "index_price": 15660.96, "direction": "sell", "amount": 3.0}, {"trade_seq": 493, "trade_id": "236519740", "timestamp": 1669078362463, "tick_direction": 1, "price": 0.0015, "mark_price": 0.00194879, "iv": 102.1, "instrument_name": "BTC-31MAR23-80000-C", "index_price": 15864.69, "direction": "buy", "amount": 0.4}, {"trade_seq": 492, "trade_id": "236519739", "timestamp": 1669078361656, "tick_direction": 1, "price": 0.0015, "mark_price": 0.00194956, "iv": 102.1, "instrument_name": "BTC-31MAR23-80000-C", "index_price": 15864.51, "direction": "sell", "amount": 5.1}, {"trade_seq": 491, "trade_id": "236519733", "timestamp": 1669078337386, "tick_direction": 1, "price": 0.0015, "mark_price": 0.00194941, "iv": 102.1, "instrument_name": "BTC-31MAR23-80000-C", "index_price": 15864.33, "direction": "buy", "amount": 0.4}, {"trade_seq": 490, "trade_id": "236519732", "timestamp": 1669078337282, "tick_direction": 0, "price": 0.0015, "mark_price": 0.00194941, "iv": 102.1, "instrument_name": "BTC-31MAR23-80000-C", "index_price": 15864.33, "direction": "sell", "amount": 4.6}, {"trade_seq": 489, "trade_id": "236341825", "timestamp": 1668824689449, "tick_direction": 2, "price": 0.001, "mark_price": 0.00135212, "iv": 94.76, "instrument_name": "BTC-31MAR23-80000-C", "index_price": 16590.01, "direction": "sell", "amount": 4.0}, {"trade_seq": 488, "trade_id": "236291556", "timestamp": 1668755306244, "tick_direction": 1, "price": 0.0015, "mark_price": 0.00173802, "iv": 97.8, "instrument_name": "BTC-31MAR23-80000-C", "index_price": 16784.47, "direction": "sell", "amount": 5.3}, {"trade_seq": 487, "trade_id": "236288054", "timestamp": 1668746943689, "tick_direction": 1, "price": 0.0015, "mark_price": 0.00149406, "iv": 97.69, "instrument_name": "BTC-31MAR23-80000-C", "index_price": 16814.99, "direction": "sell", "amount": 2.9}, {"trade_seq": 486, "trade_id": "236288051", "timestamp": 1668746929896, "tick_direction": 1, "price": 0.0015, "mark_price": 0.00148777, "iv": 97.69, "instrument_name": "BTC-31MAR23-80000-C", "index_price": 16815.51, "direction": "sell", "amount": 3.1}, {"trade_seq": 485, "trade_id": "236288034", "timestamp": 1668746923844, "tick_direction": 1, "price": 0.0015, "mark_price": 0.00148403, "iv": 97.68, "instrument_name": "BTC-31MAR23-80000-C", "index_price": 16817.59, "direction": "sell", "amount": 4.4}, {"trade_seq": 484, "trade_id": "236288025", "timestamp": 1668746919447, "tick_direction": 1, "price": 0.0015, "mark_price": 0.00147998, "iv": 97.69, "instrument_name": "BTC-31MAR23-80000-C", "index_price": 16816.41, "direction": "sell", "amount": 4.3}, {"trade_seq": 483, "trade_id": "236222652", "timestamp": 1668682941663, "tick_direction": 3, "price": 0.001, "mark_price": 0.0012646, "iv": 94.32, "instrument_name": "BTC-31MAR23-80000-C", "index_price": 16524.86, "direction": "buy", "amount": 0.5}, {"trade_seq": 482, "trade_id": "236222651", "timestamp": 1668682941662, "tick_direction": 2, "price": 0.001, "mark_price": 0.0012646, "iv": 94.32, "instrument_name": "BTC-31MAR23-80000-C", "index_price": 16524.86, "direction": "sell", "amount": 1.0}, {"trade_seq": 481, "trade_id": "235867569", "timestamp": 1668433177163, "tick_direction": 2, "price": 0.0015, "mark_price": 0.00089334, "iv": 95.64, "instrument_name": "BTC-31MAR23-80000-C", "index_price": 17060.99, "direction": "buy", "amount": 2.0}, {"trade_seq": 480, "trade_id": "234757299", "timestamp": 1668031833816, "tick_direction": 0, "price": 0.003, "mark_price": 0.00175712, "iv": 105.94, "instrument_name": "BTC-31MAR23-80000-C", "index_price": 15662.55, "direction": "buy", "amount": 0.2}, {"trade_seq": 479, "trade_id": "234458431", "timestamp": 1667997538748, "tick_direction": 3, "price": 0.0015, "mark_price": 0.00180501, "iv": 91.16, "instrument_name": "BTC-31MAR23-80000-C", "index_price": 17800.31, "direction": "sell", "amount": 2.8}, {"trade_seq": 478, "trade_id": "234458430", "timestamp": 1667997538621, "tick_direction": 3, "price": 0.0015, "mark_price": 0.00180501, "iv": 91.16, "instrument_name": "BTC-31MAR23-80000-C", "index_price": 17800.31, "direction": "sell", "amount": 3.1}, {"trade_seq": 477, "trade_id": "234262542", "timestamp": 1667941299127, "tick_direction": 3, "price": 0.0015, "mark_price": 0.00162854, "iv": 89.84, "instrument_name": "BTC-31MAR23-80000-C", "index_price": 18194.18, "direction": "sell", "amount": 3.9}, {"trade_seq": 476, "trade_id": "234262539", "timestamp": 1667941298889, "tick_direction": 2, "price": 0.0015, "mark_price": 0.00162854, "iv": 89.84, "instrument_name": "BTC-31MAR23-80000-C", "index_price": 18194.18, "direction": "sell", "amount": 4.2}, {"trade_seq": 475, "trade_id": "233986695", "timestamp": 1667899293078, "tick_direction": 1, "price": 0.002, "mark_price": 0.00143103, "iv": 88.25, "instrument_name": "BTC-31MAR23-80000-C", "index_price": 19753.16, "direction": "sell", "amount": 16.6}, {"trade_seq": 474, "trade_id": "233986691", "timestamp": 1667899276527, "tick_direction": 1, "price": 0.002, "mark_price": 0.00142302, "iv": 88.25, "instrument_name": "BTC-31MAR23-80000-C", "index_price": 19752.31, "direction": "sell", "amount": 45.2}, {"trade_seq": 473, "trade_id": "233986690", "timestamp": 1667899276506, "tick_direction": 1, "price": 0.002, "mark_price": 0.00142302, "iv": 88.25, "instrument_name": "BTC-31MAR23-80000-C", "index_price": 19752.31, "direction": "buy", "amount": 1.7}, {"trade_seq": 472, "trade_id": "233986689", "timestamp": 1667899276506, "tick_direction": 1, "price": 0.002, "mark_price": 0.00142302, "iv": 88.25, "instrument_name": "BTC-31MAR23-80000-C", "index_price": 19752.31, "direction": "buy", "amount": 3.1}, {"trade_seq": 471, "trade_id": "233986682", "timestamp": 1667899265156, "tick_direction": 1, "price": 0.002, "mark_price": 0.00142151, "iv": 88.24, "instrument_name": "BTC-31MAR23-80000-C", "index_price": 19756.71, "direction": "sell", "amount": 1.8}, {"trade_seq": 470, "trade_id": "233986681", "timestamp": 1667899265152, "tick_direction": 1, "price": 0.002, "mark_price": 0.00142151, "iv": 88.24, "instrument_name": "BTC-31MAR23-80000-C", "index_price": 19756.71, "direction": "sell", "amount": 18.0}, {"trade_seq": 469, "trade_id": "233986680", "timestamp": 1667899265149, "tick_direction": 1, "price": 0.002, "mark_price": 0.00142151, "iv": 88.24, "instrument_name": "BTC-31MAR23-80000-C", "index_price": 19756.71, "direction": "sell", "amount": 25.3}, {"trade_seq": 468, "trade_id": "233986679", "timestamp": 1667899265147, "tick_direction": 1, "price": 0.002, "mark_price": 0.00142151, "iv": 88.24, "instrument_name": "BTC-31MAR23-80000-C", "index_price": 19756.71, "direction": "buy", "amount": 3.0}, {"trade_seq": 467, "trade_id": "233986678", "timestamp": 1667899265147, "tick_direction": 0, "price": 0.002, "mark_price": 0.00142151, "iv": 88.24, "instrument_name": "BTC-31MAR23-80000-C", "index_price": 19756.71, "direction": "buy", "amount": 1.9}, {"trade_seq": 466, "trade_id": "233986673", "timestamp": 1667899252582, "tick_direction": 1, "price": 0.0015, "mark_price": 0.00141741, "iv": 85.48, "instrument_name": "BTC-31MAR23-80000-C", "index_price": 19753.88, "direction": "sell", "amount": 7.1}, {"trade_seq": 465, "trade_id": "233986662", "timestamp": 1667899247854, "tick_direction": 1, "price": 0.0015, "mark_price": 0.00141704, "iv": 85.48, "instrument_name": "BTC-31MAR23-80000-C", "index_price": 19754.26, "direction": "sell", "amount": 10.0}, {"trade_seq": 464, "trade_id": "233077906", "timestamp": 1666960570345, "tick_direction": 0, "price": 0.0015, "mark_price": 0.00102035, "iv": 81.38, "instrument_name": "BTC-31MAR23-80000-C", "index_price": 20201.7, "direction": "buy", "amount": 3.6}, {"trade_seq": 463, "trade_id": "232830945", "timestamp": 1666783684376, "tick_direction": 3, "price": 0.001, "mark_price": 0.00143284, "iv": 76.43, "instrument_name": "BTC-31MAR23-80000-C", "index_price": 20653.85, "direction": "sell", "amount": 0.1}, {"trade_seq": 462, "trade_id": "232437507", "timestamp": 1666336660985, "tick_direction": 3, "price": 0.001, "mark_price": 0.00131882, "iv": 79.07, "instrument_name": "BTC-31MAR23-80000-C", "index_price": 19034.8, "direction": "sell", "amount": 1.0}, {"trade_seq": 461, "trade_id": "232428504", "timestamp": 1666314090753, "tick_direction": 2, "price": 0.001, "mark_price": 0.00129585, "iv": 78.98, "instrument_name": "BTC-31MAR23-80000-C", "index_price": 19042.01, "direction": "sell", "amount": 1.0}, {"trade_seq": 460, "trade_id": "232253667", "timestamp": 1666106836527, "tick_direction": 0, "price": 0.0015, "mark_price": 0.00143511, "iv": 80.97, "instrument_name": "BTC-31MAR23-80000-C", "index_price": 19355.85, "direction": "sell", "amount": 0.1}, {"trade_seq": 459, "trade_id": "232243873", "timestamp": 1666102596341, "tick_direction": 3, "price": 0.001, "mark_price": 0.00142639, "iv": 77.18, "instrument_name": "BTC-31MAR23-80000-C", "index_price": 19530.73, "direction": "sell", "amount": 0.1}, {"trade_seq": 458, "trade_id": "232204034", "timestamp": 1666051856810, "tick_direction": 3, "price": 0.001, "mark_price": 0.00089978, "iv": 77.02, "instrument_name": "BTC-31MAR23-80000-C", "index_price": 19544.25, "direction": "buy", "amount": 2.0}, {"trade_seq": 457, "trade_id": "232198221", "timestamp": 1666043574570, "tick_direction": 3, "price": 0.001, "mark_price": 0.00114544, "iv": 77.04, "instrument_name": "BTC-31MAR23-80000-C", "index_price": 19526.66, "direction": "buy", "amount": 1.4}, {"trade_seq": 456, "trade_id": "232198220", "timestamp": 1666043574567, "tick_direction": 2, "price": 0.001, "mark_price": 0.00114544, "iv": 77.04, "instrument_name": "BTC-31MAR23-80000-C", "index_price": 19526.66, "direction": "sell", "amount": 0.6}, {"trade_seq": 455, "trade_id": "231496667", "timestamp": 1665240874491, "tick_direction": 3, "price": 0.002, "mark_price": 0.0024647, "iv": 80.8, "instrument_name": "BTC-31MAR23-80000-C", "index_price": 19484.58, "direction": "sell", "amount": 2.3}, {"trade_seq": 454, "trade_id": "231496666", "timestamp": 1665240874491, "tick_direction": 2, "price": 0.002, "mark_price": 0.0024647, "iv": 80.8, "instrument_name": "BTC-31MAR23-80000-C", "index_price": 19484.58, "direction": "sell", "amount": 0.1}, {"trade_seq": 453, "trade_id": "231429822", "timestamp": 1665153455020, "tick_direction": 2, "price": 0.003, "mark_price": 0.00326896, "iv": 84.14, "instrument_name": "BTC-31MAR23-80000-C", "index_price": 19614.11, "direction": "sell", "amount": 2.7}, {"trade_seq": 452, "trade_id": "231270956", "timestamp": 1665047123713, "tick_direction": 1, "price": 0.0035, "mark_price": 0.00297927, "iv": 84.15, "instrument_name": "BTC-31MAR23-80000-C", "index_price": 20144.63, "direction": "buy", "amount": 5.0}, {"trade_seq": 451, "trade_id": "231270948", "timestamp": 1665047113145, "tick_direction": 0, "price": 0.0035, "mark_price": 0.00297636, "iv": 84.16, "instrument_name": "BTC-31MAR23-80000-C", "index_price": 20140.33, "direction": "buy", "amount": 5.0}, {"trade_seq": 450, "trade_id": "231161396", "timestamp": 1664954697849, "tick_direction": 1, "price": 0.003, "mark_price": 0.00273504, "iv": 82.08, "instrument_name": "BTC-31MAR23-80000-C", "index_price": 20223.82, "direction": "buy", "amount": 2.0}, {"trade_seq": 449, "trade_id": "230911419", "timestamp": 1664710982939, "tick_direction": 1, "price": 0.003, "mark_price": 0.00248724, "iv": 83.89, "instrument_name": "BTC-31MAR23-80000-C", "index_price": 19205.4, "direction": "sell", "amount": 3.0}, {"trade_seq": 448, "trade_id": "230656277", "timestamp": 1664466390996, "tick_direction": 1, "price": 0.003, "mark_price": 0.00247194, "iv": 83.1, "instrument_name": "BTC-31MAR23-80000-C", "index_price": 19285.7, "direction": "buy", "amount": 0.1}, {"trade_seq": 447, "trade_id": "230473498", "timestamp": 1664351094914, "tick_direction": 1, "price": 0.003, "mark_price": 0.0022073, "iv": 84.1, "instrument_name": "BTC-31MAR23-80000-C", "index_price": 18769.3, "direction": "buy", "amount": 2.3}, {"trade_seq": 446, "trade_id": "230473492", "timestamp": 1664351091848, "tick_direction": 1, "price": 0.003, "mark_price": 0.00220695, "iv": 84.1, "instrument_name": "BTC-31MAR23-80000-C", "index_price": 18769.04, "direction": "buy", "amount": 2.5}, {"trade_seq": 445, "trade_id": "230321535", "timestamp": 1664258524665, "tick_direction": 1, "price": 0.003, "mark_price": 0.00268517, "iv": 80.43, "instrument_name": "BTC-31MAR23-80000-C", "index_price": 20188.62, "direction": "buy", "amount": 1.2}, {"trade_seq": 444, "trade_id": "230138423", "timestamp": 1664105156654, "tick_direction": 0, "price": 0.003, "mark_price": 0.00247557, "iv": 82.72, "instrument_name": "BTC-31MAR23-80000-C", "index_price": 19091.61, "direction": "buy", "amount": 0.1}, {"trade_seq": 443, "trade_id": "230136793", "timestamp": 1664100282993, "tick_direction": 3, "price": 0.0025, "mark_price": 0.00226825, "iv": 81.04, "instrument_name": "BTC-31MAR23-80000-C", "index_price": 19055.44, "direction": "buy", "amount": 1.1}, {"trade_seq": 442, "trade_id": "230136792", "timestamp": 1664100282993, "tick_direction": 3, "price": 0.0025, "mark_price": 0.00226825, "iv": 81.04, "instrument_name": "BTC-31MAR23-80000-C", "index_price": 19055.44, "direction": "buy", "amount": 0.2}, {"trade_seq": 441, "trade_id": "229735213", "timestamp": 1663781177674, "tick_direction": 2, "price": 0.0025, "mark_price": 0.0023491, "iv": 79.77, "instrument_name": "BTC-31MAR23-80000-C", "index_price": 19243.76, "direction": "buy", "amount": 1.0}, {"trade_seq": 440, "trade_id": "228975088", "timestamp": 1663068051245, "tick_direction": 0, "price": 0.0075, "mark_price": 0.00757767, "iv": 81.88, "instrument_name": "BTC-31MAR23-80000-C", "index_price": 22670.74, "direction": "buy", "amount": 0.3}, {"trade_seq": 439, "trade_id": "228888694", "timestamp": 1662983776058, "tick_direction": 1, "price": 0.006, "mark_price": 0.00644359, "iv": 79.87, "instrument_name": "BTC-31MAR23-80000-C", "index_price": 22309.63, "direction": "buy", "amount": 0.6}, {"trade_seq": 438, "trade_id": "228888693", "timestamp": 1662983776055, "tick_direction": 0, "price": 0.006, "mark_price": 0.00644359, "iv": 79.87, "instrument_name": "BTC-31MAR23-80000-C", "index_price": 22309.63, "direction": "sell", "amount": 1.9}, {"trade_seq": 437, "trade_id": "228747314", "timestamp": 1662789892548, "tick_direction": 0, "price": 0.0055, "mark_price": 0.00642512, "iv": 80.1, "instrument_name": "BTC-31MAR23-80000-C", "index_price": 21565.7, "direction": "sell", "amount": 0.6}, {"trade_seq": 436, "trade_id": "228652032", "timestamp": 1662707961623, "tick_direction": 1, "price": 0.005, "mark_price": 0.00568698, "iv": 80.8, "instrument_name": "BTC-31MAR23-80000-C", "index_price": 20715.98, "direction": "sell", "amount": 0.9}, {"trade_seq": 435, "trade_id": "228652031", "timestamp": 1662707961623, "tick_direction": 0, "price": 0.005, "mark_price": 0.00568698, "iv": 80.8, "instrument_name": "BTC-31MAR23-80000-C", "index_price": 20715.98, "direction": "sell", "amount": 0.1}, {"trade_seq": 434, "trade_id": "228459774", "timestamp": 1662525854831, "tick_direction": 2, "price": 0.004, "mark_price": 0.0042313, "iv": 82.72, "instrument_name": "BTC-31MAR23-80000-C", "index_price": 18730.63, "direction": "buy", "amount": 0.2}, {"trade_seq": 433, "trade_id": "228275555", "timestamp": 1662400470408, "tick_direction": 0, "price": 0.006, "mark_price": 0.00500094, "iv": 84.25, "instrument_name": "BTC-31MAR23-80000-C", "index_price": 19817.88, "direction": "buy", "amount": 2.5}, {"trade_seq": 432, "trade_id": "228020315", "timestamp": 1662022606258, "tick_direction": 2, "price": 0.0055, "mark_price": 0.00595509, "iv": 82.21, "instrument_name": "BTC-31MAR23-80000-C", "index_price": 19906.91, "direction": "sell", "amount": 2.7}, {"trade_seq": 431, "trade_id": "227915773", "timestamp": 1661906770546, "tick_direction": 3, "price": 0.007, "mark_price": 0.00627388, "iv": 84.56, "instrument_name": "BTC-31MAR23-80000-C", "index_price": 19987.66, "direction": "buy", "amount": 0.4}, {"trade_seq": 430, "trade_id": "227849531", "timestamp": 1661854443009, "tick_direction": 2, "price": 0.007, "mark_price": 0.00633789, "iv": 83.33, "instrument_name": "BTC-31MAR23-80000-C", "index_price": 20446.83, "direction": "sell", "amount": 1.0}, {"trade_seq": 429, "trade_id": "227236665", "timestamp": 1661163588502, "tick_direction": 1, "price": 0.011, "mark_price": 0.01003943, "iv": 85.8, "instrument_name": "BTC-31MAR23-80000-C", "index_price": 21198.15, "direction": "buy", "amount": 2.5}, {"trade_seq": 428, "trade_id": "227236661", "timestamp": 1661163586870, "tick_direction": 1, "price": 0.011, "mark_price": 0.01003826, "iv": 85.8, "instrument_name": "BTC-31MAR23-80000-C", "index_price": 21198.38, "direction": "buy", "amount": 2.4}, {"trade_seq": 427, "trade_id": "227236660", "timestamp": 1661163586870, "tick_direction": 1, "price": 0.011, "mark_price": 0.01003826, "iv": 85.8, "instrument_name": "BTC-31MAR23-80000-C", "index_price": 21198.38, "direction": "buy", "amount": 0.1}, {"trade_seq": 426, "trade_id": "227236640", "timestamp": 1661163585311, "tick_direction": 0, "price": 0.011, "mark_price": 0.01003229, "iv": 85.81, "instrument_name": "BTC-31MAR23-80000-C", "index_price": 21194.14, "direction": "buy", "amount": 2.5}, {"trade_seq": 425, "trade_id": "227216174", "timestamp": 1661142111243, "tick_direction": 0, "price": 0.0105, "mark_price": 0.0093461, "iv": 84.59, "instrument_name": "BTC-31MAR23-80000-C", "index_price": 21394.93, "direction": "buy", "amount": 1.0}, {"trade_seq": 424, "trade_id": "227123994", "timestamp": 1661001851630, "tick_direction": 3, "price": 0.0085, "mark_price": 0.00893973, "iv": 81.81, "instrument_name": "BTC-31MAR23-80000-C", "index_price": 21255.16, "direction": "buy", "amount": 2.0}, {"trade_seq": 423, "trade_id": "227123993", "timestamp": 1661001851620, "tick_direction": 2, "price": 0.0085, "mark_price": 0.00893973, "iv": 81.81, "instrument_name": "BTC-31MAR23-80000-C", "index_price": 21255.16, "direction": "sell", "amount": 1.2}, {"trade_seq": 422, "trade_id": "227022295", "timestamp": 1660915688673, "tick_direction": 3, "price": 0.0095, "mark_price": 0.00910693, "iv": 82.49, "instrument_name": "BTC-31MAR23-80000-C", "index_price": 21524.92, "direction": "buy", "amount": 2.6}, {"trade_seq": 421, "trade_id": "226994700", "timestamp": 1660903124406, "tick_direction": 2, "price": 0.0095, "mark_price": 0.01003827, "iv": 81.98, "instrument_name": "BTC-31MAR23-80000-C", "index_price": 21765.03, "direction": "sell", "amount": 5.9}, {"trade_seq": 420, "trade_id": "226909692", "timestamp": 1660871944683, "tick_direction": 3, "price": 0.01, "mark_price": 0.01058049, "iv": 80.16, "instrument_name": "BTC-31MAR23-80000-C", "index_price": 22844.66, "direction": "sell", "amount": 1.0}, {"trade_seq": 419, "trade_id": "226909689", "timestamp": 1660871942890, "tick_direction": 3, "price": 0.01, "mark_price": 0.01058571, "iv": 80.16, "instrument_name": "BTC-31MAR23-80000-C", "index_price": 22846.18, "direction": "sell", "amount": 1.0}, {"trade_seq": 418, "trade_id": "226909686", "timestamp": 1660871941069, "tick_direction": 3, "price": 0.01, "mark_price": 0.01058826, "iv": 80.16, "instrument_name": "BTC-31MAR23-80000-C", "index_price": 22847.41, "direction": "sell", "amount": 1.0}, {"trade_seq": 417, "trade_id": "226909679", "timestamp": 1660871938651, "tick_direction": 3, "price": 0.01, "mark_price": 0.01059602, "iv": 80.16, "instrument_name": "BTC-31MAR23-80000-C", "index_price": 22847.86, "direction": "sell", "amount": 1.0}, {"trade_seq": 416, "trade_id": "226909676", "timestamp": 1660871935641, "tick_direction": 2, "price": 0.01, "mark_price": 0.01059169, "iv": 80.15, "instrument_name": "BTC-31MAR23-80000-C", "index_price": 22850.45, "direction": "sell", "amount": 1.0}, {"trade_seq": 415, "trade_id": "226907061", "timestamp": 1660869905967, "tick_direction": 3, "price": 0.0105, "mark_price": 0.01101489, "iv": 80.6, "instrument_name": "BTC-31MAR23-80000-C", "index_price": 22943.97, "direction": "buy", "amount": 1.0}, {"trade_seq": 414, "trade_id": "226906665", "timestamp": 1660869591173, "tick_direction": 3, "price": 0.0105, "mark_price": 0.01136427, "iv": 80.62, "instrument_name": "BTC-31MAR23-80000-C", "index_price": 22922.58, "direction": "buy", "amount": 1.0}, {"trade_seq": 413, "trade_id": "226906662", "timestamp": 1660869589151, "tick_direction": 3, "price": 0.0105, "mark_price": 0.01136717, "iv": 80.62, "instrument_name": "BTC-31MAR23-80000-C", "index_price": 22921.71, "direction": "buy", "amount": 1.0}, {"trade_seq": 412, "trade_id": "226906661", "timestamp": 1660869587315, "tick_direction": 3, "price": 0.0105, "mark_price": 0.01136807, "iv": 80.62, "instrument_name": "BTC-31MAR23-80000-C", "index_price": 22919.74, "direction": "buy", "amount": 1.0}, {"trade_seq": 411, "trade_id": "226906660", "timestamp": 1660869585319, "tick_direction": 3, "price": 0.0105, "mark_price": 0.01137102, "iv": 80.62, "instrument_name": "BTC-31MAR23-80000-C", "index_price": 22919.01, "direction": "buy", "amount": 1.0}, {"trade_seq": 410, "trade_id": "226906657", "timestamp": 1660869583342, "tick_direction": 3, "price": 0.0105, "mark_price": 0.01136906, "iv": 80.63, "instrument_name": "BTC-31MAR23-80000-C", "index_price": 22915.85, "direction": "buy", "amount": 1.0}, {"trade_seq": 409, "trade_id": "226906643", "timestamp": 1660869581428, "tick_direction": 3, "price": 0.0105, "mark_price": 0.01136632, "iv": 80.64, "instrument_name": "BTC-31MAR23-80000-C", "index_price": 22912.65, "direction": "buy", "amount": 1.0}, {"trade_seq": 408, "trade_id": "226906642", "timestamp": 1660869578821, "tick_direction": 2, "price": 0.0105, "mark_price": 0.01137108, "iv": 80.63, "instrument_name": "BTC-31MAR23-80000-C", "index_price": 22913.73, "direction": "buy", "amount": 1.0}, {"trade_seq": 407, "trade_id": "226840121", "timestamp": 1660806839259, "tick_direction": 3, "price": 0.0115, "mark_price": 0.01249631, "iv": 80.53, "instrument_name": "BTC-31MAR23-80000-C", "index_price": 23373.8, "direction": "sell", "amount": 4.0}, {"trade_seq": 406, "trade_id": "226840120", "timestamp": 1660806839259, "tick_direction": 2, "price": 0.0115, "mark_price": 0.01249631, "iv": 80.53, "instrument_name": "BTC-31MAR23-80000-C", "index_price": 23373.8, "direction": "sell", "amount": 11.3}, {"trade_seq": 405, "trade_id": "226838632", "timestamp": 1660805135023, "tick_direction": 0, "price": 0.012, "mark_price": 0.0123059, "iv": 81.11, "instrument_name": "BTC-31MAR23-80000-C", "index_price": 23374.33, "direction": "sell", "amount": 1.0}, {"trade_seq": 404, "trade_id": "226766206", "timestamp": 1660732735279, "tick_direction": 2, "price": 0.0115, "mark_price": 0.01260122, "iv": 79.59, "instrument_name": "BTC-31MAR23-80000-C", "index_price": 23783.6, "direction": "sell", "amount": 2.6}, {"trade_seq": 403, "trade_id": "226766205", "timestamp": 1660732735279, "tick_direction": 3, "price": 0.012, "mark_price": 0.01260122, "iv": 80.16, "instrument_name": "BTC-31MAR23-80000-C", "index_price": 23783.6, "direction": "sell", "amount": 7.0}, {"trade_seq": 402, "trade_id": "226766204", "timestamp": 1660732735279, "tick_direction": 2, "price": 0.012, "mark_price": 0.01260122, "iv": 80.16, "instrument_name": "BTC-31MAR23-80000-C", "index_price": 23783.6, "direction": "sell", "amount": 3.0}, {"trade_seq": 401, "trade_id": "226715408", "timestamp": 1660688089276, "tick_direction": 2, "price": 0.014, "mark_price": 0.01101613, "iv": 81.98, "instrument_name": "BTC-31MAR23-80000-C", "index_price": 23910.3, "direction": "buy", "amount": 9.1}, {"trade_seq": 400, "trade_id": "226715407", "timestamp": 1660688089247, "tick_direction": 0, "price": 0.032, "mark_price": 0.01101613, "iv": 96.34, "instrument_name": "BTC-31MAR23-80000-C", "index_price": 23910.3, "direction": "buy", "amount": 5.0}, {"trade_seq": 399, "trade_id": "226715406", "timestamp": 1660688089247, "tick_direction": 0, "price": 0.0265, "mark_price": 0.01101613, "iv": 92.57, "instrument_name": "BTC-31MAR23-80000-C", "index_price": 23910.3, "direction": "buy", "amount": 1.0}, {"trade_seq": 398, "trade_id": "226715405", "timestamp": 1660688089247, "tick_direction": 0, "price": 0.0245, "mark_price": 0.01101613, "iv": 91.1, "instrument_name": "BTC-31MAR23-80000-C", "index_price": 23910.3, "direction": "buy", "amount": 5.0}, {"trade_seq": 397, "trade_id": "226715404", "timestamp": 1660688089247, "tick_direction": 1, "price": 0.014, "mark_price": 0.01101613, "iv": 81.98, "instrument_name": "BTC-31MAR23-80000-C", "index_price": 23910.3, "direction": "buy", "amount": 2.6}, {"trade_seq": 396, "trade_id": "226715403", "timestamp": 1660688089213, "tick_direction": 0, "price": 0.014, "mark_price": 0.01101613, "iv": 81.98, "instrument_name": "BTC-31MAR23-80000-C", "index_price": 23910.3, "direction": "buy", "amount": 7.4}, {"trade_seq": 395, "trade_id": "226715402", "timestamp": 1660688089213, "tick_direction": 0, "price": 0.0135, "mark_price": 0.01101613, "iv": 81.46, "instrument_name": "BTC-31MAR23-80000-C", "index_price": 23910.3, "direction": "buy", "amount": 2.5}, {"trade_seq": 394, "trade_id": "226715401", "timestamp": 1660688089213, "tick_direction": 0, "price": 0.013, "mark_price": 0.01101613, "iv": 80.93, "instrument_name": "BTC-31MAR23-80000-C", "index_price": 23910.3, "direction": "buy", "amount": 2.5}, {"trade_seq": 393, "trade_id": "226715400", "timestamp": 1660688089213, "tick_direction": 0, "price": 0.0125, "mark_price": 0.01101613, "iv": 80.38, "instrument_name": "BTC-31MAR23-80000-C", "index_price": 23910.3, "direction": "buy", "amount": 2.6}, {"trade_seq": 392, "trade_id": "226604151", "timestamp": 1660560859027, "tick_direction": 0, "price": 0.0115, "mark_price": 0.01120849, "iv": 78.18, "instrument_name": "BTC-31MAR23-80000-C", "index_price": 24283.17, "direction": "buy", "amount": 0.1}, {"trade_seq": 391, "trade_id": "226598239", "timestamp": 1660553042113, "tick_direction": 2, "price": 0.011, "mark_price": 0.01122965, "iv": 78.03, "instrument_name": "BTC-31MAR23-80000-C", "index_price": 24040.85, "direction": "buy", "amount": 0.3}, {"trade_seq": 390, "trade_id": "226299071", "timestamp": 1660216210458, "tick_direction": 0, "price": 0.0125, "mark_price": 0.0118551, "iv": 78.07, "instrument_name": "BTC-31MAR23-80000-C", "index_price": 24523.35, "direction": "buy", "amount": 1.0}, {"trade_seq": 389, "trade_id": "226285168", "timestamp": 1660200174595, "tick_direction": 2, "price": 0.011, "mark_price": 0.01149927, "iv": 76.4, "instrument_name": "BTC-31MAR23-80000-C", "index_price": 24525.92, "direction": "sell", "amount": 7.2}, {"trade_seq": 388, "trade_id": "226285048", "timestamp": 1660199934329, "tick_direction": 2, "price": 0.0115, "mark_price": 0.01165801, "iv": 76.97, "instrument_name": "BTC-31MAR23-80000-C", "index_price": 24537.06, "direction": "sell", "amount": 0.1}, {"trade_seq": 387, "trade_id": "226282943", "timestamp": 1660197447186, "tick_direction": 0, "price": 0.0125, "mark_price": 0.01214638, "iv": 78.0, "instrument_name": "BTC-31MAR23-80000-C", "index_price": 24580.5, "direction": "sell", "amount": 0.2}, {"trade_seq": 386, "trade_id": "226036674", "timestamp": 1659954424464, "tick_direction": 0, "price": 0.012, "mark_price": 0.01266296, "iv": 77.86, "instrument_name": "BTC-31MAR23-80000-C", "index_price": 24036.91, "direction": "buy", "amount": 2.0}, {"trade_seq": 385, "trade_id": "225820903", "timestamp": 1659649651331, "tick_direction": 3, "price": 0.0105, "mark_price": 0.01104622, "iv": 78.7, "instrument_name": "BTC-31MAR23-80000-C", "index_price": 22541.83, "direction": "buy", "amount": 0.2}, {"trade_seq": 384, "trade_id": "225820775", "timestamp": 1659648823215, "tick_direction": 2, "price": 0.0105, "mark_price": 0.01114289, "iv": 78.7, "instrument_name": "BTC-31MAR23-80000-C", "index_price": 22530.09, "direction": "sell", "amount": 1.8}, {"trade_seq": 383, "trade_id": "225792718", "timestamp": 1659622939769, "tick_direction": 1, "price": 0.0115, "mark_price": 0.01176384, "iv": 79.03, "instrument_name": "BTC-31MAR23-80000-C", "index_price": 22910.79, "direction": "buy", "amount": 10.0}, {"trade_seq": 382, "trade_id": "225450056", "timestamp": 1659313620694, "tick_direction": 1, "price": 0.0115, "mark_price": 0.01143363, "iv": 77.53, "instrument_name": "BTC-31MAR23-80000-C", "index_price": 23331.94, "direction": "sell", "amount": 3.0}, {"trade_seq": 381, "trade_id": "224759281", "timestamp": 1658947738338, "tick_direction": 1, "price": 0.0115, "mark_price": 0.01228774, "iv": 78.88, "instrument_name": "BTC-31MAR23-80000-C", "index_price": 22398.53, "direction": "sell", "amount": 2.4}, {"trade_seq": 380, "trade_id": "224759246", "timestamp": 1658947736180, "tick_direction": 1, "price": 0.0115, "mark_price": 0.01229577, "iv": 78.88, "instrument_name": "BTC-31MAR23-80000-C", "index_price": 22400.16, "direction": "sell", "amount": 2.5}, {"trade_seq": 379, "trade_id": "224759208", "timestamp": 1658947733072, "tick_direction": 1, "price": 0.0115, "mark_price": 0.01231028, "iv": 78.87, "instrument_name": "BTC-31MAR23-80000-C", "index_price": 22405.98, "direction": "sell", "amount": 2.5}, {"trade_seq": 378, "trade_id": "224759194", "timestamp": 1658947730835, "tick_direction": 1, "price": 0.0115, "mark_price": 0.01232143, "iv": 78.86, "instrument_name": "BTC-31MAR23-80000-C", "index_price": 22411.07, "direction": "sell", "amount": 2.0}, {"trade_seq": 377, "trade_id": "224759193", "timestamp": 1658947730826, "tick_direction": 1, "price": 0.0115, "mark_price": 0.01232143, "iv": 78.86, "instrument_name": "BTC-31MAR23-80000-C", "index_price": 22411.07, "direction": "sell", "amount": 3.0}, {"trade_seq": 376, "trade_id": "224759192", "timestamp": 1658947730824, "tick_direction": 1, "price": 0.0115, "mark_price": 0.01232143, "iv": 78.86, "instrument_name": "BTC-31MAR23-80000-C", "index_price": 22411.07, "direction": "sell", "amount": 2.5}, {"trade_seq": 375, "trade_id": "224759090", "timestamp": 1658947718259, "tick_direction": 1, "price": 0.0115, "mark_price": 0.01235284, "iv": 78.84, "instrument_name": "BTC-31MAR23-80000-C", "index_price": 22426.52, "direction": "sell", "amount": 2.5}, {"trade_seq": 374, "trade_id": "224759060", "timestamp": 1658947713764, "tick_direction": 1, "price": 0.0115, "mark_price": 0.0123626, "iv": 78.83, "instrument_name": "BTC-31MAR23-80000-C", "index_price": 22430.96, "direction": "sell", "amount": 2.5}, {"trade_seq": 373, "trade_id": "224759058", "timestamp": 1658947712134, "tick_direction": 1, "price": 0.0115, "mark_price": 0.01236539, "iv": 78.83, "instrument_name": "BTC-31MAR23-80000-C", "index_price": 22430.26, "direction": "sell", "amount": 2.5}, {"trade_seq": 372, "trade_id": "224759007", "timestamp": 1658947703071, "tick_direction": 1, "price": 0.0115, "mark_price": 0.01237259, "iv": 78.83, "instrument_name": "BTC-31MAR23-80000-C", "index_price": 22431.48, "direction": "sell", "amount": 2.5}, {"trade_seq": 371, "trade_id": "224758984", "timestamp": 1658947695892, "tick_direction": 1, "price": 0.0115, "mark_price": 0.0124159, "iv": 78.79, "instrument_name": "BTC-31MAR23-80000-C", "index_price": 22445.79, "direction": "sell", "amount": 2.5}, {"trade_seq": 370, "trade_id": "224758940", "timestamp": 1658947694661, "tick_direction": 1, "price": 0.0115, "mark_price": 0.01240646, "iv": 78.8, "instrument_name": "BTC-31MAR23-80000-C", "index_price": 22439.59, "direction": "sell", "amount": 2.5}, {"trade_seq": 369, "trade_id": "224758939", "timestamp": 1658947693661, "tick_direction": 1, "price": 0.0115, "mark_price": 0.01240778, "iv": 78.8, "instrument_name": "BTC-31MAR23-80000-C", "index_price": 22439.03, "direction": "sell", "amount": 2.5}, {"trade_seq": 368, "trade_id": "224758826", "timestamp": 1658947672279, "tick_direction": 1, "price": 0.0115, "mark_price": 0.01237519, "iv": 78.85, "instrument_name": "BTC-31MAR23-80000-C", "index_price": 22411.7, "direction": "sell", "amount": 2.5}, {"trade_seq": 367, "trade_id": "224758809", "timestamp": 1658947670610, "tick_direction": 1, "price": 0.0115, "mark_price": 0.01237563, "iv": 78.86, "instrument_name": "BTC-31MAR23-80000-C", "index_price": 22410.84, "direction": "sell", "amount": 2.5}, {"trade_seq": 366, "trade_id": "224758787", "timestamp": 1658947668953, "tick_direction": 1, "price": 0.0115, "mark_price": 0.01237515, "iv": 78.86, "instrument_name": "BTC-31MAR23-80000-C", "index_price": 22410.34, "direction": "sell", "amount": 2.5}, {"trade_seq": 365, "trade_id": "224758775", "timestamp": 1658947667482, "tick_direction": 1, "price": 0.0115, "mark_price": 0.01238228, "iv": 78.85, "instrument_name": "BTC-31MAR23-80000-C", "index_price": 22414.98, "direction": "sell", "amount": 2.5}, {"trade_seq": 364, "trade_id": "224758709", "timestamp": 1658947663037, "tick_direction": 0, "price": 0.0115, "mark_price": 0.01239827, "iv": 78.83, "instrument_name": "BTC-31MAR23-80000-C", "index_price": 22422.09, "direction": "sell", "amount": 2.5}, {"trade_seq": 363, "trade_id": "224687424", "timestamp": 1658922462636, "tick_direction": 2, "price": 0.011, "mark_price": 0.01156239, "iv": 80.64, "instrument_name": "BTC-31MAR23-80000-C", "index_price": 21323.53, "direction": "buy", "amount": 10.0}, {"trade_seq": 362, "trade_id": "224498166", "timestamp": 1658780056871, "tick_direction": 3, "price": 0.012, "mark_price": 0.0123744, "iv": 79.71, "instrument_name": "BTC-31MAR23-80000-C", "index_price": 22161.99, "direction": "buy", "amount": 0.1}, {"trade_seq": 361, "trade_id": "224451815", "timestamp": 1658752706877, "tick_direction": 3, "price": 0.012, "mark_price": 0.01199123, "iv": 80.15, "instrument_name": "BTC-31MAR23-80000-C", "index_price": 21925.31, "direction": "sell", "amount": 2.8}, {"trade_seq": 360, "trade_id": "224449230", "timestamp": 1658749791838, "tick_direction": 2, "price": 0.012, "mark_price": 0.01198175, "iv": 79.98, "instrument_name": "BTC-31MAR23-80000-C", "index_price": 21994.31, "direction": "sell", "amount": 4.3}, {"trade_seq": 359, "trade_id": "224306639", "timestamp": 1658618126210, "tick_direction": 3, "price": 0.0125, "mark_price": 0.01314719, "iv": 79.18, "instrument_name": "BTC-31MAR23-80000-C", "index_price": 22512.75, "direction": "sell", "amount": 0.2}, {"trade_seq": 358, "trade_id": "224249464", "timestamp": 1658574003113, "tick_direction": 3, "price": 0.0125, "mark_price": 0.01464038, "iv": 79.16, "instrument_name": "BTC-31MAR23-80000-C", "index_price": 22515.29, "direction": "sell", "amount": 4.0}, {"trade_seq": 357, "trade_id": "224249463", "timestamp": 1658574003113, "tick_direction": 2, "price": 0.0125, "mark_price": 0.01464038, "iv": 79.16, "instrument_name": "BTC-31MAR23-80000-C", "index_price": 22515.29, "direction": "sell", "amount": 1.0}, {"trade_seq": 356, "trade_id": "224106490", "timestamp": 1658480714558, "tick_direction": 1, "price": 0.0145, "mark_price": 0.01495647, "iv": 79.18, "instrument_name": "BTC-31MAR23-80000-C", "index_price": 23381.85, "direction": "buy", "amount": 0.9}, {"trade_seq": 355, "trade_id": "224106422", "timestamp": 1658480710743, "tick_direction": 0, "price": 0.0145, "mark_price": 0.01493003, "iv": 79.22, "instrument_name": "BTC-31MAR23-80000-C", "index_price": 23359.56, "direction": "buy", "amount": 1.1}, {"trade_seq": 354, "trade_id": "223986654", "timestamp": 1658410967311, "tick_direction": 0, "price": 0.0135, "mark_price": 0.01260245, "iv": 79.53, "instrument_name": "BTC-31MAR23-80000-C", "index_price": 22692.39, "direction": "buy", "amount": 1.6}, {"trade_seq": 353, "trade_id": "223880222", "timestamp": 1658353398509, "tick_direction": 3, "price": 0.013, "mark_price": 0.01402107, "iv": 77.13, "instrument_name": "BTC-31MAR23-80000-C", "index_price": 23560.01, "direction": "buy", "amount": 3.0}, {"trade_seq": 352, "trade_id": "223879851", "timestamp": 1658353344215, "tick_direction": 3, "price": 0.013, "mark_price": 0.01384141, "iv": 77.37, "instrument_name": "BTC-31MAR23-80000-C", "index_price": 23436.25, "direction": "buy", "amount": 3.2}, {"trade_seq": 351, "trade_id": "223879850", "timestamp": 1658353344212, "tick_direction": 2, "price": 0.013, "mark_price": 0.01384141, "iv": 77.37, "instrument_name": "BTC-31MAR23-80000-C", "index_price": 23436.25, "direction": "sell", "amount": 1.8}, {"trade_seq": 350, "trade_id": "223879315", "timestamp": 1658353234632, "tick_direction": 2, "price": 0.0135, "mark_price": 0.01378779, "iv": 78.03, "instrument_name": "BTC-31MAR23-80000-C", "index_price": 23338.61, "direction": "buy", "amount": 2.0}, {"trade_seq": 349, "trade_id": "223801552", "timestamp": 1658328922577, "tick_direction": 0, "price": 0.0155, "mark_price": 0.01412347, "iv": 78.35, "instrument_name": "BTC-31MAR23-80000-C", "index_price": 24127.39, "direction": "buy", "amount": 1.0}, {"trade_seq": 348, "trade_id": "223617213", "timestamp": 1658249406409, "tick_direction": 2, "price": 0.014, "mark_price": 0.01269711, "iv": 78.59, "instrument_name": "BTC-31MAR23-80000-C", "index_price": 23221.48, "direction": "buy", "amount": 1.8}, {"trade_seq": 347, "trade_id": "223449598", "timestamp": 1658189490052, "tick_direction": 0, "price": 0.015, "mark_price": 0.01386487, "iv": 80.1, "instrument_name": "BTC-31MAR23-80000-C", "index_price": 22905.97, "direction": "buy", "amount": 0.2}, {"trade_seq": 346, "trade_id": "223329095", "timestamp": 1658141779778, "tick_direction": 0, "price": 0.0115, "mark_price": 0.01189023, "iv": 77.98, "instrument_name": "BTC-31MAR23-80000-C", "index_price": 22200.1, "direction": "buy", "amount": 5.0}, {"trade_seq": 345, "trade_id": "223161021", "timestamp": 1658001955622, "tick_direction": 2, "price": 0.01, "mark_price": 0.00991124, "iv": 77.99, "instrument_name": "BTC-31MAR23-80000-C", "index_price": 21174.18, "direction": "buy", "amount": 5.0}, {"trade_seq": 344, "trade_id": "222250020", "timestamp": 1657205215745, "tick_direction": 0, "price": 0.0125, "mark_price": 0.01195205, "iv": 80.09, "instrument_name": "BTC-31MAR23-80000-C", "index_price": 20838.27, "direction": "buy", "amount": 5.0}, {"trade_seq": 343, "trade_id": "222095889", "timestamp": 1657076223459, "tick_direction": 3, "price": 0.0115, "mark_price": 0.01112061, "iv": 80.97, "instrument_name": "BTC-31MAR23-80000-C", "index_price": 19863.91, "direction": "sell", "amount": 1.1}, {"trade_seq": 342, "trade_id": "222095698", "timestamp": 1657076012379, "tick_direction": 3, "price": 0.0115, "mark_price": 0.01149274, "iv": 80.99, "instrument_name": "BTC-31MAR23-80000-C", "index_price": 19832.18, "direction": "sell", "amount": 2.2}, {"trade_seq": 341, "trade_id": "222088336", "timestamp": 1657071972728, "tick_direction": 2, "price": 0.0115, "mark_price": 0.01157761, "iv": 80.86, "instrument_name": "BTC-31MAR23-80000-C", "index_price": 19871.03, "direction": "sell", "amount": 1.5}, {"trade_seq": 340, "trade_id": "222039252", "timestamp": 1657049129444, "tick_direction": 3, "price": 0.012, "mark_price": 0.01223403, "iv": 80.71, "instrument_name": "BTC-31MAR23-80000-C", "index_price": 20218.35, "direction": "buy", "amount": 0.4}, {"trade_seq": 339, "trade_id": "222015661", "timestamp": 1657039658961, "tick_direction": 2, "price": 0.012, "mark_price": 0.01112088, "iv": 82.15, "instrument_name": "BTC-31MAR23-80000-C", "index_price": 19536.1, "direction": "buy", "amount": 1.0}, {"trade_seq": 338, "trade_id": "222015554", "timestamp": 1657039592594, "tick_direction": 0, "price": 0.0125, "mark_price": 0.01132181, "iv": 82.64, "instrument_name": "BTC-31MAR23-80000-C", "index_price": 19566.88, "direction": "buy", "amount": 3.0}, {"trade_seq": 337, "trade_id": "222007581", "timestamp": 1657035685134, "tick_direction": 3, "price": 0.0115, "mark_price": 0.01111795, "iv": 81.92, "instrument_name": "BTC-31MAR23-80000-C", "index_price": 19415.2, "direction": "sell", "amount": 0.1}, {"trade_seq": 336, "trade_id": "222007487", "timestamp": 1657035583920, "tick_direction": 2, "price": 0.0115, "mark_price": 0.01128514, "iv": 81.92, "instrument_name": "BTC-31MAR23-80000-C", "index_price": 19403.41, "direction": "sell", "amount": 0.1}, {"trade_seq": 335, "trade_id": "221705139", "timestamp": 1656750892581, "tick_direction": 0, "price": 0.0125, "mark_price": 0.01282521, "iv": 83.26, "instrument_name": "BTC-31MAR23-80000-C", "index_price": 19136.17, "direction": "sell", "amount": 0.5}, {"trade_seq": 334, "trade_id": "221663797", "timestamp": 1656702834828, "tick_direction": 3, "price": 0.012, "mark_price": 0.01278695, "iv": 82.08, "instrument_name": "BTC-31MAR23-80000-C", "index_price": 19382.27, "direction": "buy", "amount": 1.1}, {"trade_seq": 333, "trade_id": "221663796", "timestamp": 1656702834826, "tick_direction": 3, "price": 0.012, "mark_price": 0.01278695, "iv": 82.08, "instrument_name": "BTC-31MAR23-80000-C", "index_price": 19382.27, "direction": "buy", "amount": 3.9}, {"trade_seq": 332, "trade_id": "221647299", "timestamp": 1656686443620, "tick_direction": 2, "price": 0.012, "mark_price": 0.01261694, "iv": 82.23, "instrument_name": "BTC-31MAR23-80000-C", "index_price": 19306.28, "direction": "buy", "amount": 9.0}, {"trade_seq": 331, "trade_id": "221461009", "timestamp": 1656599524534, "tick_direction": 0, "price": 0.0135, "mark_price": 0.01257128, "iv": 84.48, "instrument_name": "BTC-31MAR23-80000-C", "index_price": 18955.16, "direction": "buy", "amount": 10.0}, {"trade_seq": 330, "trade_id": "221326761", "timestamp": 1656517134010, "tick_direction": 1, "price": 0.013, "mark_price": 0.01235643, "iv": 81.29, "instrument_name": "BTC-31MAR23-80000-C", "index_price": 20034.96, "direction": "buy", "amount": 15.0}, {"trade_seq": 329, "trade_id": "221318589", "timestamp": 1656512650899, "tick_direction": 1, "price": 0.013, "mark_price": 0.01233968, "iv": 81.3, "instrument_name": "BTC-31MAR23-80000-C", "index_price": 20024.93, "direction": "sell", "amount": 1.0}, {"trade_seq": 328, "trade_id": "221288818", "timestamp": 1656497939281, "tick_direction": 1, "price": 0.013, "mark_price": 0.01259177, "iv": 81.22, "instrument_name": "BTC-31MAR23-80000-C", "index_price": 20062.45, "direction": "buy", "amount": 2.5}, {"trade_seq": 327, "trade_id": "221288817", "timestamp": 1656497939281, "tick_direction": 0, "price": 0.013, "mark_price": 0.01259177, "iv": 81.22, "instrument_name": "BTC-31MAR23-80000-C", "index_price": 20062.45, "direction": "buy", "amount": 15.0}, {"trade_seq": 326, "trade_id": "221265334", "timestamp": 1656485161071, "tick_direction": 3, "price": 0.0125, "mark_price": 0.01249398, "iv": 80.56, "instrument_name": "BTC-31MAR23-80000-C", "index_price": 20110.27, "direction": "sell", "amount": 4.0}, {"trade_seq": 325, "trade_id": "221264750", "timestamp": 1656484711317, "tick_direction": 2, "price": 0.0125, "mark_price": 0.01246661, "iv": 80.56, "instrument_name": "BTC-31MAR23-80000-C", "index_price": 20099.91, "direction": "sell", "amount": 4.0}, {"trade_seq": 324, "trade_id": "221124257", "timestamp": 1656357672557, "tick_direction": 2, "price": 0.0135, "mark_price": 0.01423737, "iv": 79.87, "instrument_name": "BTC-31MAR23-80000-C", "index_price": 20776.77, "direction": "sell", "amount": 3.5}, {"trade_seq": 323, "trade_id": "221028785", "timestamp": 1656262740815, "tick_direction": 0, "price": 0.0145, "mark_price": 0.01409451, "iv": 79.35, "instrument_name": "BTC-31MAR23-80000-C", "index_price": 21351.41, "direction": "sell", "amount": 0.5}, {"trade_seq": 322, "trade_id": "221008322", "timestamp": 1656237667960, "tick_direction": 2, "price": 0.011, "mark_price": 0.01529654, "iv": 75.74, "instrument_name": "BTC-31MAR23-80000-C", "index_price": 21403.37, "direction": "sell", "amount": 0.1}, {"trade_seq": 321, "trade_id": "220983249", "timestamp": 1656183675675, "tick_direction": 0, "price": 0.0135, "mark_price": 0.01497556, "iv": 78.64, "instrument_name": "BTC-31MAR23-80000-C", "index_price": 21212.86, "direction": "buy", "amount": 0.6}, {"trade_seq": 320, "trade_id": "220952812", "timestamp": 1656140129892, "tick_direction": 2, "price": 0.013, "mark_price": 0.01410192, "iv": 77.99, "instrument_name": "BTC-31MAR23-80000-C", "index_price": 21267.23, "direction": "buy", "amount": 1.0}, {"trade_seq": 319, "trade_id": "220895392", "timestamp": 1656080804276, "tick_direction": 0, "price": 0.014, "mark_price": 0.01413706, "iv": 78.78, "instrument_name": "BTC-31MAR23-80000-C", "index_price": 21280.91, "direction": "sell", "amount": 5.0}, {"trade_seq": 318, "trade_id": "220880809", "timestamp": 1656073291504, "tick_direction": 2, "price": 0.013, "mark_price": 0.01309013, "iv": 77.86, "instrument_name": "BTC-31MAR23-80000-C", "index_price": 21296.62, "direction": "buy", "amount": 0.4}, {"trade_seq": 317, "trade_id": "220877594", "timestamp": 1656071475842, "tick_direction": 2, "price": 0.0135, "mark_price": 0.01397078, "iv": 78.51, "instrument_name": "BTC-31MAR23-80000-C", "index_price": 21186.08, "direction": "sell", "amount": 8.0}, {"trade_seq": 316, "trade_id": "220610797", "timestamp": 1655918101297, "tick_direction": 0, "price": 0.015, "mark_price": 0.01388492, "iv": 82.01, "instrument_name": "BTC-31MAR23-80000-C", "index_price": 20249.51, "direction": "sell", "amount": 1.0}, {"trade_seq": 315, "trade_id": "220606081", "timestamp": 1655914820272, "tick_direction": 3, "price": 0.0125, "mark_price": 0.01390372, "iv": 79.81, "instrument_name": "BTC-31MAR23-80000-C", "index_price": 20131.57, "direction": "buy", "amount": 10.0}, {"trade_seq": 314, "trade_id": "220606062", "timestamp": 1655914804372, "tick_direction": 2, "price": 0.0125, "mark_price": 0.01386305, "iv": 79.86, "instrument_name": "BTC-31MAR23-80000-C", "index_price": 20108.76, "direction": "buy", "amount": 10.0}, {"trade_seq": 313, "trade_id": "220568646", "timestamp": 1655902232264, "tick_direction": 0, "price": 0.0135, "mark_price": 0.01404471, "iv": 80.72, "instrument_name": "BTC-31MAR23-80000-C", "index_price": 20129.9, "direction": "sell", "amount": 0.1}, {"trade_seq": 312, "trade_id": "220558308", "timestamp": 1655896373881, "tick_direction": 3, "price": 0.013, "mark_price": 0.01344065, "iv": 79.59, "instrument_name": "BTC-31MAR23-80000-C", "index_price": 20421.53, "direction": "buy", "amount": 3.9}, {"trade_seq": 311, "trade_id": "220558290", "timestamp": 1655896358896, "tick_direction": 3, "price": 0.013, "mark_price": 0.01338867, "iv": 79.63, "instrument_name": "BTC-31MAR23-80000-C", "index_price": 20403.68, "direction": "buy", "amount": 10.0}, {"trade_seq": 310, "trade_id": "220558234", "timestamp": 1655896297996, "tick_direction": 3, "price": 0.013, "mark_price": 0.0132068, "iv": 79.65, "instrument_name": "BTC-31MAR23-80000-C", "index_price": 20388.1, "direction": "buy", "amount": 10.0}, {"trade_seq": 309, "trade_id": "220558227", "timestamp": 1655896292176, "tick_direction": 2, "price": 0.013, "mark_price": 0.01317792, "iv": 79.65, "instrument_name": "BTC-31MAR23-80000-C", "index_price": 20387.91, "direction": "buy", "amount": 1.0}, {"trade_seq": 308, "trade_id": "219801709", "timestamp": 1655582027528, "tick_direction": 0, "price": 0.014, "mark_price": 0.01088262, "iv": 85.33, "instrument_name": "BTC-31MAR23-80000-C", "index_price": 18029.89, "direction": "buy", "amount": 10.0}, {"trade_seq": 307, "trade_id": "219801707", "timestamp": 1655582025840, "tick_direction": 3, "price": 0.013, "mark_price": 0.01088698, "iv": 84.31, "instrument_name": "BTC-31MAR23-80000-C", "index_price": 18027.24, "direction": "buy", "amount": 2.3}, {"trade_seq": 306, "trade_id": "219797791", "timestamp": 1655581044657, "tick_direction": 2, "price": 0.013, "mark_price": 0.01068684, "iv": 84.0, "instrument_name": "BTC-31MAR23-80000-C", "index_price": 18154.26, "direction": "buy", "amount": 7.6}, {"trade_seq": 305, "trade_id": "219763495", "timestamp": 1655572884197, "tick_direction": 0, "price": 0.015, "mark_price": 0.01115247, "iv": 84.31, "instrument_name": "BTC-31MAR23-80000-C", "index_price": 18869.42, "direction": "buy", "amount": 0.1}, {"trade_seq": 304, "trade_id": "219718947", "timestamp": 1655548364420, "tick_direction": 2, "price": 0.013, "mark_price": 0.01359946, "iv": 81.11, "instrument_name": "BTC-31MAR23-80000-C", "index_price": 19418.19, "direction": "sell", "amount": 5.0}, {"trade_seq": 303, "trade_id": "218989875", "timestamp": 1655298729860, "tick_direction": 0, "price": 0.015, "mark_price": 0.01490006, "iv": 78.17, "instrument_name": "BTC-31MAR23-80000-C", "index_price": 21365.52, "direction": "buy", "amount": 5.0}, {"trade_seq": 302, "trade_id": "218862946", "timestamp": 1655275865573, "tick_direction": 2, "price": 0.013, "mark_price": 0.01561613, "iv": 76.64, "instrument_name": "BTC-31MAR23-80000-C", "index_price": 21222.59, "direction": "sell", "amount": 0.2}, {"trade_seq": 301, "trade_id": "218862658", "timestamp": 1655275734130, "tick_direction": 3, "price": 0.014, "mark_price": 0.01551275, "iv": 77.67, "instrument_name": "BTC-31MAR23-80000-C", "index_price": 21187.02, "direction": "buy", "amount": 1.1}, {"trade_seq": 300, "trade_id": "218859033", "timestamp": 1655274226936, "tick_direction": 2, "price": 0.014, "mark_price": 0.01556313, "iv": 78.23, "instrument_name": "BTC-31MAR23-80000-C", "index_price": 20961.02, "direction": "sell", "amount": 18.0}, {"trade_seq": 299, "trade_id": "218859001", "timestamp": 1655274206414, "tick_direction": 1, "price": 0.017, "mark_price": 0.01523154, "iv": 80.95, "instrument_name": "BTC-31MAR23-80000-C", "index_price": 20945.85, "direction": "sell", "amount": 12.0}, {"trade_seq": 298, "trade_id": "218859000", "timestamp": 1655274206352, "tick_direction": 1, "price": 0.017, "mark_price": 0.01523154, "iv": 80.95, "instrument_name": "BTC-31MAR23-80000-C", "index_price": 20945.85, "direction": "sell", "amount": 18.0}, {"trade_seq": 297, "trade_id": "218858999", "timestamp": 1655274206339, "tick_direction": 0, "price": 0.017, "mark_price": 0.01523154, "iv": 80.95, "instrument_name": "BTC-31MAR23-80000-C", "index_price": 20945.85, "direction": "buy", "amount": 10.0}, {"trade_seq": 296, "trade_id": "218835078", "timestamp": 1655268736240, "tick_direction": 2, "price": 0.0155, "mark_price": 0.01421331, "iv": 79.13, "instrument_name": "BTC-31MAR23-80000-C", "index_price": 21169.25, "direction": "sell", "amount": 1.0}, {"trade_seq": 295, "trade_id": "218835056", "timestamp": 1655268718919, "tick_direction": 0, "price": 0.016, "mark_price": 0.01414656, "iv": 79.56, "instrument_name": "BTC-31MAR23-80000-C", "index_price": 21176.48, "direction": "sell", "amount": 1.0}, {"trade_seq": 294, "trade_id": "218765401", "timestamp": 1655239479637, "tick_direction": 0, "price": 0.015, "mark_price": 0.0143839, "iv": 77.08, "instrument_name": "BTC-31MAR23-80000-C", "index_price": 21830.48, "direction": "buy", "amount": 2.6}, {"trade_seq": 293, "trade_id": "218648168", "timestamp": 1655214454265, "tick_direction": 3, "price": 0.013, "mark_price": 0.0137395, "iv": 74.67, "instrument_name": "BTC-31MAR23-80000-C", "index_price": 22109.45, "direction": "buy", "amount": 1.0}, {"trade_seq": 292, "trade_id": "218446682", "timestamp": 1655176355520, "tick_direction": 3, "price": 0.013, "mark_price": 0.01332733, "iv": 75.51, "instrument_name": "BTC-31MAR23-80000-C", "index_price": 21618.11, "direction": "sell", "amount": 1.0}, {"trade_seq": 291, "trade_id": "218383564", "timestamp": 1655170074570, "tick_direction": 3, "price": 0.013, "mark_price": 0.01247911, "iv": 76.52, "instrument_name": "BTC-31MAR23-80000-C", "index_price": 21156.14, "direction": "buy", "amount": 7.4}, {"trade_seq": 290, "trade_id": "218380323", "timestamp": 1655169880627, "tick_direction": 3, "price": 0.013, "mark_price": 0.01270207, "iv": 75.96, "instrument_name": "BTC-31MAR23-80000-C", "index_price": 21389.8, "direction": "buy", "amount": 4.6}, {"trade_seq": 289, "trade_id": "218380322", "timestamp": 1655169880620, "tick_direction": 2, "price": 0.013, "mark_price": 0.01270207, "iv": 75.96, "instrument_name": "BTC-31MAR23-80000-C", "index_price": 21389.8, "direction": "sell", "amount": 0.4}, {"trade_seq": 288, "trade_id": "218268389", "timestamp": 1655146972730, "tick_direction": 0, "price": 0.0145, "mark_price": 0.01461762, "iv": 73.46, "instrument_name": "BTC-31MAR23-80000-C", "index_price": 23308.45, "direction": "sell", "amount": 3.8}, {"trade_seq": 287, "trade_id": "218254326", "timestamp": 1655142803100, "tick_direction": 0, "price": 0.014, "mark_price": 0.01325925, "iv": 72.77, "instrument_name": "BTC-31MAR23-80000-C", "index_price": 23406.2, "direction": "buy", "amount": 10.0}, {"trade_seq": 286, "trade_id": "218241418", "timestamp": 1655138892089, "tick_direction": 3, "price": 0.0135, "mark_price": 0.01347935, "iv": 71.66, "instrument_name": "BTC-31MAR23-80000-C", "index_price": 23735.98, "direction": "buy", "amount": 10.0}, {"trade_seq": 285, "trade_id": "218241373", "timestamp": 1655138882991, "tick_direction": 3, "price": 0.0135, "mark_price": 0.01345161, "iv": 71.68, "instrument_name": "BTC-31MAR23-80000-C", "index_price": 23724.11, "direction": "buy", "amount": 1.0}, {"trade_seq": 284, "trade_id": "218241364", "timestamp": 1655138877185, "tick_direction": 2, "price": 0.0135, "mark_price": 0.01345895, "iv": 71.66, "instrument_name": "BTC-31MAR23-80000-C", "index_price": 23735.3, "direction": "buy", "amount": 1.0}, {"trade_seq": 283, "trade_id": "218176882", "timestamp": 1655131687118, "tick_direction": 2, "price": 0.0145, "mark_price": 0.01611282, "iv": 74.23, "instrument_name": "BTC-31MAR23-80000-C", "index_price": 22926.16, "direction": "sell", "amount": 1.0}, {"trade_seq": 282, "trade_id": "218171244", "timestamp": 1655131017227, "tick_direction": 2, "price": 0.016, "mark_price": 0.01632689, "iv": 74.9, "instrument_name": "BTC-31MAR23-80000-C", "index_price": 23249.19, "direction": "sell", "amount": 2.0}, {"trade_seq": 281, "trade_id": "218150080", "timestamp": 1655128111207, "tick_direction": 0, "price": 0.017, "mark_price": 0.01662679, "iv": 74.91, "instrument_name": "BTC-31MAR23-80000-C", "index_price": 23629.77, "direction": "sell", "amount": 0.5}, {"trade_seq": 280, "trade_id": "218124483", "timestamp": 1655125647246, "tick_direction": 3, "price": 0.0165, "mark_price": 0.01668621, "iv": 74.54, "instrument_name": "BTC-31MAR23-80000-C", "index_price": 23571.04, "direction": "buy", "amount": 0.1}, {"trade_seq": 279, "trade_id": "218124480", "timestamp": 1655125647234, "tick_direction": 2, "price": 0.0165, "mark_price": 0.01668621, "iv": 74.54, "instrument_name": "BTC-31MAR23-80000-C", "index_price": 23571.04, "direction": "buy", "amount": 9.2}, {"trade_seq": 278, "trade_id": "217666492", "timestamp": 1654989531211, "tick_direction": 0, "price": 0.02, "mark_price": 0.020645, "iv": 68.16, "instrument_name": "BTC-31MAR23-80000-C", "index_price": 28464.5, "direction": "sell", "amount": 2.0}, {"trade_seq": 277, "trade_id": "217528355", "timestamp": 1654901359481, "tick_direction": 3, "price": 0.0185, "mark_price": 0.01987284, "iv": 65.83, "instrument_name": "BTC-31MAR23-80000-C", "index_price": 29126.1, "direction": "buy", "amount": 10.0}, {"trade_seq": 276, "trade_id": "217520584", "timestamp": 1654896334695, "tick_direction": 3, "price": 0.0185, "mark_price": 0.01997817, "iv": 65.8, "instrument_name": "BTC-31MAR23-80000-C", "index_price": 29137.49, "direction": "buy", "amount": 2.5}, {"trade_seq": 275, "trade_id": "217520583", "timestamp": 1654896334672, "tick_direction": 2, "price": 0.0185, "mark_price": 0.01997817, "iv": 65.8, "instrument_name": "BTC-31MAR23-80000-C", "index_price": 29137.49, "direction": "sell", "amount": 7.5}, {"trade_seq": 274, "trade_id": "217508847", "timestamp": 1654887991528, "tick_direction": 2, "price": 0.019, "mark_price": 0.01934336, "iv": 66.5, "instrument_name": "BTC-31MAR23-80000-C", "index_price": 28937.73, "direction": "buy", "amount": 1.0}, {"trade_seq": 273, "trade_id": "217312941", "timestamp": 1654807280328, "tick_direction": 2, "price": 0.0195, "mark_price": 0.01972782, "iv": 64.97, "instrument_name": "BTC-31MAR23-80000-C", "index_price": 30087.09, "direction": "sell", "amount": 17.0}, {"trade_seq": 272, "trade_id": "217285377", "timestamp": 1654782665944, "tick_direction": 0, "price": 0.02, "mark_price": 0.01943296, "iv": 65.21, "instrument_name": "BTC-31MAR23-80000-C", "index_price": 30135.54, "direction": "buy", "amount": 15.0}, {"trade_seq": 271, "trade_id": "217255465", "timestamp": 1654759827853, "tick_direction": 3, "price": 0.0185, "mark_price": 0.02004351, "iv": 63.71, "instrument_name": "BTC-31MAR23-80000-C", "index_price": 30385.02, "direction": "sell", "amount": 10.0}, {"trade_seq": 270, "trade_id": "217255464", "timestamp": 1654759827853, "tick_direction": 3, "price": 0.0185, "mark_price": 0.02004351, "iv": 63.71, "instrument_name": "BTC-31MAR23-80000-C", "index_price": 30385.02, "direction": "sell", "amount": 4.9}, {"trade_seq": 269, "trade_id": "217255463", "timestamp": 1654759827853, "tick_direction": 2, "price": 0.0185, "mark_price": 0.02004351, "iv": 63.71, "instrument_name": "BTC-31MAR23-80000-C", "index_price": 30385.02, "direction": "sell", "amount": 19.0}, {"trade_seq": 268, "trade_id": "217241379", "timestamp": 1654727261498, "tick_direction": 3, "price": 0.019, "mark_price": 0.02017818, "iv": 64.14, "instrument_name": "BTC-31MAR23-80000-C", "index_price": 30311.03, "direction": "buy", "amount": 4.9}, {"trade_seq": 267, "trade_id": "217241378", "timestamp": 1654727261486, "tick_direction": 3, "price": 0.019, "mark_price": 0.02017818, "iv": 64.14, "instrument_name": "BTC-31MAR23-80000-C", "index_price": 30311.03, "direction": "sell", "amount": 0.1}, {"trade_seq": 266, "trade_id": "217241377", "timestamp": 1654727254360, "tick_direction": 3, "price": 0.019, "mark_price": 0.02018434, "iv": 64.14, "instrument_name": "BTC-31MAR23-80000-C", "index_price": 30310.22, "direction": "sell", "amount": 5.7}, {"trade_seq": 265, "trade_id": "217241375", "timestamp": 1654727245555, "tick_direction": 3, "price": 0.019, "mark_price": 0.0201728, "iv": 64.14, "instrument_name": "BTC-31MAR23-80000-C", "index_price": 30303.77, "direction": "sell", "amount": 17.0}, {"trade_seq": 264, "trade_id": "217241373", "timestamp": 1654727215170, "tick_direction": 2, "price": 0.019, "mark_price": 0.02017041, "iv": 64.14, "instrument_name": "BTC-31MAR23-80000-C", "index_price": 30303.44, "direction": "sell", "amount": 17.0}, {"trade_seq": 263, "trade_id": "217237756", "timestamp": 1654719839231, "tick_direction": 3, "price": 0.0195, "mark_price": 0.0209882, "iv": 64.63, "instrument_name": "BTC-31MAR23-80000-C", "index_price": 30168.84, "direction": "sell", "amount": 7.5}, {"trade_seq": 262, "trade_id": "217237755", "timestamp": 1654719839231, "tick_direction": 2, "price": 0.0195, "mark_price": 0.0209882, "iv": 64.63, "instrument_name": "BTC-31MAR23-80000-C", "index_price": 30168.84, "direction": "sell", "amount": 18.0}, {"trade_seq": 261, "trade_id": "217091694", "timestamp": 1654636728041, "tick_direction": 0, "price": 0.0235, "mark_price": 0.02209307, "iv": 65.04, "instrument_name": "BTC-31MAR23-80000-C", "index_price": 31479.49, "direction": "buy", "amount": 3.2}, {"trade_seq": 260, "trade_id": "217050422", "timestamp": 1654622514845, "tick_direction": 2, "price": 0.019, "mark_price": 0.02010693, "iv": 64.57, "instrument_name": "BTC-31MAR23-80000-C", "index_price": 29934.89, "direction": "sell", "amount": 7.5}, {"trade_seq": 259, "trade_id": "217050114", "timestamp": 1654621821545, "tick_direction": 1, "price": 0.0205, "mark_price": 0.02002604, "iv": 65.66, "instrument_name": "BTC-31MAR23-80000-C", "index_price": 29897.73, "direction": "buy", "amount": 2.0}, {"trade_seq": 258, "trade_id": "217050113", "timestamp": 1654621821545, "tick_direction": 0, "price": 0.0205, "mark_price": 0.02002604, "iv": 65.66, "instrument_name": "BTC-31MAR23-80000-C", "index_price": 29897.73, "direction": "buy", "amount": 2.0}, {"trade_seq": 257, "trade_id": "217031274", "timestamp": 1654605045703, "tick_direction": 3, "price": 0.0185, "mark_price": 0.01973887, "iv": 65.02, "instrument_name": "BTC-31MAR23-80000-C", "index_price": 29417.03, "direction": "sell", "amount": 7.5}, {"trade_seq": 256, "trade_id": "217031264", "timestamp": 1654605039607, "tick_direction": 3, "price": 0.0185, "mark_price": 0.01973874, "iv": 65.02, "instrument_name": "BTC-31MAR23-80000-C", "index_price": 29417.33, "direction": "sell", "amount": 17.0}, {"trade_seq": 255, "trade_id": "217031254", "timestamp": 1654605032688, "tick_direction": 3, "price": 0.0185, "mark_price": 0.01974352, "iv": 65.01, "instrument_name": "BTC-31MAR23-80000-C", "index_price": 29420.28, "direction": "sell", "amount": 10.0}, {"trade_seq": 254, "trade_id": "217031253", "timestamp": 1654605032688, "tick_direction": 2, "price": 0.0185, "mark_price": 0.01974352, "iv": 65.01, "instrument_name": "BTC-31MAR23-80000-C", "index_price": 29420.28, "direction": "sell", "amount": 7.5}, {"trade_seq": 253, "trade_id": "217019778", "timestamp": 1654590626905, "tick_direction": 2, "price": 0.0195, "mark_price": 0.02025783, "iv": 65.37, "instrument_name": "BTC-31MAR23-80000-C", "index_price": 29612.41, "direction": "sell", "amount": 7.5}, {"trade_seq": 252, "trade_id": "216860874", "timestamp": 1654494335817, "tick_direction": 0, "price": 0.0225, "mark_price": 0.0225443, "iv": 64.59, "instrument_name": "BTC-31MAR23-80000-C", "index_price": 31211.52, "direction": "buy", "amount": 5.0}, {"trade_seq": 251, "trade_id": "216827164", "timestamp": 1654475632372, "tick_direction": 1, "price": 0.0205, "mark_price": 0.02197679, "iv": 65.09, "instrument_name": "BTC-31MAR23-80000-C", "index_price": 30038.88, "direction": "sell", "amount": 4.8}, {"trade_seq": 250, "trade_id": "216827163", "timestamp": 1654475632372, "tick_direction": 0, "price": 0.0205, "mark_price": 0.02197679, "iv": 65.09, "instrument_name": "BTC-31MAR23-80000-C", "index_price": 30038.88, "direction": "sell", "amount": 20.0}, {"trade_seq": 249, "trade_id": "216799865", "timestamp": 1654437592877, "tick_direction": 0, "price": 0.02, "mark_price": 0.02178299, "iv": 65.38, "instrument_name": "BTC-31MAR23-80000-C", "index_price": 29621.26, "direction": "sell", "amount": 1.0}, {"trade_seq": 248, "trade_id": "216785105", "timestamp": 1654402234483, "tick_direction": 2, "price": 0.0195, "mark_price": 0.02196571, "iv": 64.96, "instrument_name": "BTC-31MAR23-80000-C", "index_price": 29689.84, "direction": "sell", "amount": 1.0}, {"trade_seq": 247, "trade_id": "216741742", "timestamp": 1654293963728, "tick_direction": 1, "price": 0.02, "mark_price": 0.01956506, "iv": 64.91, "instrument_name": "BTC-31MAR23-80000-C", "index_price": 29820.39, "direction": "buy", "amount": 1.0}, {"trade_seq": 246, "trade_id": "216741730", "timestamp": 1654293958084, "tick_direction": 1, "price": 0.02, "mark_price": 0.01954833, "iv": 64.92, "instrument_name": "BTC-31MAR23-80000-C", "index_price": 29812.06, "direction": "buy", "amount": 1.0}, {"trade_seq": 245, "trade_id": "216741474", "timestamp": 1654293476374, "tick_direction": 1, "price": 0.02, "mark_price": 0.01954964, "iv": 64.96, "instrument_name": "BTC-31MAR23-80000-C", "index_price": 29770.71, "direction": "buy", "amount": 1.0}, {"trade_seq": 244, "trade_id": "216741440", "timestamp": 1654293463785, "tick_direction": 1, "price": 0.02, "mark_price": 0.01954796, "iv": 64.96, "instrument_name": "BTC-31MAR23-80000-C", "index_price": 29777.09, "direction": "buy", "amount": 1.0}, {"trade_seq": 243, "trade_id": "216741356", "timestamp": 1654293427086, "tick_direction": 1, "price": 0.02, "mark_price": 0.01963967, "iv": 64.91, "instrument_name": "BTC-31MAR23-80000-C", "index_price": 29814.58, "direction": "buy", "amount": 1.0}, {"trade_seq": 242, "trade_id": "216741330", "timestamp": 1654293392482, "tick_direction": 0, "price": 0.02, "mark_price": 0.01963815, "iv": 64.91, "instrument_name": "BTC-31MAR23-80000-C", "index_price": 29817.13, "direction": "buy", "amount": 1.0}, {"trade_seq": 241, "trade_id": "216716242", "timestamp": 1654265672110, "tick_direction": 2, "price": 0.0195, "mark_price": 0.02052814, "iv": 64.76, "instrument_name": "BTC-31MAR23-80000-C", "index_price": 29635.41, "direction": "sell", "amount": 7.5}, {"trade_seq": 240, "trade_id": "216617849", "timestamp": 1654195407859, "tick_direction": 1, "price": 0.022, "mark_price": 0.02093922, "iv": 65.43, "instrument_name": "BTC-31MAR23-80000-C", "index_price": 30190.59, "direction": "sell", "amount": 0.7}, {"trade_seq": 239, "trade_id": "216617484", "timestamp": 1654194365031, "tick_direction": 1, "price": 0.022, "mark_price": 0.02104779, "iv": 65.35, "instrument_name": "BTC-31MAR23-80000-C", "index_price": 30250.49, "direction": "sell", "amount": 9.3}, {"trade_seq": 238, "trade_id": "216617095", "timestamp": 1654193682152, "tick_direction": 0, "price": 0.022, "mark_price": 0.02093658, "iv": 65.39, "instrument_name": "BTC-31MAR23-80000-C", "index_price": 30248.25, "direction": "sell", "amount": 10.0}, {"trade_seq": 237, "trade_id": "216609781", "timestamp": 1654184989843, "tick_direction": 1, "price": 0.0215, "mark_price": 0.02094862, "iv": 64.97, "instrument_name": "BTC-31MAR23-80000-C", "index_price": 30302.65, "direction": "sell", "amount": 2.7}, {"trade_seq": 236, "trade_id": "216609743", "timestamp": 1654184938713, "tick_direction": 0, "price": 0.0215, "mark_price": 0.02089033, "iv": 64.99, "instrument_name": "BTC-31MAR23-80000-C", "index_price": 30294.27, "direction": "sell", "amount": 5.3}, {"trade_seq": 235, "trade_id": "216584532", "timestamp": 1654176873813, "tick_direction": 2, "price": 0.019, "mark_price": 0.02041189, "iv": 64.22, "instrument_name": "BTC-31MAR23-80000-C", "index_price": 29742.13, "direction": "sell", "amount": 8.0}, {"trade_seq": 234, "trade_id": "216565514", "timestamp": 1654160284757, "tick_direction": 2, "price": 0.02, "mark_price": 0.02116619, "iv": 64.46, "instrument_name": "BTC-31MAR23-80000-C", "index_price": 29936.07, "direction": "sell", "amount": 17.0}, {"trade_seq": 233, "trade_id": "216505674", "timestamp": 1654109869183, "tick_direction": 2, "price": 0.023, "mark_price": 0.02228157, "iv": 65.97, "instrument_name": "BTC-31MAR23-80000-C", "index_price": 30134.44, "direction": "sell", "amount": 1.0}, {"trade_seq": 232, "trade_id": "216504232", "timestamp": 1654108859918, "tick_direction": 3, "price": 0.0235, "mark_price": 0.02286994, "iv": 66.02, "instrument_name": "BTC-31MAR23-80000-C", "index_price": 30337.29, "direction": "sell", "amount": 1.0}, {"trade_seq": 231, "trade_id": "216504212", "timestamp": 1654108829697, "tick_direction": 3, "price": 0.0235, "mark_price": 0.02289715, "iv": 66.03, "instrument_name": "BTC-31MAR23-80000-C", "index_price": 30330.93, "direction": "sell", "amount": 1.0}, {"trade_seq": 230, "trade_id": "216504181", "timestamp": 1654108808357, "tick_direction": 3, "price": 0.0235, "mark_price": 0.02293888, "iv": 66.02, "instrument_name": "BTC-31MAR23-80000-C", "index_price": 30334.97, "direction": "sell", "amount": 1.0}, {"trade_seq": 229, "trade_id": "216504177", "timestamp": 1654108798418, "tick_direction": 2, "price": 0.0235, "mark_price": 0.02294437, "iv": 66.02, "instrument_name": "BTC-31MAR23-80000-C", "index_price": 30330.91, "direction": "sell", "amount": 1.0}, {"trade_seq": 228, "trade_id": "216499192", "timestamp": 1654106375791, "tick_direction": 0, "price": 0.024, "mark_price": 0.02283382, "iv": 66.69, "instrument_name": "BTC-31MAR23-80000-C", "index_price": 30137.06, "direction": "sell", "amount": 0.2}, {"trade_seq": 227, "trade_id": "216487857", "timestamp": 1654102642665, "tick_direction": 2, "price": 0.023, "mark_price": 0.02396648, "iv": 65.71, "instrument_name": "BTC-31MAR23-80000-C", "index_price": 30403.19, "direction": "sell", "amount": 7.5}, {"trade_seq": 226, "trade_id": "216487684", "timestamp": 1654102587898, "tick_direction": 1, "price": 0.0245, "mark_price": 0.02397125, "iv": 66.64, "instrument_name": "BTC-31MAR23-80000-C", "index_price": 30390.07, "direction": "buy", "amount": 2.0}, {"trade_seq": 225, "trade_id": "216487683", "timestamp": 1654102587898, "tick_direction": 0, "price": 0.0245, "mark_price": 0.02397125, "iv": 66.64, "instrument_name": "BTC-31MAR23-80000-C", "index_price": 30390.07, "direction": "buy", "amount": 2.0}, {"trade_seq": 224, "trade_id": "216486724", "timestamp": 1654102300696, "tick_direction": 2, "price": 0.0235, "mark_price": 0.02405234, "iv": 66.09, "instrument_name": "BTC-31MAR23-80000-C", "index_price": 30322.22, "direction": "buy", "amount": 7.5}, {"trade_seq": 223, "trade_id": "216405650", "timestamp": 1654041745083, "tick_direction": 1, "price": 0.0275, "mark_price": 0.02643828, "iv": 65.94, "instrument_name": "BTC-31MAR23-80000-C", "index_price": 31804.64, "direction": "buy", "block_trade_id": "40425", "amount": 100.0}, {"trade_seq": 222, "trade_id": "216404833", "timestamp": 1654041083072, "tick_direction": 0, "price": 0.0275, "mark_price": 0.02632483, "iv": 65.93, "instrument_name": "BTC-31MAR23-80000-C", "index_price": 31843.04, "direction": "buy", "block_trade_id": "40424", "amount": 40.0}, {"trade_seq": 221, "trade_id": "216404814", "timestamp": 1654040794969, "tick_direction": 0, "price": 0.027, "mark_price": 0.0262397, "iv": 65.66, "instrument_name": "BTC-31MAR23-80000-C", "index_price": 31835.86, "direction": "sell", "amount": 6.0}, {"trade_seq": 220, "trade_id": "216172072", "timestamp": 1653926991119, "tick_direction": 3, "price": 0.0245, "mark_price": 0.02527342, "iv": 66.04, "instrument_name": "BTC-31MAR23-80000-C", "index_price": 30634.42, "direction": "buy", "amount": 8.0}, {"trade_seq": 219, "trade_id": "216172071", "timestamp": 1653926991109, "tick_direction": 3, "price": 0.0245, "mark_price": 0.02527342, "iv": 66.04, "instrument_name": "BTC-31MAR23-80000-C", "index_price": 30634.42, "direction": "sell", "amount": 1.0}, {"trade_seq": 218, "trade_id": "216172070", "timestamp": 1653926991109, "tick_direction": 2, "price": 0.0245, "mark_price": 0.02527342, "iv": 66.04, "instrument_name": "BTC-31MAR23-80000-C", "index_price": 30634.42, "direction": "sell", "amount": 1.0}, {"trade_seq": 217, "trade_id": "216172040", "timestamp": 1653926908812, "tick_direction": 1, "price": 0.0255, "mark_price": 0.02526352, "iv": 66.63, "instrument_name": "BTC-31MAR23-80000-C", "index_price": 30632.16, "direction": "buy", "amount": 1.0}, {"trade_seq": 216, "trade_id": "216172039", "timestamp": 1653926908812, "tick_direction": 1, "price": 0.0255, "mark_price": 0.02526352, "iv": 66.63, "instrument_name": "BTC-31MAR23-80000-C", "index_price": 30632.16, "direction": "buy", "amount": 3.0}, {"trade_seq": 215, "trade_id": "216172038", "timestamp": 1653926908812, "tick_direction": 0, "price": 0.0255, "mark_price": 0.02526352, "iv": 66.63, "instrument_name": "BTC-31MAR23-80000-C", "index_price": 30632.16, "direction": "buy", "amount": 2.0}, {"trade_seq": 214, "trade_id": "216171717", "timestamp": 1653926742198, "tick_direction": 3, "price": 0.025, "mark_price": 0.02532118, "iv": 66.32, "instrument_name": "BTC-31MAR23-80000-C", "index_price": 30611.31, "direction": "buy", "amount": 5.0}, {"trade_seq": 213, "trade_id": "216077497", "timestamp": 1653873892708, "tick_direction": 3, "price": 0.025, "mark_price": 0.0255077, "iv": 68.25, "instrument_name": "BTC-31MAR23-80000-C", "index_price": 29407.64, "direction": "sell", "amount": 1.0}, {"trade_seq": 212, "trade_id": "216077496", "timestamp": 1653873892708, "tick_direction": 3, "price": 0.025, "mark_price": 0.0255077, "iv": 68.25, "instrument_name": "BTC-31MAR23-80000-C", "index_price": 29407.64, "direction": "sell", "amount": 1.0}, {"trade_seq": 211, "trade_id": "216077495", "timestamp": 1653873892708, "tick_direction": 3, "price": 0.025, "mark_price": 0.0255077, "iv": 68.25, "instrument_name": "BTC-31MAR23-80000-C", "index_price": 29407.64, "direction": "sell", "amount": 1.0}, {"trade_seq": 210, "trade_id": "216077494", "timestamp": 1653873892708, "tick_direction": 2, "price": 0.025, "mark_price": 0.0255077, "iv": 68.25, "instrument_name": "BTC-31MAR23-80000-C", "index_price": 29407.64, "direction": "sell", "amount": 1.0}, {"trade_seq": 209, "trade_id": "216045845", "timestamp": 1653836890465, "tick_direction": 0, "price": 0.026, "mark_price": 0.02571016, "iv": 69.14, "instrument_name": "BTC-31MAR23-80000-C", "index_price": 29219.05, "direction": "sell", "amount": 0.2}, {"trade_seq": 208, "trade_id": "216041929", "timestamp": 1653832295696, "tick_direction": 1, "price": 0.025, "mark_price": 0.02610961, "iv": 68.33, "instrument_name": "BTC-31MAR23-80000-C", "index_price": 29319.42, "direction": "sell", "amount": 1.0}, {"trade_seq": 207, "trade_id": "216041928", "timestamp": 1653832293753, "tick_direction": 1, "price": 0.025, "mark_price": 0.02610913, "iv": 68.33, "instrument_name": "BTC-31MAR23-80000-C", "index_price": 29319.67, "direction": "sell", "amount": 1.0}, {"trade_seq": 206, "trade_id": "216041927", "timestamp": 1653832290924, "tick_direction": 1, "price": 0.025, "mark_price": 0.02610828, "iv": 68.33, "instrument_name": "BTC-31MAR23-80000-C", "index_price": 29319.7, "direction": "sell", "amount": 1.0}, {"trade_seq": 205, "trade_id": "216041921", "timestamp": 1653832277147, "tick_direction": 1, "price": 0.025, "mark_price": 0.02612928, "iv": 68.33, "instrument_name": "BTC-31MAR23-80000-C", "index_price": 29323.21, "direction": "sell", "amount": 1.0}, {"trade_seq": 204, "trade_id": "216041050", "timestamp": 1653830837854, "tick_direction": 1, "price": 0.025, "mark_price": 0.02583814, "iv": 68.34, "instrument_name": "BTC-31MAR23-80000-C", "index_price": 29322.29, "direction": "sell", "amount": 1.0}, {"trade_seq": 203, "trade_id": "216041049", "timestamp": 1653830834522, "tick_direction": 1, "price": 0.025, "mark_price": 0.02583566, "iv": 68.34, "instrument_name": "BTC-31MAR23-80000-C", "index_price": 29322.5, "direction": "sell", "amount": 1.0}, {"trade_seq": 202, "trade_id": "216041048", "timestamp": 1653830828819, "tick_direction": 1, "price": 0.025, "mark_price": 0.02583348, "iv": 68.34, "instrument_name": "BTC-31MAR23-80000-C", "index_price": 29322.45, "direction": "sell", "amount": 1.0}, {"trade_seq": 201, "trade_id": "216041026", "timestamp": 1653830806339, "tick_direction": 0, "price": 0.025, "mark_price": 0.02578844, "iv": 68.35, "instrument_name": "BTC-31MAR23-80000-C", "index_price": 29316.54, "direction": "sell", "amount": 1.0}, {"trade_seq": 200, "trade_id": "215930538", "timestamp": 1653673919743, "tick_direction": 1, "price": 0.0235, "mark_price": 0.02433073, "iv": 68.72, "instrument_name": "BTC-31MAR23-80000-C", "index_price": 28446.65, "direction": "buy", "amount": 2.0}, {"trade_seq": 199, "trade_id": "215930537", "timestamp": 1653673919743, "tick_direction": 0, "price": 0.0235, "mark_price": 0.02433073, "iv": 68.72, "instrument_name": "BTC-31MAR23-80000-C", "index_price": 28446.65, "direction": "buy", "amount": 2.0}, {"trade_seq": 198, "trade_id": "215930339", "timestamp": 1653673795761, "tick_direction": 3, "price": 0.023, "mark_price": 0.02439752, "iv": 68.48, "instrument_name": "BTC-31MAR23-80000-C", "index_price": 28394.56, "direction": "buy", "amount": 8.0}, {"trade_seq": 197, "trade_id": "215930338", "timestamp": 1653673795758, "tick_direction": 2, "price": 0.023, "mark_price": 0.02439752, "iv": 68.48, "instrument_name": "BTC-31MAR23-80000-C", "index_price": 28394.56, "direction": "sell", "amount": 0.5}, {"trade_seq": 196, "trade_id": "215930330", "timestamp": 1653673790486, "tick_direction": 2, "price": 0.0235, "mark_price": 0.02440187, "iv": 68.79, "instrument_name": "BTC-31MAR23-80000-C", "index_price": 28394.54, "direction": "buy", "amount": 0.6}, {"trade_seq": 195, "trade_id": "215890150", "timestamp": 1653655537668, "tick_direction": 0, "price": 0.027, "mark_price": 0.02635213, "iv": 69.53, "instrument_name": "BTC-31MAR23-80000-C", "index_price": 29195.38, "direction": "buy", "amount": 20.0}, {"trade_seq": 194, "trade_id": "215736628", "timestamp": 1653572285077, "tick_direction": 2, "price": 0.0265, "mark_price": 0.02664622, "iv": 70.69, "instrument_name": "BTC-31MAR23-80000-C", "index_price": 28373.25, "direction": "sell", "amount": 0.6}, {"trade_seq": 193, "trade_id": "215713685", "timestamp": 1653569683746, "tick_direction": 1, "price": 0.027, "mark_price": 0.02574224, "iv": 70.06, "instrument_name": "BTC-31MAR23-80000-C", "index_price": 28911.22, "direction": "buy", "amount": 8.0}, {"trade_seq": 192, "trade_id": "215713684", "timestamp": 1653569683746, "tick_direction": 1, "price": 0.027, "mark_price": 0.02574224, "iv": 70.06, "instrument_name": "BTC-31MAR23-80000-C", "index_price": 28911.22, "direction": "buy", "amount": 0.8}, {"trade_seq": 191, "trade_id": "215519313", "timestamp": 1653407357351, "tick_direction": 0, "price": 0.027, "mark_price": 0.02696612, "iv": 68.63, "instrument_name": "BTC-31MAR23-80000-C", "index_price": 29552.53, "direction": "sell", "amount": 1.0}, {"trade_seq": 190, "trade_id": "215496562", "timestamp": 1653399447432, "tick_direction": 3, "price": 0.025, "mark_price": 0.02513064, "iv": 68.02, "instrument_name": "BTC-31MAR23-80000-C", "index_price": 29208.48, "direction": "sell", "amount": 5.0}, {"trade_seq": 189, "trade_id": "215464080", "timestamp": 1653359446339, "tick_direction": 3, "price": 0.025, "mark_price": 0.02596167, "iv": 68.01, "instrument_name": "BTC-31MAR23-80000-C", "index_price": 29206.8, "direction": "sell", "amount": 6.0}, {"trade_seq": 188, "trade_id": "215464079", "timestamp": 1653359446339, "tick_direction": 2, "price": 0.025, "mark_price": 0.02596167, "iv": 68.01, "instrument_name": "BTC-31MAR23-80000-C", "index_price": 29206.8, "direction": "sell", "amount": 2.5}, {"trade_seq": 187, "trade_id": "215463846", "timestamp": 1653359357933, "tick_direction": 3, "price": 0.026, "mark_price": 0.02597986, "iv": 68.58, "instrument_name": "BTC-31MAR23-80000-C", "index_price": 29218.25, "direction": "buy", "amount": 1.0}, {"trade_seq": 186, "trade_id": "215463845", "timestamp": 1653359357933, "tick_direction": 3, "price": 0.026, "mark_price": 0.02597986, "iv": 68.58, "instrument_name": "BTC-31MAR23-80000-C", "index_price": 29218.25, "direction": "buy", "amount": 1.0}, {"trade_seq": 185, "trade_id": "215431180", "timestamp": 1653333971353, "tick_direction": 2, "price": 0.026, "mark_price": 0.02707199, "iv": 68.51, "instrument_name": "BTC-31MAR23-80000-C", "index_price": 29197.13, "direction": "sell", "amount": 0.9}, {"trade_seq": 184, "trade_id": "215374656", "timestamp": 1653300883114, "tick_direction": 0, "price": 0.0295, "mark_price": 0.02911587, "iv": 68.32, "instrument_name": "BTC-31MAR23-80000-C", "index_price": 30484.18, "direction": "buy", "amount": 1.0}, {"trade_seq": 183, "trade_id": "215372910", "timestamp": 1653299024521, "tick_direction": 0, "price": 0.029, "mark_price": 0.0288602, "iv": 68.23, "instrument_name": "BTC-31MAR23-80000-C", "index_price": 30375.77, "direction": "sell", "amount": 1.0}, {"trade_seq": 182, "trade_id": "215330211", "timestamp": 1653246249659, "tick_direction": 2, "price": 0.0275, "mark_price": 0.02992585, "iv": 67.96, "instrument_name": "BTC-31MAR23-80000-C", "index_price": 30025.88, "direction": "sell", "amount": 8.0}, {"trade_seq": 181, "trade_id": "215175635", "timestamp": 1653062390084, "tick_direction": 2, "price": 0.0285, "mark_price": 0.02761517, "iv": 69.72, "instrument_name": "BTC-31MAR23-80000-C", "index_price": 29106.02, "direction": "sell", "amount": 1.0}, {"trade_seq": 180, "trade_id": "215092583", "timestamp": 1653019494086, "tick_direction": 1, "price": 0.0305, "mark_price": 0.02915031, "iv": 68.98, "instrument_name": "BTC-31MAR23-80000-C", "index_price": 30182.53, "direction": "sell", "amount": 0.1}, {"trade_seq": 179, "trade_id": "215092582", "timestamp": 1653019494083, "tick_direction": 0, "price": 0.0305, "mark_price": 0.02915031, "iv": 68.98, "instrument_name": "BTC-31MAR23-80000-C", "index_price": 30182.53, "direction": "buy", "amount": 0.9}, {"trade_seq": 178, "trade_id": "215089482", "timestamp": 1653015341256, "tick_direction": 3, "price": 0.03, "mark_price": 0.02963209, "iv": 68.46, "instrument_name": "BTC-31MAR23-80000-C", "index_price": 30287.13, "direction": "buy", "amount": 2.0}, {"trade_seq": 177, "trade_id": "215089481", "timestamp": 1653015341256, "tick_direction": 2, "price": 0.03, "mark_price": 0.02963209, "iv": 68.46, "instrument_name": "BTC-31MAR23-80000-C", "index_price": 30287.13, "direction": "buy", "amount": 2.0}, {"trade_seq": 176, "trade_id": "215029685", "timestamp": 1652975252286, "tick_direction": 0, "price": 0.0315, "mark_price": 0.03128087, "iv": 69.06, "instrument_name": "BTC-31MAR23-80000-C", "index_price": 30391.33, "direction": "buy", "amount": 5.0}, {"trade_seq": 175, "trade_id": "214995190", "timestamp": 1652963392333, "tick_direction": 0, "price": 0.0285, "mark_price": 0.02851755, "iv": 68.89, "instrument_name": "BTC-31MAR23-80000-C", "index_price": 29535.24, "direction": "sell", "amount": 1.5}, {"trade_seq": 174, "trade_id": "214966361", "timestamp": 1652946342397, "tick_direction": 3, "price": 0.0275, "mark_price": 0.02890994, "iv": 69.03, "instrument_name": "BTC-31MAR23-80000-C", "index_price": 29108.89, "direction": "sell", "amount": 7.0}, {"trade_seq": 173, "trade_id": "214966360", "timestamp": 1652946342397, "tick_direction": 2, "price": 0.0275, "mark_price": 0.02890994, "iv": 69.03, "instrument_name": "BTC-31MAR23-80000-C", "index_price": 29108.89, "direction": "sell", "amount": 15.0}, {"trade_seq": 172, "trade_id": "214899039", "timestamp": 1652910698938, "tick_direction": 3, "price": 0.029, "mark_price": 0.03033841, "iv": 69.66, "instrument_name": "BTC-31MAR23-80000-C", "index_price": 29172.02, "direction": "buy", "amount": 1.4}, {"trade_seq": 171, "trade_id": "214898944", "timestamp": 1652910500738, "tick_direction": 3, "price": 0.029, "mark_price": 0.03053015, "iv": 69.68, "instrument_name": "BTC-31MAR23-80000-C", "index_price": 29162.77, "direction": "buy", "amount": 8.9}, {"trade_seq": 170, "trade_id": "214898943", "timestamp": 1652910500736, "tick_direction": 3, "price": 0.029, "mark_price": 0.03053015, "iv": 69.68, "instrument_name": "BTC-31MAR23-80000-C", "index_price": 29162.77, "direction": "buy", "amount": 13.5}, {"trade_seq": 169, "trade_id": "214898220", "timestamp": 1652909696593, "tick_direction": 2, "price": 0.029, "mark_price": 0.03090338, "iv": 69.68, "instrument_name": "BTC-31MAR23-80000-C", "index_price": 29142.37, "direction": "buy", "amount": 10.0}, {"trade_seq": 168, "trade_id": "214858184", "timestamp": 1652889679711, "tick_direction": 3, "price": 0.0295, "mark_price": 0.02770624, "iv": 70.37, "instrument_name": "BTC-31MAR23-80000-C", "index_price": 28917.94, "direction": "buy", "amount": 8.0}, {"trade_seq": 167, "trade_id": "214858183", "timestamp": 1652889679711, "tick_direction": 2, "price": 0.0295, "mark_price": 0.02770624, "iv": 70.37, "instrument_name": "BTC-31MAR23-80000-C", "index_price": 28917.94, "direction": "buy", "amount": 1.8}, {"trade_seq": 166, "trade_id": "214791123", "timestamp": 1652837068426, "tick_direction": 3, "price": 0.03, "mark_price": 0.03022404, "iv": 68.04, "instrument_name": "BTC-31MAR23-80000-C", "index_price": 30384.33, "direction": "sell", "amount": 0.7}, {"trade_seq": 165, "trade_id": "214791019", "timestamp": 1652836625122, "tick_direction": 3, "price": 0.03, "mark_price": 0.03035631, "iv": 68.03, "instrument_name": "BTC-31MAR23-80000-C", "index_price": 30389.57, "direction": "sell", "amount": 1.8}, {"trade_seq": 164, "trade_id": "214790731", "timestamp": 1652836034924, "tick_direction": 3, "price": 0.03, "mark_price": 0.0304914, "iv": 68.03, "instrument_name": "BTC-31MAR23-80000-C", "index_price": 30385.05, "direction": "sell", "amount": 1.9}, {"trade_seq": 163, "trade_id": "214790560", "timestamp": 1652836017704, "tick_direction": 3, "price": 0.03, "mark_price": 0.03056848, "iv": 68.0, "instrument_name": "BTC-31MAR23-80000-C", "index_price": 30412.42, "direction": "sell", "amount": 1.9}, {"trade_seq": 162, "trade_id": "214790411", "timestamp": 1652835983961, "tick_direction": 3, "price": 0.03, "mark_price": 0.03057041, "iv": 67.99, "instrument_name": "BTC-31MAR23-80000-C", "index_price": 30429.36, "direction": "sell", "amount": 0.1}, {"trade_seq": 161, "trade_id": "214790408", "timestamp": 1652835983920, "tick_direction": 3, "price": 0.03, "mark_price": 0.03057041, "iv": 67.99, "instrument_name": "BTC-31MAR23-80000-C", "index_price": 30429.36, "direction": "sell", "amount": 1.8}, {"trade_seq": 160, "trade_id": "214790271", "timestamp": 1652835766149, "tick_direction": 2, "price": 0.03, "mark_price": 0.03063683, "iv": 67.94, "instrument_name": "BTC-31MAR23-80000-C", "index_price": 30440.0, "direction": "sell", "amount": 1.8}, {"trade_seq": 159, "trade_id": "214786274", "timestamp": 1652829989713, "tick_direction": 2, "price": 0.0305, "mark_price": 0.03177742, "iv": 68.11, "instrument_name": "BTC-31MAR23-80000-C", "index_price": 30496.95, "direction": "sell", "amount": 3.0}, {"trade_seq": 158, "trade_id": "214785727", "timestamp": 1652829108712, "tick_direction": 3, "price": 0.032, "mark_price": 0.032864, "iv": 68.98, "instrument_name": "BTC-31MAR23-80000-C", "index_price": 30465.75, "direction": "buy", "amount": 1.0}, {"trade_seq": 157, "trade_id": "214785726", "timestamp": 1652829108112, "tick_direction": 3, "price": 0.032, "mark_price": 0.032864, "iv": 68.98, "instrument_name": "BTC-31MAR23-80000-C", "index_price": 30465.75, "direction": "sell", "amount": 1.0}, {"trade_seq": 156, "trade_id": "214672362", "timestamp": 1652719470451, "tick_direction": 3, "price": 0.032, "mark_price": 0.03198285, "iv": 70.89, "instrument_name": "BTC-31MAR23-80000-C", "index_price": 29218.43, "direction": "sell", "amount": 0.8}, {"trade_seq": 155, "trade_id": "214669167", "timestamp": 1652717730173, "tick_direction": 3, "price": 0.032, "mark_price": 0.03241973, "iv": 70.74, "instrument_name": "BTC-31MAR23-80000-C", "index_price": 29331.11, "direction": "sell", "amount": 0.1}, {"trade_seq": 154, "trade_id": "214669165", "timestamp": 1652717730157, "tick_direction": 3, "price": 0.032, "mark_price": 0.03241973, "iv": 70.74, "instrument_name": "BTC-31MAR23-80000-C", "index_price": 29331.11, "direction": "sell", "amount": 2.3}, {"trade_seq": 153, "trade_id": "214665545", "timestamp": 1652715847974, "tick_direction": 2, "price": 0.032, "mark_price": 0.03260816, "iv": 70.73, "instrument_name": "BTC-31MAR23-80000-C", "index_price": 29311.75, "direction": "sell", "amount": 2.0}, {"trade_seq": 152, "trade_id": "214516980", "timestamp": 1652602437266, "tick_direction": 0, "price": 0.033, "mark_price": 0.03315551, "iv": 70.5, "instrument_name": "BTC-31MAR23-80000-C", "index_price": 29705.66, "direction": "buy", "amount": 0.2}, {"trade_seq": 151, "trade_id": "214516945", "timestamp": 1652602398129, "tick_direction": 1, "price": 0.0325, "mark_price": 0.03313215, "iv": 70.25, "instrument_name": "BTC-31MAR23-80000-C", "index_price": 29706.71, "direction": "buy", "amount": 0.3}, {"trade_seq": 150, "trade_id": "214516944", "timestamp": 1652602398129, "tick_direction": 0, "price": 0.0325, "mark_price": 0.03313215, "iv": 70.25, "instrument_name": "BTC-31MAR23-80000-C", "index_price": 29706.71, "direction": "buy", "amount": 0.1}, {"trade_seq": 149, "trade_id": "214501371", "timestamp": 1652575153065, "tick_direction": 2, "price": 0.032, "mark_price": 0.03342958, "iv": 69.42, "instrument_name": "BTC-31MAR23-80000-C", "index_price": 30031.37, "direction": "sell", "amount": 0.3}, {"trade_seq": 148, "trade_id": "214469248", "timestamp": 1652548762450, "tick_direction": 1, "price": 0.0325, "mark_price": 0.03359127, "iv": 70.76, "instrument_name": "BTC-31MAR23-80000-C", "index_price": 29404.16, "direction": "buy", "amount": 0.3}, {"trade_seq": 147, "trade_id": "214469247", "timestamp": 1652548762450, "tick_direction": 0, "price": 0.0325, "mark_price": 0.03359127, "iv": 70.76, "instrument_name": "BTC-31MAR23-80000-C", "index_price": 29404.16, "direction": "buy", "amount": 0.2}, {"trade_seq": 146, "trade_id": "214467222", "timestamp": 1652547700706, "tick_direction": 3, "price": 0.032, "mark_price": 0.03331953, "iv": 70.69, "instrument_name": "BTC-31MAR23-80000-C", "index_price": 29259.42, "direction": "sell", "amount": 0.5}, {"trade_seq": 145, "trade_id": "214466907", "timestamp": 1652547483829, "tick_direction": 3, "price": 0.032, "mark_price": 0.03363585, "iv": 70.53, "instrument_name": "BTC-31MAR23-80000-C", "index_price": 29386.02, "direction": "sell", "amount": 0.5}, {"trade_seq": 144, "trade_id": "214456948", "timestamp": 1652540852222, "tick_direction": 2, "price": 0.032, "mark_price": 0.03315227, "iv": 71.28, "instrument_name": "BTC-31MAR23-80000-C", "index_price": 28915.0, "direction": "sell", "amount": 0.5}, {"trade_seq": 143, "trade_id": "214390608", "timestamp": 1652472768312, "tick_direction": 0, "price": 0.0415, "mark_price": 0.03615512, "iv": 74.19, "instrument_name": "BTC-31MAR23-80000-C", "index_price": 29882.82, "direction": "buy", "amount": 0.2}, {"trade_seq": 142, "trade_id": "214363064", "timestamp": 1652461305017, "tick_direction": 1, "price": 0.0335, "mark_price": 0.03401192, "iv": 70.14, "instrument_name": "BTC-31MAR23-80000-C", "index_price": 29993.64, "direction": "buy", "amount": 4.0}, {"trade_seq": 141, "trade_id": "214363063", "timestamp": 1652461305017, "tick_direction": 0, "price": 0.0335, "mark_price": 0.03401192, "iv": 70.14, "instrument_name": "BTC-31MAR23-80000-C", "index_price": 29993.64, "direction": "buy", "amount": 3.0}, {"trade_seq": 140, "trade_id": "214362832", "timestamp": 1652461248940, "tick_direction": 2, "price": 0.0315, "mark_price": 0.03406387, "iv": 69.19, "instrument_name": "BTC-31MAR23-80000-C", "index_price": 29975.44, "direction": "sell", "amount": 18.0}, {"trade_seq": 139, "trade_id": "214362640", "timestamp": 1652461102577, "tick_direction": 3, "price": 0.0335, "mark_price": 0.03397405, "iv": 70.26, "instrument_name": "BTC-31MAR23-80000-C", "index_price": 29970.48, "direction": "buy", "amount": 10.0}, {"trade_seq": 138, "trade_id": "214362548", "timestamp": 1652461060556, "tick_direction": 3, "price": 0.0335, "mark_price": 0.03379568, "iv": 70.35, "instrument_name": "BTC-31MAR23-80000-C", "index_price": 29925.23, "direction": "buy", "amount": 3.0}, {"trade_seq": 137, "trade_id": "214362538", "timestamp": 1652461027880, "tick_direction": 2, "price": 0.0335, "mark_price": 0.03382987, "iv": 70.34, "instrument_name": "BTC-31MAR23-80000-C", "index_price": 29924.51, "direction": "buy", "amount": 2.0}, {"trade_seq": 136, "trade_id": "214327343", "timestamp": 1652446418233, "tick_direction": 3, "price": 0.037, "mark_price": 0.03955575, "iv": 70.96, "instrument_name": "BTC-31MAR23-80000-C", "index_price": 30589.94, "direction": "sell", "amount": 7.0}, {"trade_seq": 135, "trade_id": "214221185", "timestamp": 1652398132267, "tick_direction": 2, "price": 0.037, "mark_price": 0.03718419, "iv": 73.58, "instrument_name": "BTC-31MAR23-80000-C", "index_price": 29006.59, "direction": "sell", "amount": 1.0}, {"trade_seq": 134, "trade_id": "214200673", "timestamp": 1652385548029, "tick_direction": 3, "price": 0.038, "mark_price": 0.03781358, "iv": 74.76, "instrument_name": "BTC-31MAR23-80000-C", "index_price": 28663.82, "direction": "sell", "amount": 0.7}, {"trade_seq": 133, "trade_id": "214180957", "timestamp": 1652377754654, "tick_direction": 2, "price": 0.038, "mark_price": 0.03768387, "iv": 74.52, "instrument_name": "BTC-31MAR23-80000-C", "index_price": 28764.66, "direction": "sell", "amount": 0.4}, {"trade_seq": 132, "trade_id": "214059173", "timestamp": 1652351657631, "tick_direction": 0, "price": 0.0451, "mark_price": 0.0422808, "iv": 79.27, "instrument_name": "BTC-31MAR23-80000-C", "index_price": 27835.32, "direction": "buy", "block_trade_id": "39009", "amount": 15.0}