{"trades": [{"trade_seq": 299, "trade_id": "245062567", "timestamp": 1678798851988, "tick_direction": 0, "price": 0.43, "mark_price": 0.429959, "iv": 115.48, "instrument_name": "BTC-31MAR23-15000-C", "index_price": 26226.29, "direction": "buy", "amount": 0.1}, {"trade_seq": 298, "trade_id": "243380853", "timestamp": 1677844050101, "tick_direction": 1, "price": 0.333, "mark_price": 0.3324175, "iv": 79.17, "instrument_name": "BTC-31MAR23-15000-C", "index_price": 22352.7, "direction": "sell", "amount": 23.5}, {"trade_seq": 297, "trade_id": "243380194", "timestamp": 1677843420732, "tick_direction": 1, "price": 0.333, "mark_price": 0.33241886, "iv": 79.14, "instrument_name": "BTC-31MAR23-15000-C", "index_price": 22350.71, "direction": "sell", "amount": 1.7}, {"trade_seq": 296, "trade_id": "243380193", "timestamp": 1677843420730, "tick_direction": 1, "price": 0.333, "mark_price": 0.33241886, "iv": 79.14, "instrument_name": "BTC-31MAR23-15000-C", "index_price": 22350.71, "direction": "sell", "amount": 28.1}, {"trade_seq": 295, "trade_id": "243380192", "timestamp": 1677843420730, "tick_direction": 0, "price": 0.333, "mark_price": 0.33241886, "iv": 79.14, "instrument_name": "BTC-31MAR23-15000-C", "index_price": 22350.71, "direction": "sell", "amount": 8.6}, {"trade_seq": 294, "trade_id": "243380191", "timestamp": 1677843420084, "tick_direction": 2, "price": 0.3325, "mark_price": 0.33241884, "iv": 75.87, "instrument_name": "BTC-31MAR23-15000-C", "index_price": 22350.6, "direction": "sell", "amount": 1.6}, {"trade_seq": 293, "trade_id": "242321810", "timestamp": 1676881623282, "tick_direction": 1, "price": 0.395, "mark_price": 0.39375838, "iv": 85.64, "instrument_name": "BTC-31MAR23-15000-C", "index_price": 24493.13, "direction": "sell", "amount": 21.8}, {"trade_seq": 292, "trade_id": "242321809", "timestamp": 1676881623282, "tick_direction": 0, "price": 0.395, "mark_price": 0.39375838, "iv": 85.64, "instrument_name": "BTC-31MAR23-15000-C", "index_price": 24493.13, "direction": "sell", "amount": 8.4}, {"trade_seq": 291, "trade_id": "242321776", "timestamp": 1676881606489, "tick_direction": 0, "price": 0.3945, "mark_price": 0.3939489, "iv": 82.22, "instrument_name": "BTC-31MAR23-15000-C", "index_price": 24502.53, "direction": "sell", "amount": 14.6}, {"trade_seq": 290, "trade_id": "241787957", "timestamp": 1676502702035, "tick_direction": 2, "price": 0.3865, "mark_price": 0.3866778, "iv": 74.41, "instrument_name": "BTC-31MAR23-15000-C", "index_price": 24250.14, "direction": "buy", "amount": 1.0}, {"trade_seq": 289, "trade_id": "241785734", "timestamp": 1676501148770, "tick_direction": 0, "price": 0.3875, "mark_price": 0.38757576, "iv": 75.25, "instrument_name": "BTC-31MAR23-15000-C", "index_price": 24289.55, "direction": "buy", "amount": 1.0}, {"trade_seq": 288, "trade_id": "241331402", "timestamp": 1676024394745, "tick_direction": 2, "price": 0.32, "mark_price": 0.32026749, "iv": 65.83, "instrument_name": "BTC-31MAR23-15000-C", "index_price": 21835.12, "direction": "buy", "amount": 1.0}, {"trade_seq": 287, "trade_id": "241229257", "timestamp": 1675958385930, "tick_direction": 2, "price": 0.3438, "mark_price": 0.3438619, "iv": 68.79, "instrument_name": "BTC-31MAR23-15000-C", "index_price": 22608.53, "direction": "buy", "block_trade_id": "64284", "amount": 85.0}, {"trade_seq": 286, "trade_id": "239873655", "timestamp": 1674386321481, "tick_direction": 0, "price": 0.356, "mark_price": 0.35586912, "iv": 69.7, "instrument_name": "BTC-31MAR23-15000-C", "index_price": 22823.21, "direction": "sell", "amount": 0.1}, {"trade_seq": 285, "trade_id": "239800723", "timestamp": 1674299378675, "tick_direction": 3, "price": 0.355, "mark_price": 0.35452641, "iv": 69.97, "instrument_name": "BTC-31MAR23-15000-C", "index_price": 22756.98, "direction": "sell", "amount": 0.1}, {"trade_seq": 284, "trade_id": "239800720", "timestamp": 1674299374646, "tick_direction": 3, "price": 0.355, "mark_price": 0.3545921, "iv": 69.84, "instrument_name": "BTC-31MAR23-15000-C", "index_price": 22759.67, "direction": "sell", "amount": 1.5}, {"trade_seq": 283, "trade_id": "239800714", "timestamp": 1674299369188, "tick_direction": 3, "price": 0.355, "mark_price": 0.35465338, "iv": 69.87, "instrument_name": "BTC-31MAR23-15000-C", "index_price": 22759.34, "direction": "sell", "amount": 0.2}, {"trade_seq": 282, "trade_id": "239800713", "timestamp": 1674299368736, "tick_direction": 3, "price": 0.355, "mark_price": 0.35465338, "iv": 69.87, "instrument_name": "BTC-31MAR23-15000-C", "index_price": 22759.34, "direction": "sell", "amount": 0.1}, {"trade_seq": 281, "trade_id": "239800712", "timestamp": 1674299368531, "tick_direction": 3, "price": 0.355, "mark_price": 0.35465187, "iv": 69.72, "instrument_name": "BTC-31MAR23-15000-C", "index_price": 22762.42, "direction": "sell", "amount": 0.6}, {"trade_seq": 280, "trade_id": "239800710", "timestamp": 1674299368509, "tick_direction": 3, "price": 0.355, "mark_price": 0.35465187, "iv": 69.72, "instrument_name": "BTC-31MAR23-15000-C", "index_price": 22762.42, "direction": "sell", "amount": 0.3}, {"trade_seq": 279, "trade_id": "239800709", "timestamp": 1674299368243, "tick_direction": 3, "price": 0.355, "mark_price": 0.35465187, "iv": 69.72, "instrument_name": "BTC-31MAR23-15000-C", "index_price": 22762.42, "direction": "sell", "amount": 0.2}, {"trade_seq": 278, "trade_id": "239800707", "timestamp": 1674299365861, "tick_direction": 3, "price": 0.355, "mark_price": 0.35464348, "iv": 69.74, "instrument_name": "BTC-31MAR23-15000-C", "index_price": 22762.36, "direction": "sell", "amount": 0.3}, {"trade_seq": 277, "trade_id": "239800706", "timestamp": 1674299364169, "tick_direction": 3, "price": 0.355, "mark_price": 0.35464276, "iv": 69.74, "instrument_name": "BTC-31MAR23-15000-C", "index_price": 22762.47, "direction": "sell", "amount": 0.4}, {"trade_seq": 276, "trade_id": "239800703", "timestamp": 1674299351800, "tick_direction": 3, "price": 0.355, "mark_price": 0.35478589, "iv": 69.5, "instrument_name": "BTC-31MAR23-15000-C", "index_price": 22767.57, "direction": "sell", "amount": 0.3}, {"trade_seq": 275, "trade_id": "239800702", "timestamp": 1674299351800, "tick_direction": 3, "price": 0.355, "mark_price": 0.35478589, "iv": 69.5, "instrument_name": "BTC-31MAR23-15000-C", "index_price": 22767.57, "direction": "sell", "amount": 0.2}, {"trade_seq": 274, "trade_id": "239800690", "timestamp": 1674299330496, "tick_direction": 3, "price": 0.355, "mark_price": 0.3546276, "iv": 69.77, "instrument_name": "BTC-31MAR23-15000-C", "index_price": 22761.77, "direction": "sell", "amount": 0.4}, {"trade_seq": 273, "trade_id": "239800686", "timestamp": 1674299317582, "tick_direction": 3, "price": 0.355, "mark_price": 0.35474032, "iv": 69.56, "instrument_name": "BTC-31MAR23-15000-C", "index_price": 22766.3, "direction": "sell", "amount": 0.1}, {"trade_seq": 272, "trade_id": "239800684", "timestamp": 1674299314785, "tick_direction": 3, "price": 0.355, "mark_price": 0.35473676, "iv": 69.56, "instrument_name": "BTC-31MAR23-15000-C", "index_price": 22766.28, "direction": "sell", "amount": 0.1}, {"trade_seq": 271, "trade_id": "239800683", "timestamp": 1674299313162, "tick_direction": 3, "price": 0.355, "mark_price": 0.35478459, "iv": 69.47, "instrument_name": "BTC-31MAR23-15000-C", "index_price": 22768.12, "direction": "sell", "amount": 0.2}, {"trade_seq": 270, "trade_id": "239797346", "timestamp": 1674297385014, "tick_direction": 3, "price": 0.355, "mark_price": 0.35471465, "iv": 69.85, "instrument_name": "BTC-31MAR23-15000-C", "index_price": 22765.92, "direction": "sell", "amount": 0.2}, {"trade_seq": 269, "trade_id": "239797338", "timestamp": 1674297384399, "tick_direction": 2, "price": 0.355, "mark_price": 0.35474178, "iv": 69.85, "instrument_name": "BTC-31MAR23-15000-C", "index_price": 22765.92, "direction": "sell", "amount": 0.8}, {"trade_seq": 268, "trade_id": "239797334", "timestamp": 1674297377976, "tick_direction": 1, "price": 0.3555, "mark_price": 0.35506931, "iv": 70.11, "instrument_name": "BTC-31MAR23-15000-C", "index_price": 22785.14, "direction": "sell", "amount": 0.6}, {"trade_seq": 267, "trade_id": "239797333", "timestamp": 1674297377868, "tick_direction": 1, "price": 0.3555, "mark_price": 0.35506931, "iv": 70.11, "instrument_name": "BTC-31MAR23-15000-C", "index_price": 22785.14, "direction": "sell", "amount": 0.7}, {"trade_seq": 266, "trade_id": "239797331", "timestamp": 1674297377450, "tick_direction": 1, "price": 0.3555, "mark_price": 0.35506931, "iv": 70.11, "instrument_name": "BTC-31MAR23-15000-C", "index_price": 22785.14, "direction": "sell", "amount": 1.0}, {"trade_seq": 265, "trade_id": "239797329", "timestamp": 1674297377178, "tick_direction": 1, "price": 0.3555, "mark_price": 0.35507184, "iv": 70.11, "instrument_name": "BTC-31MAR23-15000-C", "index_price": 22785.14, "direction": "sell", "amount": 0.7}, {"trade_seq": 264, "trade_id": "239797289", "timestamp": 1674297359415, "tick_direction": 1, "price": 0.3555, "mark_price": 0.35502885, "iv": 70.19, "instrument_name": "BTC-31MAR23-15000-C", "index_price": 22782.15, "direction": "sell", "amount": 0.4}, {"trade_seq": 263, "trade_id": "239797287", "timestamp": 1674297359257, "tick_direction": 0, "price": 0.3555, "mark_price": 0.35504263, "iv": 70.19, "instrument_name": "BTC-31MAR23-15000-C", "index_price": 22782.15, "direction": "sell", "amount": 0.6}, {"trade_seq": 262, "trade_id": "239737429", "timestamp": 1674253220028, "tick_direction": 1, "price": 0.35, "mark_price": 0.34925803, "iv": 67.6, "instrument_name": "BTC-31MAR23-15000-C", "index_price": 22636.71, "direction": "buy", "amount": 0.6}, {"trade_seq": 261, "trade_id": "239737389", "timestamp": 1674253219379, "tick_direction": 0, "price": 0.35, "mark_price": 0.34835906, "iv": 68.69, "instrument_name": "BTC-31MAR23-15000-C", "index_price": 22616.1, "direction": "buy", "amount": 1.4}, {"trade_seq": 260, "trade_id": "239694968", "timestamp": 1674234299803, "tick_direction": 1, "price": 0.3135, "mark_price": 0.31297846, "iv": 65.12, "instrument_name": "BTC-31MAR23-15000-C", "index_price": 21362.42, "direction": "sell", "amount": 1.0}, {"trade_seq": 259, "trade_id": "239694967", "timestamp": 1674234297788, "tick_direction": 1, "price": 0.3135, "mark_price": 0.31300295, "iv": 65.05, "instrument_name": "BTC-31MAR23-15000-C", "index_price": 21364.45, "direction": "sell", "amount": 0.1}, {"trade_seq": 258, "trade_id": "239694966", "timestamp": 1674234295642, "tick_direction": 1, "price": 0.3135, "mark_price": 0.31301609, "iv": 65.02, "instrument_name": "BTC-31MAR23-15000-C", "index_price": 21365.15, "direction": "sell", "amount": 1.0}, {"trade_seq": 257, "trade_id": "239694965", "timestamp": 1674234291405, "tick_direction": 1, "price": 0.3135, "mark_price": 0.31303241, "iv": 65.0, "instrument_name": "BTC-31MAR23-15000-C", "index_price": 21365.92, "direction": "sell", "amount": 2.9}, {"trade_seq": 256, "trade_id": "239694964", "timestamp": 1674234279702, "tick_direction": 0, "price": 0.3135, "mark_price": 0.31295233, "iv": 65.04, "instrument_name": "BTC-31MAR23-15000-C", "index_price": 21365.5, "direction": "sell", "amount": 1.0}, {"trade_seq": 255, "trade_id": "239580111", "timestamp": 1674073869707, "tick_direction": 3, "price": 0.3015, "mark_price": 0.3010766, "iv": 67.49, "instrument_name": "BTC-31MAR23-15000-C", "index_price": 20848.75, "direction": "sell", "amount": 0.1}, {"trade_seq": 254, "trade_id": "239580110", "timestamp": 1674073869700, "tick_direction": 3, "price": 0.3015, "mark_price": 0.3010766, "iv": 67.49, "instrument_name": "BTC-31MAR23-15000-C", "index_price": 20848.75, "direction": "sell", "amount": 0.3}, {"trade_seq": 253, "trade_id": "239580109", "timestamp": 1674073869696, "tick_direction": 3, "price": 0.3015, "mark_price": 0.3010766, "iv": 67.49, "instrument_name": "BTC-31MAR23-15000-C", "index_price": 20848.75, "direction": "sell", "amount": 0.1}, {"trade_seq": 252, "trade_id": "239580108", "timestamp": 1674073869693, "tick_direction": 3, "price": 0.3015, "mark_price": 0.3010766, "iv": 67.49, "instrument_name": "BTC-31MAR23-15000-C", "index_price": 20848.75, "direction": "sell", "amount": 0.2}, {"trade_seq": 251, "trade_id": "239580102", "timestamp": 1674073869674, "tick_direction": 3, "price": 0.3015, "mark_price": 0.3010766, "iv": 67.49, "instrument_name": "BTC-31MAR23-15000-C", "index_price": 20848.75, "direction": "sell", "amount": 0.2}, {"trade_seq": 250, "trade_id": "239580100", "timestamp": 1674073869670, "tick_direction": 3, "price": 0.3015, "mark_price": 0.3010766, "iv": 67.49, "instrument_name": "BTC-31MAR23-15000-C", "index_price": 20848.75, "direction": "sell", "amount": 0.1}, {"trade_seq": 249, "trade_id": "239580099", "timestamp": 1674073869667, "tick_direction": 3, "price": 0.3015, "mark_price": 0.3010766, "iv": 67.49, "instrument_name": "BTC-31MAR23-15000-C", "index_price": 20848.75, "direction": "sell", "amount": 0.2}, {"trade_seq": 248, "trade_id": "239580097", "timestamp": 1674073869658, "tick_direction": 3, "price": 0.3015, "mark_price": 0.3010766, "iv": 67.49, "instrument_name": "BTC-31MAR23-15000-C", "index_price": 20848.75, "direction": "sell", "amount": 0.2}, {"trade_seq": 247, "trade_id": "239580095", "timestamp": 1674073869644, "tick_direction": 3, "price": 0.3015, "mark_price": 0.3010766, "iv": 67.49, "instrument_name": "BTC-31MAR23-15000-C", "index_price": 20848.75, "direction": "sell", "amount": 0.1}, {"trade_seq": 246, "trade_id": "239580090", "timestamp": 1674073868211, "tick_direction": 3, "price": 0.3015, "mark_price": 0.30113875, "iv": 67.43, "instrument_name": "BTC-31MAR23-15000-C", "index_price": 20850.09, "direction": "sell", "amount": 0.9}, {"trade_seq": 245, "trade_id": "239580089", "timestamp": 1674073868193, "tick_direction": 3, "price": 0.3015, "mark_price": 0.30113875, "iv": 67.43, "instrument_name": "BTC-31MAR23-15000-C", "index_price": 20850.09, "direction": "sell", "amount": 0.9}, {"trade_seq": 244, "trade_id": "239580021", "timestamp": 1674073821945, "tick_direction": 3, "price": 0.3015, "mark_price": 0.30122274, "iv": 67.32, "instrument_name": "BTC-31MAR23-15000-C", "index_price": 20855.91, "direction": "sell", "amount": 0.2}, {"trade_seq": 243, "trade_id": "239580019", "timestamp": 1674073821926, "tick_direction": 3, "price": 0.3015, "mark_price": 0.30122274, "iv": 67.32, "instrument_name": "BTC-31MAR23-15000-C", "index_price": 20855.91, "direction": "sell", "amount": 0.2}, {"trade_seq": 242, "trade_id": "239580017", "timestamp": 1674073819485, "tick_direction": 3, "price": 0.3015, "mark_price": 0.30118033, "iv": 67.29, "instrument_name": "BTC-31MAR23-15000-C", "index_price": 20856.83, "direction": "sell", "amount": 0.1}, {"trade_seq": 241, "trade_id": "239580010", "timestamp": 1674073810212, "tick_direction": 3, "price": 0.3015, "mark_price": 0.30109789, "iv": 67.45, "instrument_name": "BTC-31MAR23-15000-C", "index_price": 20853.28, "direction": "sell", "amount": 0.5}, {"trade_seq": 240, "trade_id": "239580009", "timestamp": 1674073807873, "tick_direction": 3, "price": 0.3015, "mark_price": 0.3011374, "iv": 67.41, "instrument_name": "BTC-31MAR23-15000-C", "index_price": 20854.54, "direction": "sell", "amount": 0.2}, {"trade_seq": 239, "trade_id": "239580006", "timestamp": 1674073805567, "tick_direction": 3, "price": 0.3015, "mark_price": 0.30117324, "iv": 67.36, "instrument_name": "BTC-31MAR23-15000-C", "index_price": 20856.2, "direction": "sell", "amount": 0.1}, {"trade_seq": 238, "trade_id": "239579919", "timestamp": 1674073749998, "tick_direction": 3, "price": 0.3015, "mark_price": 0.30126202, "iv": 67.28, "instrument_name": "BTC-31MAR23-15000-C", "index_price": 20861.22, "direction": "sell", "amount": 0.4}, {"trade_seq": 237, "trade_id": "239579897", "timestamp": 1674073748247, "tick_direction": 2, "price": 0.3015, "mark_price": 0.30126189, "iv": 67.23, "instrument_name": "BTC-31MAR23-15000-C", "index_price": 20862.48, "direction": "sell", "amount": 0.1}, {"trade_seq": 236, "trade_id": "239456259", "timestamp": 1673967036807, "tick_direction": 1, "price": 0.31, "mark_price": 0.31009426, "iv": 66.57, "instrument_name": "BTC-31MAR23-15000-C", "index_price": 21152.52, "direction": "sell", "amount": 0.5}, {"trade_seq": 235, "trade_id": "239456252", "timestamp": 1673967032437, "tick_direction": 1, "price": 0.31, "mark_price": 0.31014647, "iv": 66.5, "instrument_name": "BTC-31MAR23-15000-C", "index_price": 21154.48, "direction": "sell", "amount": 0.1}, {"trade_seq": 234, "trade_id": "239456251", "timestamp": 1673967032422, "tick_direction": 1, "price": 0.31, "mark_price": 0.31014647, "iv": 66.5, "instrument_name": "BTC-31MAR23-15000-C", "index_price": 21154.48, "direction": "sell", "amount": 0.7}, {"trade_seq": 233, "trade_id": "239456250", "timestamp": 1673967032155, "tick_direction": 1, "price": 0.31, "mark_price": 0.31017613, "iv": 66.5, "instrument_name": "BTC-31MAR23-15000-C", "index_price": 21154.48, "direction": "sell", "amount": 0.6}, {"trade_seq": 232, "trade_id": "239456249", "timestamp": 1673967031221, "tick_direction": 0, "price": 0.31, "mark_price": 0.31026528, "iv": 66.46, "instrument_name": "BTC-31MAR23-15000-C", "index_price": 21155.4, "direction": "sell", "amount": 0.1}, {"trade_seq": 231, "trade_id": "238844591", "timestamp": 1673524354865, "tick_direction": 2, "price": 0.2035, "mark_price": 0.20407536, "iv": 51.83, "instrument_name": "BTC-31MAR23-15000-C", "index_price": 18195.27, "direction": "buy", "amount": 0.6}, {"trade_seq": 230, "trade_id": "238844583", "timestamp": 1673524313020, "tick_direction": 1, "price": 0.204, "mark_price": 0.20415764, "iv": 52.17, "instrument_name": "BTC-31MAR23-15000-C", "index_price": 18197.35, "direction": "buy", "amount": 1.4}, {"trade_seq": 229, "trade_id": "238844557", "timestamp": 1673524262757, "tick_direction": 1, "price": 0.204, "mark_price": 0.2040414, "iv": 52.25, "instrument_name": "BTC-31MAR23-15000-C", "index_price": 18195.44, "direction": "buy", "amount": 1.0}, {"trade_seq": 228, "trade_id": "238844556", "timestamp": 1673524262138, "tick_direction": 1, "price": 0.204, "mark_price": 0.2040414, "iv": 52.26, "instrument_name": "BTC-31MAR23-15000-C", "index_price": 18195.43, "direction": "buy", "amount": 0.5}, {"trade_seq": 227, "trade_id": "238844555", "timestamp": 1673524262137, "tick_direction": 0, "price": 0.204, "mark_price": 0.2040414, "iv": 52.26, "instrument_name": "BTC-31MAR23-15000-C", "index_price": 18195.43, "direction": "buy", "amount": 1.5}, {"trade_seq": 226, "trade_id": "238844503", "timestamp": 1673524132651, "tick_direction": 0, "price": 0.2035, "mark_price": 0.20401219, "iv": 51.83, "instrument_name": "BTC-31MAR23-15000-C", "index_price": 18193.87, "direction": "buy", "amount": 1.0}, {"trade_seq": 225, "trade_id": "238669777", "timestamp": 1673222408966, "tick_direction": 0, "price": 0.1675, "mark_price": 0.16728911, "iv": 52.11, "instrument_name": "BTC-31MAR23-15000-C", "index_price": 17127.43, "direction": "buy", "amount": 0.1}, {"trade_seq": 224, "trade_id": "238646636", "timestamp": 1673080675573, "tick_direction": 2, "price": 0.161, "mark_price": 0.16184078, "iv": 51.66, "instrument_name": "BTC-31MAR23-15000-C", "index_price": 16931.9, "direction": "buy", "amount": 0.5}, {"trade_seq": 223, "trade_id": "238491895", "timestamp": 1672652926569, "tick_direction": 3, "price": 0.1625, "mark_price": 0.16316056, "iv": 56.5, "instrument_name": "BTC-31MAR23-15000-C", "index_price": 16714.99, "direction": "buy", "amount": 0.7}, {"trade_seq": 222, "trade_id": "238491892", "timestamp": 1672652926509, "tick_direction": 3, "price": 0.1625, "mark_price": 0.16316056, "iv": 56.5, "instrument_name": "BTC-31MAR23-15000-C", "index_price": 16714.99, "direction": "buy", "amount": 6.6}, {"trade_seq": 221, "trade_id": "238491891", "timestamp": 1672652926504, "tick_direction": 3, "price": 0.1625, "mark_price": 0.16316056, "iv": 56.5, "instrument_name": "BTC-31MAR23-15000-C", "index_price": 16714.99, "direction": "buy", "amount": 40.8}, {"trade_seq": 220, "trade_id": "238491890", "timestamp": 1672652926498, "tick_direction": 3, "price": 0.1625, "mark_price": 0.16316056, "iv": 56.5, "instrument_name": "BTC-31MAR23-15000-C", "index_price": 16714.99, "direction": "buy", "amount": 3.0}, {"trade_seq": 219, "trade_id": "238491889", "timestamp": 1672652926498, "tick_direction": 2, "price": 0.1625, "mark_price": 0.16316056, "iv": 56.5, "instrument_name": "BTC-31MAR23-15000-C", "index_price": 16714.99, "direction": "buy", "amount": 1.0}, {"trade_seq": 218, "trade_id": "238491868", "timestamp": 1672652899675, "tick_direction": 0, "price": 0.163, "mark_price": 0.16365918, "iv": 56.82, "instrument_name": "BTC-31MAR23-15000-C", "index_price": 16715.38, "direction": "buy", "amount": 32.7}, {"trade_seq": 217, "trade_id": "238433841", "timestamp": 1672414344768, "tick_direction": 2, "price": 0.161, "mark_price": 0.16102204, "iv": 59.12, "instrument_name": "BTC-31MAR23-15000-C", "index_price": 16514.4, "direction": "buy", "amount": 0.1}, {"trade_seq": 216, "trade_id": "238414569", "timestamp": 1672387534125, "tick_direction": 3, "price": 0.162, "mark_price": 0.16249143, "iv": 60.58, "instrument_name": "BTC-31MAR23-15000-C", "index_price": 16482.54, "direction": "sell", "amount": 0.2}, {"trade_seq": 215, "trade_id": "238414559", "timestamp": 1672387520387, "tick_direction": 3, "price": 0.162, "mark_price": 0.16253527, "iv": 60.56, "instrument_name": "BTC-31MAR23-15000-C", "index_price": 16484.9, "direction": "sell", "amount": 0.7}, {"trade_seq": 214, "trade_id": "238413333", "timestamp": 1672387252337, "tick_direction": 3, "price": 0.162, "mark_price": 0.16209689, "iv": 60.88, "instrument_name": "BTC-31MAR23-15000-C", "index_price": 16470.42, "direction": "sell", "amount": 1.1}, {"trade_seq": 213, "trade_id": "238412897", "timestamp": 1672387127586, "tick_direction": 3, "price": 0.162, "mark_price": 0.1622578, "iv": 60.83, "instrument_name": "BTC-31MAR23-15000-C", "index_price": 16471.83, "direction": "sell", "amount": 0.2}, {"trade_seq": 212, "trade_id": "238412877", "timestamp": 1672387122283, "tick_direction": 3, "price": 0.162, "mark_price": 0.16227755, "iv": 60.83, "instrument_name": "BTC-31MAR23-15000-C", "index_price": 16471.88, "direction": "sell", "amount": 0.1}, {"trade_seq": 211, "trade_id": "238412538", "timestamp": 1672387024079, "tick_direction": 3, "price": 0.162, "mark_price": 0.16244899, "iv": 60.82, "instrument_name": "BTC-31MAR23-15000-C", "index_price": 16472.82, "direction": "sell", "amount": 0.1}, {"trade_seq": 210, "trade_id": "238412537", "timestamp": 1672387023912, "tick_direction": 3, "price": 0.162, "mark_price": 0.16244899, "iv": 60.82, "instrument_name": "BTC-31MAR23-15000-C", "index_price": 16472.82, "direction": "sell", "amount": 0.2}, {"trade_seq": 209, "trade_id": "238412429", "timestamp": 1672386993017, "tick_direction": 3, "price": 0.162, "mark_price": 0.16251949, "iv": 60.81, "instrument_name": "BTC-31MAR23-15000-C", "index_price": 16473.74, "direction": "sell", "amount": 0.1}, {"trade_seq": 208, "trade_id": "238412413", "timestamp": 1672386989908, "tick_direction": 3, "price": 0.162, "mark_price": 0.16252286, "iv": 60.81, "instrument_name": "BTC-31MAR23-15000-C", "index_price": 16473.87, "direction": "sell", "amount": 0.1}, {"trade_seq": 207, "trade_id": "238412412", "timestamp": 1672386987891, "tick_direction": 3, "price": 0.162, "mark_price": 0.16252412, "iv": 60.81, "instrument_name": "BTC-31MAR23-15000-C", "index_price": 16473.9, "direction": "sell", "amount": 0.1}, {"trade_seq": 206, "trade_id": "238412410", "timestamp": 1672386984972, "tick_direction": 3, "price": 0.162, "mark_price": 0.16253142, "iv": 60.8, "instrument_name": "BTC-31MAR23-15000-C", "index_price": 16474.11, "direction": "sell", "amount": 0.2}, {"trade_seq": 205, "trade_id": "238412382", "timestamp": 1672386968657, "tick_direction": 3, "price": 0.162, "mark_price": 0.16258401, "iv": 60.77, "instrument_name": "BTC-31MAR23-15000-C", "index_price": 16474.95, "direction": "sell", "amount": 0.1}, {"trade_seq": 204, "trade_id": "238412350", "timestamp": 1672386951495, "tick_direction": 3, "price": 0.162, "mark_price": 0.16259024, "iv": 60.76, "instrument_name": "BTC-31MAR23-15000-C", "index_price": 16475.11, "direction": "sell", "amount": 0.1}, {"trade_seq": 203, "trade_id": "238412309", "timestamp": 1672386934210, "tick_direction": 3, "price": 0.162, "mark_price": 0.16258251, "iv": 60.76, "instrument_name": "BTC-31MAR23-15000-C", "index_price": 16475.04, "direction": "sell", "amount": 0.1}, {"trade_seq": 202, "trade_id": "238412308", "timestamp": 1672386934199, "tick_direction": 3, "price": 0.162, "mark_price": 0.16258251, "iv": 60.76, "instrument_name": "BTC-31MAR23-15000-C", "index_price": 16475.04, "direction": "sell", "amount": 0.2}, {"trade_seq": 201, "trade_id": "238412244", "timestamp": 1672386914560, "tick_direction": 2, "price": 0.162, "mark_price": 0.16256594, "iv": 60.77, "instrument_name": "BTC-31MAR23-15000-C", "index_price": 16475.55, "direction": "sell", "amount": 0.1}, {"trade_seq": 200, "trade_id": "238364774", "timestamp": 1672281137091, "tick_direction": 3, "price": 0.165, "mark_price": 0.16514832, "iv": 61.95, "instrument_name": "BTC-31MAR23-15000-C", "index_price": 16485.15, "direction": "sell", "amount": 0.2}, {"trade_seq": 199, "trade_id": "238364771", "timestamp": 1672281136043, "tick_direction": 3, "price": 0.165, "mark_price": 0.16518947, "iv": 61.89, "instrument_name": "BTC-31MAR23-15000-C", "index_price": 16488.02, "direction": "sell", "amount": 0.1}, {"trade_seq": 198, "trade_id": "238364770", "timestamp": 1672281136041, "tick_direction": 3, "price": 0.165, "mark_price": 0.16518947, "iv": 61.89, "instrument_name": "BTC-31MAR23-15000-C", "index_price": 16488.02, "direction": "sell", "amount": 0.7}, {"trade_seq": 197, "trade_id": "238364738", "timestamp": 1672281047452, "tick_direction": 3, "price": 0.165, "mark_price": 0.16516186, "iv": 61.91, "instrument_name": "BTC-31MAR23-15000-C", "index_price": 16488.18, "direction": "sell", "amount": 0.7}, {"trade_seq": 196, "trade_id": "238364736", "timestamp": 1672281047441, "tick_direction": 3, "price": 0.165, "mark_price": 0.16516186, "iv": 61.91, "instrument_name": "BTC-31MAR23-15000-C", "index_price": 16488.18, "direction": "sell", "amount": 0.1}, {"trade_seq": 195, "trade_id": "238364683", "timestamp": 1672280954834, "tick_direction": 3, "price": 0.165, "mark_price": 0.16551838, "iv": 61.77, "instrument_name": "BTC-31MAR23-15000-C", "index_price": 16496.01, "direction": "sell", "amount": 0.2}, {"trade_seq": 194, "trade_id": "238364681", "timestamp": 1672280954805, "tick_direction": 3, "price": 0.165, "mark_price": 0.16551838, "iv": 61.77, "instrument_name": "BTC-31MAR23-15000-C", "index_price": 16496.01, "direction": "sell", "amount": 0.1}, {"trade_seq": 193, "trade_id": "238364678", "timestamp": 1672280954367, "tick_direction": 3, "price": 0.165, "mark_price": 0.16551838, "iv": 61.77, "instrument_name": "BTC-31MAR23-15000-C", "index_price": 16496.01, "direction": "sell", "amount": 0.2}, {"trade_seq": 192, "trade_id": "238364677", "timestamp": 1672280954349, "tick_direction": 3, "price": 0.165, "mark_price": 0.16551838, "iv": 61.77, "instrument_name": "BTC-31MAR23-15000-C", "index_price": 16496.01, "direction": "sell", "amount": 0.1}, {"trade_seq": 191, "trade_id": "238364674", "timestamp": 1672280954336, "tick_direction": 3, "price": 0.165, "mark_price": 0.16551838, "iv": 61.77, "instrument_name": "BTC-31MAR23-15000-C", "index_price": 16496.01, "direction": "sell", "amount": 0.1}, {"trade_seq": 190, "trade_id": "238364665", "timestamp": 1672280954288, "tick_direction": 3, "price": 0.165, "mark_price": 0.16551838, "iv": 61.77, "instrument_name": "BTC-31MAR23-15000-C", "index_price": 16496.01, "direction": "sell", "amount": 0.3}, {"trade_seq": 189, "trade_id": "238364662", "timestamp": 1672280954252, "tick_direction": 3, "price": 0.165, "mark_price": 0.16551838, "iv": 61.77, "instrument_name": "BTC-31MAR23-15000-C", "index_price": 16496.01, "direction": "sell", "amount": 0.5}, {"trade_seq": 188, "trade_id": "238364634", "timestamp": 1672280949489, "tick_direction": 3, "price": 0.165, "mark_price": 0.16555112, "iv": 61.76, "instrument_name": "BTC-31MAR23-15000-C", "index_price": 16495.85, "direction": "sell", "amount": 0.1}, {"trade_seq": 187, "trade_id": "238364633", "timestamp": 1672280947439, "tick_direction": 3, "price": 0.165, "mark_price": 0.16558364, "iv": 61.74, "instrument_name": "BTC-31MAR23-15000-C", "index_price": 16496.36, "direction": "sell", "amount": 0.1}, {"trade_seq": 186, "trade_id": "238364623", "timestamp": 1672280946544, "tick_direction": 3, "price": 0.165, "mark_price": 0.16563282, "iv": 61.71, "instrument_name": "BTC-31MAR23-15000-C", "index_price": 16497.66, "direction": "sell", "amount": 0.2}, {"trade_seq": 185, "trade_id": "238364622", "timestamp": 1672280946527, "tick_direction": 2, "price": 0.165, "mark_price": 0.16563282, "iv": 61.71, "instrument_name": "BTC-31MAR23-15000-C", "index_price": 16497.66, "direction": "sell", "amount": 0.3}, {"trade_seq": 184, "trade_id": "238335253", "timestamp": 1672233037476, "tick_direction": 3, "price": 0.171, "mark_price": 0.17047046, "iv": 62.45, "instrument_name": "BTC-31MAR23-15000-C", "index_price": 16641.95, "direction": "sell", "amount": 0.1}, {"trade_seq": 183, "trade_id": "238335240", "timestamp": 1672232976865, "tick_direction": 3, "price": 0.171, "mark_price": 0.1705865, "iv": 62.38, "instrument_name": "BTC-31MAR23-15000-C", "index_price": 16644.11, "direction": "sell", "amount": 0.1}, {"trade_seq": 182, "trade_id": "238335218", "timestamp": 1672232946300, "tick_direction": 3, "price": 0.171, "mark_price": 0.170656, "iv": 62.34, "instrument_name": "BTC-31MAR23-15000-C", "index_price": 16645.43, "direction": "sell", "amount": 0.1}, {"trade_seq": 181, "trade_id": "238335217", "timestamp": 1672232946280, "tick_direction": 3, "price": 0.171, "mark_price": 0.170656, "iv": 62.34, "instrument_name": "BTC-31MAR23-15000-C", "index_price": 16645.43, "direction": "sell", "amount": 0.7}, {"trade_seq": 180, "trade_id": "238333510", "timestamp": 1672226369551, "tick_direction": 3, "price": 0.171, "mark_price": 0.17066152, "iv": 62.18, "instrument_name": "BTC-31MAR23-15000-C", "index_price": 16658.84, "direction": "sell", "amount": 0.1}, {"trade_seq": 179, "trade_id": "238333509", "timestamp": 1672226369550, "tick_direction": 2, "price": 0.171, "mark_price": 0.17066152, "iv": 62.18, "instrument_name": "BTC-31MAR23-15000-C", "index_price": 16658.84, "direction": "sell", "amount": 2.9}, {"trade_seq": 178, "trade_id": "238329355", "timestamp": 1672214405876, "tick_direction": 2, "price": 0.173, "mark_price": 0.17052943, "iv": 63.48, "instrument_name": "BTC-31MAR23-15000-C", "index_price": 16639.01, "direction": "buy", "amount": 0.1}, {"trade_seq": 177, "trade_id": "238286687", "timestamp": 1672095754053, "tick_direction": 3, "price": 0.176, "mark_price": 0.17567644, "iv": 61.46, "instrument_name": "BTC-31MAR23-15000-C", "index_price": 16836.61, "direction": "sell", "amount": 1.1}, {"trade_seq": 176, "trade_id": "238286674", "timestamp": 1672095752018, "tick_direction": 3, "price": 0.176, "mark_price": 0.17578143, "iv": 61.37, "instrument_name": "BTC-31MAR23-15000-C", "index_price": 16841.88, "direction": "sell", "amount": 0.1}, {"trade_seq": 175, "trade_id": "238286673", "timestamp": 1672095752016, "tick_direction": 3, "price": 0.176, "mark_price": 0.17578143, "iv": 61.37, "instrument_name": "BTC-31MAR23-15000-C", "index_price": 16841.88, "direction": "sell", "amount": 0.2}, {"trade_seq": 174, "trade_id": "238286672", "timestamp": 1672095752011, "tick_direction": 3, "price": 0.176, "mark_price": 0.17578143, "iv": 61.37, "instrument_name": "BTC-31MAR23-15000-C", "index_price": 16841.88, "direction": "sell", "amount": 0.7}, {"trade_seq": 173, "trade_id": "238286642", "timestamp": 1672095723468, "tick_direction": 3, "price": 0.176, "mark_price": 0.17578702, "iv": 61.37, "instrument_name": "BTC-31MAR23-15000-C", "index_price": 16843.02, "direction": "sell", "amount": 0.2}, {"trade_seq": 172, "trade_id": "238286641", "timestamp": 1672095723459, "tick_direction": 3, "price": 0.176, "mark_price": 0.17578702, "iv": 61.37, "instrument_name": "BTC-31MAR23-15000-C", "index_price": 16843.02, "direction": "sell", "amount": 0.1}, {"trade_seq": 171, "trade_id": "238286640", "timestamp": 1672095723456, "tick_direction": 3, "price": 0.176, "mark_price": 0.17578702, "iv": 61.37, "instrument_name": "BTC-31MAR23-15000-C", "index_price": 16843.02, "direction": "sell", "amount": 0.8}, {"trade_seq": 170, "trade_id": "238286544", "timestamp": 1672094850483, "tick_direction": 3, "price": 0.176, "mark_price": 0.17583839, "iv": 61.36, "instrument_name": "BTC-31MAR23-15000-C", "index_price": 16836.43, "direction": "sell", "amount": 0.8}, {"trade_seq": 169, "trade_id": "238252764", "timestamp": 1671918962448, "tick_direction": 3, "price": 0.176, "mark_price": 0.17742824, "iv": 60.76, "instrument_name": "BTC-31MAR23-15000-C", "index_price": 16832.18, "direction": "buy", "amount": 1.1}, {"trade_seq": 168, "trade_id": "238252763", "timestamp": 1671918962447, "tick_direction": 2, "price": 0.176, "mark_price": 0.17742824, "iv": 60.76, "instrument_name": "BTC-31MAR23-15000-C", "index_price": 16832.18, "direction": "buy", "amount": 4.0}, {"trade_seq": 167, "trade_id": "238216657", "timestamp": 1671786535799, "tick_direction": 3, "price": 0.179, "mark_price": 0.18011488, "iv": 61.75, "instrument_name": "BTC-31MAR23-15000-C", "index_price": 16837.35, "direction": "buy", "amount": 1.0}, {"trade_seq": 166, "trade_id": "238216653", "timestamp": 1671786520924, "tick_direction": 3, "price": 0.179, "mark_price": 0.18012461, "iv": 61.75, "instrument_name": "BTC-31MAR23-15000-C", "index_price": 16837.45, "direction": "buy", "amount": 1.0}, {"trade_seq": 165, "trade_id": "238216652", "timestamp": 1671786515239, "tick_direction": 3, "price": 0.179, "mark_price": 0.18011816, "iv": 61.75, "instrument_name": "BTC-31MAR23-15000-C", "index_price": 16837.22, "direction": "buy", "amount": 1.0}, {"trade_seq": 164, "trade_id": "238216636", "timestamp": 1671786466150, "tick_direction": 3, "price": 0.179, "mark_price": 0.18013063, "iv": 61.75, "instrument_name": "BTC-31MAR23-15000-C", "index_price": 16837.37, "direction": "buy", "amount": 1.0}, {"trade_seq": 163, "trade_id": "238216635", "timestamp": 1671786452797, "tick_direction": 3, "price": 0.179, "mark_price": 0.18013553, "iv": 61.75, "instrument_name": "BTC-31MAR23-15000-C", "index_price": 16837.45, "direction": "buy", "amount": 1.0}, {"trade_seq": 162, "trade_id": "238216634", "timestamp": 1671786449233, "tick_direction": 3, "price": 0.179, "mark_price": 0.18014348, "iv": 61.75, "instrument_name": "BTC-31MAR23-15000-C", "index_price": 16837.64, "direction": "buy", "amount": 1.0}, {"trade_seq": 161, "trade_id": "238216633", "timestamp": 1671786446619, "tick_direction": 3, "price": 0.179, "mark_price": 0.18014313, "iv": 61.75, "instrument_name": "BTC-31MAR23-15000-C", "index_price": 16837.59, "direction": "buy", "amount": 1.0}, {"trade_seq": 160, "trade_id": "238216628", "timestamp": 1671786437897, "tick_direction": 2, "price": 0.179, "mark_price": 0.18015238, "iv": 61.75, "instrument_name": "BTC-31MAR23-15000-C", "index_price": 16837.69, "direction": "buy", "amount": 1.0}, {"trade_seq": 159, "trade_id": "238216583", "timestamp": 1671786324507, "tick_direction": 3, "price": 0.1795, "mark_price": 0.18012228, "iv": 62.02, "instrument_name": "BTC-31MAR23-15000-C", "index_price": 16837.39, "direction": "buy", "amount": 1.0}, {"trade_seq": 158, "trade_id": "238216580", "timestamp": 1671786318903, "tick_direction": 2, "price": 0.1795, "mark_price": 0.18012127, "iv": 62.02, "instrument_name": "BTC-31MAR23-15000-C", "index_price": 16837.35, "direction": "buy", "amount": 1.0}, {"trade_seq": 157, "trade_id": "238167962", "timestamp": 1671703426261, "tick_direction": 3, "price": 0.1825, "mark_price": 0.18369617, "iv": 63.09, "instrument_name": "BTC-31MAR23-15000-C", "index_price": 16854.36, "direction": "buy", "amount": 13.5}, {"trade_seq": 156, "trade_id": "238167945", "timestamp": 1671703371322, "tick_direction": 2, "price": 0.1825, "mark_price": 0.18377833, "iv": 63.05, "instrument_name": "BTC-31MAR23-15000-C", "index_price": 16853.54, "direction": "buy", "amount": 6.7}, {"trade_seq": 155, "trade_id": "238167941", "timestamp": 1671703334618, "tick_direction": 3, "price": 0.183, "mark_price": 0.18372429, "iv": 63.34, "instrument_name": "BTC-31MAR23-15000-C", "index_price": 16851.95, "direction": "buy", "amount": 1.2}, {"trade_seq": 154, "trade_id": "238167940", "timestamp": 1671703334617, "tick_direction": 2, "price": 0.183, "mark_price": 0.18372429, "iv": 63.34, "instrument_name": "BTC-31MAR23-15000-C", "index_price": 16851.95, "direction": "buy", "amount": 2.1}, {"trade_seq": 153, "trade_id": "237792004", "timestamp": 1671094925029, "tick_direction": 2, "price": 0.2185, "mark_price": 0.21295323, "iv": 66.56, "instrument_name": "BTC-31MAR23-15000-C", "index_price": 17633.74, "direction": "buy", "amount": 8.0}, {"trade_seq": 152, "trade_id": "237653236", "timestamp": 1670939587404, "tick_direction": 0, "price": 0.2265, "mark_price": 0.22710746, "iv": 66.93, "instrument_name": "BTC-31MAR23-15000-C", "index_price": 17869.55, "direction": "buy", "amount": 7.0}, {"trade_seq": 151, "trade_id": "237653234", "timestamp": 1670939587341, "tick_direction": 1, "price": 0.226, "mark_price": 0.22710746, "iv": 66.65, "instrument_name": "BTC-31MAR23-15000-C", "index_price": 17869.55, "direction": "buy", "amount": 7.0}, {"trade_seq": 150, "trade_id": "237653233", "timestamp": 1670939587315, "tick_direction": 0, "price": 0.226, "mark_price": 0.22710746, "iv": 66.65, "instrument_name": "BTC-31MAR23-15000-C", "index_price": 17869.55, "direction": "sell", "amount": 1.0}, {"trade_seq": 149, "trade_id": "236776475", "timestamp": 1669481000054, "tick_direction": 2, "price": 0.197, "mark_price": 0.19698486, "iv": 67.78, "instrument_name": "BTC-31MAR23-15000-C", "index_price": 16511.11, "direction": "buy", "amount": 0.1}, {"trade_seq": 148, "trade_id": "236691781", "timestamp": 1669307662425, "tick_direction": 1, "price": 0.205, "mark_price": 0.20565209, "iv": 70.73, "instrument_name": "BTC-31MAR23-15000-C", "index_price": 16526.55, "direction": "buy", "amount": 0.1}, {"trade_seq": 147, "trade_id": "236574765", "timestamp": 1669145050141, "tick_direction": 1, "price": 0.205, "mark_price": 0.20182568, "iv": 75.28, "instrument_name": "BTC-31MAR23-15000-C", "index_price": 16169.27, "direction": "buy", "amount": 0.4}, {"trade_seq": 146, "trade_id": "236574764", "timestamp": 1669145048926, "tick_direction": 0, "price": 0.205, "mark_price": 0.2018359, "iv": 75.26, "instrument_name": "BTC-31MAR23-15000-C", "index_price": 16170.81, "direction": "buy", "amount": 0.4}, {"trade_seq": 145, "trade_id": "236573667", "timestamp": 1669143838993, "tick_direction": 1, "price": 0.202, "mark_price": 0.19948789, "iv": 74.93, "instrument_name": "BTC-31MAR23-15000-C", "index_price": 16101.64, "direction": "buy", "amount": 0.1}, {"trade_seq": 144, "trade_id": "236573665", "timestamp": 1669143837415, "tick_direction": 1, "price": 0.202, "mark_price": 0.19949281, "iv": 74.93, "instrument_name": "BTC-31MAR23-15000-C", "index_price": 16101.55, "direction": "buy", "amount": 0.4}, {"trade_seq": 143, "trade_id": "236573663", "timestamp": 1669143834643, "tick_direction": 0, "price": 0.202, "mark_price": 0.19945002, "iv": 74.93, "instrument_name": "BTC-31MAR23-15000-C", "index_price": 16101.63, "direction": "buy", "amount": 0.4}, {"trade_seq": 142, "trade_id": "236531078", "timestamp": 1669099782963, "tick_direction": 1, "price": 0.19, "mark_price": 0.18995347, "iv": 74.4, "instrument_name": "BTC-31MAR23-15000-C", "index_price": 15707.7, "direction": "buy", "amount": 0.9}, {"trade_seq": 141, "trade_id": "236531075", "timestamp": 1669099777071, "tick_direction": 0, "price": 0.19, "mark_price": 0.18994784, "iv": 74.4, "instrument_name": "BTC-31MAR23-15000-C", "index_price": 15707.82, "direction": "buy", "amount": 0.1}, {"trade_seq": 140, "trade_id": "236516750", "timestamp": 1669075396939, "tick_direction": 2, "price": 0.189, "mark_price": 0.18784805, "iv": 73.1, "instrument_name": "BTC-31MAR23-15000-C", "index_price": 15763.95, "direction": "buy", "amount": 2.1}, {"trade_seq": 139, "trade_id": "236515239", "timestamp": 1669072373649, "tick_direction": 2, "price": 0.1895, "mark_price": 0.19041227, "iv": 72.92, "instrument_name": "BTC-31MAR23-15000-C", "index_price": 15796.58, "direction": "buy", "amount": 0.1}, {"trade_seq": 138, "trade_id": "236477821", "timestamp": 1669050340467, "tick_direction": 2, "price": 0.1935, "mark_price": 0.19525922, "iv": 71.88, "instrument_name": "BTC-31MAR23-15000-C", "index_price": 16019.53, "direction": "sell", "amount": 1.3}, {"trade_seq": 137, "trade_id": "236440960", "timestamp": 1669018383924, "tick_direction": 3, "price": 0.1945, "mark_price": 0.19482479, "iv": 72.45, "instrument_name": "BTC-31MAR23-15000-C", "index_price": 16001.13, "direction": "buy", "amount": 0.3}, {"trade_seq": 136, "trade_id": "236440944", "timestamp": 1669018351994, "tick_direction": 2, "price": 0.1945, "mark_price": 0.19473924, "iv": 72.47, "instrument_name": "BTC-31MAR23-15000-C", "index_price": 16001.05, "direction": "buy", "amount": 1.0}, {"trade_seq": 135, "trade_id": "236393346", "timestamp": 1668978678792, "tick_direction": 2, "price": 0.2115, "mark_price": 0.21243239, "iv": 73.7, "instrument_name": "BTC-31MAR23-15000-C", "index_price": 16496.87, "direction": "buy", "amount": 1.0}, {"trade_seq": 134, "trade_id": "236246509", "timestamp": 1668702060832, "tick_direction": 0, "price": 0.2185, "mark_price": 0.2191232, "iv": 75.19, "instrument_name": "BTC-31MAR23-15000-C", "index_price": 16545.01, "direction": "buy", "amount": 1.0}, {"trade_seq": 133, "trade_id": "236217252", "timestamp": 1668675627760, "tick_direction": 2, "price": 0.218, "mark_price": 0.21844931, "iv": 75.33, "instrument_name": "BTC-31MAR23-15000-C", "index_price": 16555.29, "direction": "buy", "amount": 1.0}, {"trade_seq": 132, "trade_id": "236193858", "timestamp": 1668638321760, "tick_direction": 0, "price": 0.219, "mark_price": 0.22040405, "iv": 76.16, "instrument_name": "BTC-31MAR23-15000-C", "index_price": 16520.21, "direction": "buy", "amount": 1.0}, {"trade_seq": 131, "trade_id": "235947253", "timestamp": 1668457968207, "tick_direction": 0, "price": 0.2095, "mark_price": 0.21007924, "iv": 74.51, "instrument_name": "BTC-31MAR23-15000-C", "index_price": 16287.31, "direction": "buy", "amount": 2.5}, {"trade_seq": 130, "trade_id": "235945373", "timestamp": 1668457132544, "tick_direction": 2, "price": 0.209, "mark_price": 0.20919104, "iv": 74.62, "instrument_name": "BTC-31MAR23-15000-C", "index_price": 16261.86, "direction": "buy", "amount": 0.1}, {"trade_seq": 129, "trade_id": "235887986", "timestamp": 1668436012014, "tick_direction": 2, "price": 0.212, "mark_price": 0.21298789, "iv": 71.35, "instrument_name": "BTC-31MAR23-15000-C", "index_price": 16602.1, "direction": "buy", "amount": 0.2}, {"trade_seq": 128, "trade_id": "235728126", "timestamp": 1668374922891, "tick_direction": 2, "price": 0.223, "mark_price": 0.22348354, "iv": 78.91, "instrument_name": "BTC-31MAR23-15000-C", "index_price": 16346.18, "direction": "buy", "amount": 0.7}, {"trade_seq": 127, "trade_id": "235700654", "timestamp": 1668345161014, "tick_direction": 0, "price": 0.2275, "mark_price": 0.22730053, "iv": 78.11, "instrument_name": "BTC-31MAR23-15000-C", "index_price": 16589.74, "direction": "buy", "amount": 0.5}, {"trade_seq": 126, "trade_id": "235700245", "timestamp": 1668344479213, "tick_direction": 2, "price": 0.226, "mark_price": 0.22673782, "iv": 77.52, "instrument_name": "BTC-31MAR23-15000-C", "index_price": 16584.33, "direction": "buy", "amount": 0.1}, {"trade_seq": 125, "trade_id": "235665892", "timestamp": 1668294203075, "tick_direction": 3, "price": 0.227, "mark_price": 0.22990778, "iv": 75.09, "instrument_name": "BTC-31MAR23-15000-C", "index_price": 16803.42, "direction": "buy", "amount": 0.2}, {"trade_seq": 124, "trade_id": "235665415", "timestamp": 1668292694695, "tick_direction": 3, "price": 0.227, "mark_price": 0.22975141, "iv": 75.07, "instrument_name": "BTC-31MAR23-15000-C", "index_price": 16806.45, "direction": "buy", "amount": 0.1}, {"trade_seq": 123, "trade_id": "235664387", "timestamp": 1668290211224, "tick_direction": 3, "price": 0.227, "mark_price": 0.22939804, "iv": 75.25, "instrument_name": "BTC-31MAR23-15000-C", "index_price": 16791.19, "direction": "buy", "amount": 0.1}, {"trade_seq": 122, "trade_id": "235664340", "timestamp": 1668290103575, "tick_direction": 2, "price": 0.227, "mark_price": 0.2295799, "iv": 75.18, "instrument_name": "BTC-31MAR23-15000-C", "index_price": 16795.43, "direction": "buy", "amount": 0.1}, {"trade_seq": 121, "trade_id": "235649864", "timestamp": 1668266067477, "tick_direction": 0, "price": 0.2355, "mark_price": 0.23825268, "iv": 76.86, "instrument_name": "BTC-31MAR23-15000-C", "index_price": 16943.1, "direction": "buy", "amount": 0.1}, {"trade_seq": 120, "trade_id": "235646748", "timestamp": 1668263588962, "tick_direction": 0, "price": 0.233, "mark_price": 0.23487609, "iv": 76.87, "instrument_name": "BTC-31MAR23-15000-C", "index_price": 16850.81, "direction": "buy", "amount": 0.1}, {"trade_seq": 119, "trade_id": "235495120", "timestamp": 1668179271516, "tick_direction": 2, "price": 0.232, "mark_price": 0.23374806, "iv": 75.67, "instrument_name": "BTC-31MAR23-15000-C", "index_price": 16902.46, "direction": "buy", "amount": 0.3}, {"trade_seq": 118, "trade_id": "235289424", "timestamp": 1668130452640, "tick_direction": 2, "price": 0.244, "mark_price": 0.24572207, "iv": 75.35, "instrument_name": "BTC-31MAR23-15000-C", "index_price": 17307.69, "direction": "sell", "amount": 0.1}, {"trade_seq": 117, "trade_id": "234789931", "timestamp": 1668035481674, "tick_direction": 1, "price": 0.2205, "mark_price": 0.21759183, "iv": 81.04, "instrument_name": "BTC-31MAR23-15000-C", "index_price": 15870.53, "direction": "buy", "amount": 0.5}, {"trade_seq": 116, "trade_id": "234789885", "timestamp": 1668035480197, "tick_direction": 0, "price": 0.2205, "mark_price": 0.21764616, "iv": 80.99, "instrument_name": "BTC-31MAR23-15000-C", "index_price": 15875.31, "direction": "buy", "amount": 0.5}, {"trade_seq": 115, "trade_id": "234783823", "timestamp": 1668035219847, "tick_direction": 0, "price": 0.215, "mark_price": 0.21027585, "iv": 81.73, "instrument_name": "BTC-31MAR23-15000-C", "index_price": 15609.04, "direction": "buy", "amount": 0.5}, {"trade_seq": 114, "trade_id": "234783768", "timestamp": 1668035217767, "tick_direction": 2, "price": 0.213, "mark_price": 0.21022889, "iv": 80.9, "instrument_name": "BTC-31MAR23-15000-C", "index_price": 15607.81, "direction": "buy", "amount": 0.5}, {"trade_seq": 113, "trade_id": "234767631", "timestamp": 1668033487025, "tick_direction": 2, "price": 0.2155, "mark_price": 0.21731735, "iv": 78.72, "instrument_name": "BTC-31MAR23-15000-C", "index_price": 15921.59, "direction": "buy", "amount": 0.1}, {"trade_seq": 112, "trade_id": "234635836", "timestamp": 1668021386274, "tick_direction": 2, "price": 0.239, "mark_price": 0.24001102, "iv": 78.7, "instrument_name": "BTC-31MAR23-15000-C", "index_price": 16710.67, "direction": "buy", "amount": 0.2}, {"trade_seq": 111, "trade_id": "234607314", "timestamp": 1668018589024, "tick_direction": 3, "price": 0.2425, "mark_price": 0.23902238, "iv": 80.17, "instrument_name": "BTC-31MAR23-15000-C", "index_price": 16713.15, "direction": "buy", "amount": 0.1}, {"trade_seq": 110, "trade_id": "234607312", "timestamp": 1668018588122, "tick_direction": 3, "price": 0.2425, "mark_price": 0.23895605, "iv": 80.2, "instrument_name": "BTC-31MAR23-15000-C", "index_price": 16710.53, "direction": "buy", "amount": 0.1}, {"trade_seq": 109, "trade_id": "234607309", "timestamp": 1668018586904, "tick_direction": 3, "price": 0.2425, "mark_price": 0.23898072, "iv": 80.19, "instrument_name": "BTC-31MAR23-15000-C", "index_price": 16711.28, "direction": "buy", "amount": 0.1}, {"trade_seq": 108, "trade_id": "234607303", "timestamp": 1668018586009, "tick_direction": 3, "price": 0.2425, "mark_price": 0.23899742, "iv": 80.18, "instrument_name": "BTC-31MAR23-15000-C", "index_price": 16711.69, "direction": "buy", "amount": 0.1}, {"trade_seq": 107, "trade_id": "234607301", "timestamp": 1668018584889, "tick_direction": 3, "price": 0.2425, "mark_price": 0.23895717, "iv": 80.2, "instrument_name": "BTC-31MAR23-15000-C", "index_price": 16710.01, "direction": "buy", "amount": 0.1}, {"trade_seq": 106, "trade_id": "234607299", "timestamp": 1668018583947, "tick_direction": 3, "price": 0.2425, "mark_price": 0.23898444, "iv": 80.19, "instrument_name": "BTC-31MAR23-15000-C", "index_price": 16710.83, "direction": "buy", "amount": 0.1}, {"trade_seq": 105, "trade_id": "234607292", "timestamp": 1668018583014, "tick_direction": 2, "price": 0.2425, "mark_price": 0.23897109, "iv": 80.19, "instrument_name": "BTC-31MAR23-15000-C", "index_price": 16710.15, "direction": "buy", "amount": 0.1}, {"trade_seq": 104, "trade_id": "234607289", "timestamp": 1668018581956, "tick_direction": 2, "price": 0.247, "mark_price": 0.23900465, "iv": 82.2, "instrument_name": "BTC-31MAR23-15000-C", "index_price": 16711.64, "direction": "buy", "amount": 0.1}, {"trade_seq": 103, "trade_id": "234579004", "timestamp": 1668014130030, "tick_direction": 0, "price": 0.25, "mark_price": 0.25113127, "iv": 77.64, "instrument_name": "BTC-31MAR23-15000-C", "index_price": 17177.42, "direction": "buy", "amount": 0.1}, {"trade_seq": 102, "trade_id": "234577910", "timestamp": 1668013803841, "tick_direction": 0, "price": 0.2475, "mark_price": 0.24900997, "iv": 77.62, "instrument_name": "BTC-31MAR23-15000-C", "index_price": 17088.14, "direction": "buy", "amount": 0.2}, {"trade_seq": 101, "trade_id": "234577663", "timestamp": 1668013740266, "tick_direction": 2, "price": 0.247, "mark_price": 0.24829173, "iv": 77.75, "instrument_name": "BTC-31MAR23-15000-C", "index_price": 17062.48, "direction": "buy", "amount": 0.5}, {"trade_seq": 100, "trade_id": "234569153", "timestamp": 1668012204034, "tick_direction": 2, "price": 0.25, "mark_price": 0.2506428, "iv": 78.02, "instrument_name": "BTC-31MAR23-15000-C", "index_price": 17153.4, "direction": "buy", "amount": 0.1}, {"trade_seq": 99, "trade_id": "234476548", "timestamp": 1668000021590, "tick_direction": 0, "price": 0.2535, "mark_price": 0.2541267, "iv": 75.44, "instrument_name": "BTC-31MAR23-15000-C", "index_price": 17483.27, "direction": "buy", "amount": 0.2}, {"trade_seq": 98, "trade_id": "234472282", "timestamp": 1667999407789, "tick_direction": 2, "price": 0.25, "mark_price": 0.24691034, "iv": 75.66, "instrument_name": "BTC-31MAR23-15000-C", "index_price": 17326.05, "direction": "sell", "amount": 25.0}, {"trade_seq": 97, "trade_id": "234471880", "timestamp": 1667999361982, "tick_direction": 1, "price": 0.2525, "mark_price": 0.24807192, "iv": 76.19, "instrument_name": "BTC-31MAR23-15000-C", "index_price": 17376.85, "direction": "sell", "amount": 13.7}, {"trade_seq": 96, "trade_id": "234471879", "timestamp": 1667999361981, "tick_direction": 1, "price": 0.2525, "mark_price": 0.24807192, "iv": 76.19, "instrument_name": "BTC-31MAR23-15000-C", "index_price": 17376.85, "direction": "buy", "amount": 0.3}, {"trade_seq": 95, "trade_id": "234471868", "timestamp": 1667999361045, "tick_direction": 1, "price": 0.2525, "mark_price": 0.24806939, "iv": 76.15, "instrument_name": "BTC-31MAR23-15000-C", "index_price": 17380.71, "direction": "sell", "amount": 3.6}, {"trade_seq": 94, "trade_id": "234471867", "timestamp": 1667999361044, "tick_direction": 1, "price": 0.2525, "mark_price": 0.24806939, "iv": 76.15, "instrument_name": "BTC-31MAR23-15000-C", "index_price": 17380.71, "direction": "sell", "amount": 9.4}, {"trade_seq": 93, "trade_id": "234471866", "timestamp": 1667999361044, "tick_direction": 0, "price": 0.2525, "mark_price": 0.24806939, "iv": 76.15, "instrument_name": "BTC-31MAR23-15000-C", "index_price": 17380.71, "direction": "sell", "amount": 4.0}, {"trade_seq": 92, "trade_id": "234471865", "timestamp": 1667999361041, "tick_direction": 2, "price": 0.2515, "mark_price": 0.24806939, "iv": 75.68, "instrument_name": "BTC-31MAR23-15000-C", "index_price": 17380.71, "direction": "buy", "amount": 6.0}, {"trade_seq": 91, "trade_id": "234471846", "timestamp": 1667999360178, "tick_direction": 3, "price": 0.2525, "mark_price": 0.24822376, "iv": 76.15, "instrument_name": "BTC-31MAR23-15000-C", "index_price": 17380.72, "direction": "sell", "amount": 7.7}, {"trade_seq": 90, "trade_id": "234471845", "timestamp": 1667999360177, "tick_direction": 3, "price": 0.2525, "mark_price": 0.24822376, "iv": 76.15, "instrument_name": "BTC-31MAR23-15000-C", "index_price": 17380.72, "direction": "sell", "amount": 9.4}, {"trade_seq": 89, "trade_id": "234471844", "timestamp": 1667999360176, "tick_direction": 2, "price": 0.2525, "mark_price": 0.24822376, "iv": 76.15, "instrument_name": "BTC-31MAR23-15000-C", "index_price": 17380.72, "direction": "sell", "amount": 5.9}, {"trade_seq": 88, "trade_id": "234470052", "timestamp": 1667999065542, "tick_direction": 2, "price": 0.2545, "mark_price": 0.25480511, "iv": 73.94, "instrument_name": "BTC-31MAR23-15000-C", "index_price": 17625.55, "direction": "buy", "amount": 0.1}, {"trade_seq": 87, "trade_id": "234426738", "timestamp": 1667992363103, "tick_direction": 0, "price": 0.26, "mark_price": 0.26208438, "iv": 76.67, "instrument_name": "BTC-31MAR23-15000-C", "index_price": 17606.92, "direction": "buy", "amount": 0.1}, {"trade_seq": 86, "trade_id": "234426212", "timestamp": 1667992185174, "tick_direction": 2, "price": 0.259, "mark_price": 0.26110203, "iv": 76.89, "instrument_name": "BTC-31MAR23-15000-C", "index_price": 17556.53, "direction": "buy", "amount": 0.2}, {"trade_seq": 85, "trade_id": "234423676", "timestamp": 1667991590654, "tick_direction": 2, "price": 0.2645, "mark_price": 0.26556877, "iv": 78.31, "instrument_name": "BTC-31MAR23-15000-C", "index_price": 17642.3, "direction": "buy", "amount": 0.2}, {"trade_seq": 84, "trade_id": "234304274", "timestamp": 1667954929096, "tick_direction": 0, "price": 0.275, "mark_price": 0.26848526, "iv": 73.42, "instrument_name": "BTC-31MAR23-15000-C", "index_price": 18420.31, "direction": "buy", "amount": 0.1}, {"trade_seq": 83, "trade_id": "234297075", "timestamp": 1667950771134, "tick_direction": 0, "price": 0.2745, "mark_price": 0.27432077, "iv": 70.96, "instrument_name": "BTC-31MAR23-15000-C", "index_price": 18583.3, "direction": "buy", "amount": 0.1}, {"trade_seq": 82, "trade_id": "234275459", "timestamp": 1667943697688, "tick_direction": 2, "price": 0.2725, "mark_price": 0.27289326, "iv": 71.69, "instrument_name": "BTC-31MAR23-15000-C", "index_price": 18454.67, "direction": "buy", "amount": 0.1}, {"trade_seq": 81, "trade_id": "234229815", "timestamp": 1667937352920, "tick_direction": 2, "price": 0.275, "mark_price": 0.27580867, "iv": 75.43, "instrument_name": "BTC-31MAR23-15000-C", "index_price": 18292.41, "direction": "buy", "amount": 0.2}, {"trade_seq": 80, "trade_id": "234158738", "timestamp": 1667934141668, "tick_direction": 3, "price": 0.281, "mark_price": 0.27930316, "iv": 73.56, "instrument_name": "BTC-31MAR23-15000-C", "index_price": 18622.12, "direction": "buy", "amount": 0.1}, {"trade_seq": 79, "trade_id": "234158732", "timestamp": 1667934139446, "tick_direction": 3, "price": 0.281, "mark_price": 0.27951457, "iv": 73.45, "instrument_name": "BTC-31MAR23-15000-C", "index_price": 18630.55, "direction": "buy", "amount": 0.1}, {"trade_seq": 78, "trade_id": "234158731", "timestamp": 1667934138602, "tick_direction": 2, "price": 0.281, "mark_price": 0.27943942, "iv": 73.49, "instrument_name": "BTC-31MAR23-15000-C", "index_price": 18627.86, "direction": "buy", "amount": 0.1}, {"trade_seq": 77, "trade_id": "234158725", "timestamp": 1667934136571, "tick_direction": 2, "price": 0.2855, "mark_price": 0.27948691, "iv": 75.78, "instrument_name": "BTC-31MAR23-15000-C", "index_price": 18630.74, "direction": "buy", "amount": 0.1}, {"trade_seq": 76, "trade_id": "233892572", "timestamp": 1667858377121, "tick_direction": 1, "price": 0.326, "mark_price": 0.32209046, "iv": 69.09, "instrument_name": "BTC-31MAR23-15000-C", "index_price": 20682.13, "direction": "sell", "amount": 0.3}, {"trade_seq": 75, "trade_id": "233594278", "timestamp": 1667571404011, "tick_direction": 1, "price": 0.326, "mark_price": 0.32887149, "iv": 63.8, "instrument_name": "BTC-31MAR23-15000-C", "index_price": 20978.56, "direction": "sell", "amount": 0.2}, {"trade_seq": 74, "trade_id": "233594271", "timestamp": 1667571402877, "tick_direction": 0, "price": 0.326, "mark_price": 0.32875201, "iv": 63.84, "instrument_name": "BTC-31MAR23-15000-C", "index_price": 20976.71, "direction": "sell", "amount": 0.4}, {"trade_seq": 73, "trade_id": "233594264", "timestamp": 1667571402016, "tick_direction": 0, "price": 0.3245, "mark_price": 0.32875201, "iv": 62.86, "instrument_name": "BTC-31MAR23-15000-C", "index_price": 20974.41, "direction": "sell", "amount": 0.4}, {"trade_seq": 72, "trade_id": "233443725", "timestamp": 1667424694079, "tick_direction": 1, "price": 0.31, "mark_price": 0.30865028, "iv": 67.02, "instrument_name": "BTC-31MAR23-15000-C", "index_price": 20139.08, "direction": "sell", "amount": 0.5}, {"trade_seq": 71, "trade_id": "232677945", "timestamp": 1666713045349, "tick_direction": 0, "price": 0.31, "mark_price": 0.30953, "iv": 70.36, "instrument_name": "BTC-31MAR23-15000-C", "index_price": 19788.87, "direction": "buy", "amount": 0.1}, {"trade_seq": 70, "trade_id": "232176779", "timestamp": 1666016003308, "tick_direction": 1, "price": 0.304, "mark_price": 0.30634693, "iv": 67.97, "instrument_name": "BTC-31MAR23-15000-C", "index_price": 19615.19, "direction": "sell", "amount": 0.1}, {"trade_seq": 69, "trade_id": "232176778", "timestamp": 1666016002969, "tick_direction": 1, "price": 0.304, "mark_price": 0.30634693, "iv": 67.97, "instrument_name": "BTC-31MAR23-15000-C", "index_price": 19615.06, "direction": "sell", "amount": 0.1}, {"trade_seq": 68, "trade_id": "232176777", "timestamp": 1666016002663, "tick_direction": 1, "price": 0.304, "mark_price": 0.3062824, "iv": 67.97, "instrument_name": "BTC-31MAR23-15000-C", "index_price": 19615.06, "direction": "sell", "amount": 0.1}, {"trade_seq": 67, "trade_id": "232176776", "timestamp": 1666016002323, "tick_direction": 1, "price": 0.304, "mark_price": 0.3062824, "iv": 67.97, "instrument_name": "BTC-31MAR23-15000-C", "index_price": 19615.06, "direction": "sell", "amount": 0.1}, {"trade_seq": 66, "trade_id": "232176767", "timestamp": 1666016001957, "tick_direction": 1, "price": 0.304, "mark_price": 0.3062824, "iv": 68.0, "instrument_name": "BTC-31MAR23-15000-C", "index_price": 19612.52, "direction": "sell", "amount": 0.1}, {"trade_seq": 65, "trade_id": "232176766", "timestamp": 1666016001624, "tick_direction": 1, "price": 0.304, "mark_price": 0.30628369, "iv": 68.0, "instrument_name": "BTC-31MAR23-15000-C", "index_price": 19612.52, "direction": "sell", "amount": 0.1}, {"trade_seq": 64, "trade_id": "232176764", "timestamp": 1666016001256, "tick_direction": 1, "price": 0.304, "mark_price": 0.30628369, "iv": 68.0, "instrument_name": "BTC-31MAR23-15000-C", "index_price": 19612.52, "direction": "sell", "amount": 0.1}, {"trade_seq": 63, "trade_id": "232176763", "timestamp": 1666016000875, "tick_direction": 1, "price": 0.304, "mark_price": 0.30628369, "iv": 68.0, "instrument_name": "BTC-31MAR23-15000-C", "index_price": 19612.63, "direction": "sell", "amount": 0.1}, {"trade_seq": 62, "trade_id": "232176762", "timestamp": 1666016000529, "tick_direction": 0, "price": 0.304, "mark_price": 0.30628646, "iv": 68.0, "instrument_name": "BTC-31MAR23-15000-C", "index_price": 19612.63, "direction": "sell", "amount": 0.1}, {"trade_seq": 61, "trade_id": "232176761", "timestamp": 1666016000204, "tick_direction": 2, "price": 0.303, "mark_price": 0.30628646, "iv": 67.48, "instrument_name": "BTC-31MAR23-15000-C", "index_price": 19612.63, "direction": "sell", "amount": 0.1}, {"trade_seq": 60, "trade_id": "232031452", "timestamp": 1665753975594, "tick_direction": 1, "price": 0.3115, "mark_price": 0.31188245, "iv": 70.18, "instrument_name": "BTC-31MAR23-15000-C", "index_price": 19701.74, "direction": "buy", "amount": 1.1}, {"trade_seq": 59, "trade_id": "232031450", "timestamp": 1665753974602, "tick_direction": 1, "price": 0.3115, "mark_price": 0.31188168, "iv": 70.18, "instrument_name": "BTC-31MAR23-15000-C", "index_price": 19700.69, "direction": "buy", "amount": 2.1}, {"trade_seq": 58, "trade_id": "232031449", "timestamp": 1665753974569, "tick_direction": 0, "price": 0.3115, "mark_price": 0.31188168, "iv": 70.18, "instrument_name": "BTC-31MAR23-15000-C", "index_price": 19700.69, "direction": "buy", "amount": 6.8}, {"trade_seq": 57, "trade_id": "231888554", "timestamp": 1665669396096, "tick_direction": 3, "price": 0.2835, "mark_price": 0.28324764, "iv": 71.77, "instrument_name": "BTC-31MAR23-15000-C", "index_price": 18430.38, "direction": "sell", "amount": 0.8}, {"trade_seq": 56, "trade_id": "231888552", "timestamp": 1665669396051, "tick_direction": 3, "price": 0.2835, "mark_price": 0.28324764, "iv": 71.77, "instrument_name": "BTC-31MAR23-15000-C", "index_price": 18430.38, "direction": "sell", "amount": 1.1}, {"trade_seq": 55, "trade_id": "231888544", "timestamp": 1665669392617, "tick_direction": 3, "price": 0.2835, "mark_price": 0.28332011, "iv": 71.73, "instrument_name": "BTC-31MAR23-15000-C", "index_price": 18433.71, "direction": "sell", "amount": 1.1}, {"trade_seq": 54, "trade_id": "231888540", "timestamp": 1665669391319, "tick_direction": 2, "price": 0.2835, "mark_price": 0.28331902, "iv": 71.73, "instrument_name": "BTC-31MAR23-15000-C", "index_price": 18433.8, "direction": "sell", "amount": 7.0}, {"trade_seq": 53, "trade_id": "231775425", "timestamp": 1665586567815, "tick_direction": 3, "price": 0.301, "mark_price": 0.30382861, "iv": 71.56, "instrument_name": "BTC-31MAR23-15000-C", "index_price": 19100.71, "direction": "sell", "amount": 0.1}, {"trade_seq": 52, "trade_id": "231775424", "timestamp": 1665586567465, "tick_direction": 3, "price": 0.301, "mark_price": 0.30382861, "iv": 71.56, "instrument_name": "BTC-31MAR23-15000-C", "index_price": 19101.11, "direction": "sell", "amount": 0.1}, {"trade_seq": 51, "trade_id": "231775423", "timestamp": 1665586567123, "tick_direction": 3, "price": 0.301, "mark_price": 0.30382861, "iv": 71.56, "instrument_name": "BTC-31MAR23-15000-C", "index_price": 19101.11, "direction": "sell", "amount": 0.1}, {"trade_seq": 50, "trade_id": "231775422", "timestamp": 1665586566789, "tick_direction": 3, "price": 0.301, "mark_price": 0.3038181, "iv": 71.56, "instrument_name": "BTC-31MAR23-15000-C", "index_price": 19101.11, "direction": "sell", "amount": 0.1}, {"trade_seq": 49, "trade_id": "231775421", "timestamp": 1665586566480, "tick_direction": 3, "price": 0.301, "mark_price": 0.3038181, "iv": 71.56, "instrument_name": "BTC-31MAR23-15000-C", "index_price": 19100.71, "direction": "sell", "amount": 0.1}, {"trade_seq": 48, "trade_id": "231775420", "timestamp": 1665586566149, "tick_direction": 3, "price": 0.301, "mark_price": 0.3038181, "iv": 71.56, "instrument_name": "BTC-31MAR23-15000-C", "index_price": 19100.71, "direction": "sell", "amount": 0.1}, {"trade_seq": 47, "trade_id": "231775419", "timestamp": 1665586565810, "tick_direction": 3, "price": 0.301, "mark_price": 0.30382636, "iv": 71.56, "instrument_name": "BTC-31MAR23-15000-C", "index_price": 19100.71, "direction": "sell", "amount": 0.1}, {"trade_seq": 46, "trade_id": "231775418", "timestamp": 1665586565497, "tick_direction": 3, "price": 0.301, "mark_price": 0.30382636, "iv": 71.56, "instrument_name": "BTC-31MAR23-15000-C", "index_price": 19101.06, "direction": "sell", "amount": 0.1}, {"trade_seq": 45, "trade_id": "231775417", "timestamp": 1665586565136, "tick_direction": 3, "price": 0.301, "mark_price": 0.30382636, "iv": 71.56, "instrument_name": "BTC-31MAR23-15000-C", "index_price": 19101.06, "direction": "sell", "amount": 0.1}, {"trade_seq": 44, "trade_id": "231775416", "timestamp": 1665586564786, "tick_direction": 2, "price": 0.301, "mark_price": 0.30383583, "iv": 71.56, "instrument_name": "BTC-31MAR23-15000-C", "index_price": 19101.06, "direction": "sell", "amount": 0.1}, {"trade_seq": 43, "trade_id": "231772352", "timestamp": 1665582282973, "tick_direction": 1, "price": 0.3035, "mark_price": 0.30493729, "iv": 72.31, "instrument_name": "BTC-31MAR23-15000-C", "index_price": 19136.48, "direction": "buy", "amount": 8.3}, {"trade_seq": 42, "trade_id": "231772323", "timestamp": 1665582276358, "tick_direction": 0, "price": 0.3035, "mark_price": 0.30473077, "iv": 72.41, "instrument_name": "BTC-31MAR23-15000-C", "index_price": 19125.34, "direction": "buy", "amount": 1.7}, {"trade_seq": 41, "trade_id": "231770991", "timestamp": 1665581191063, "tick_direction": 3, "price": 0.303, "mark_price": 0.30405649, "iv": 72.61, "instrument_name": "BTC-31MAR23-15000-C", "index_price": 19094.96, "direction": "buy", "amount": 10.0}, {"trade_seq": 40, "trade_id": "231770857", "timestamp": 1665580974788, "tick_direction": 3, "price": 0.303, "mark_price": 0.30362419, "iv": 72.79, "instrument_name": "BTC-31MAR23-15000-C", "index_price": 19085.27, "direction": "buy", "amount": 2.6}, {"trade_seq": 39, "trade_id": "231770802", "timestamp": 1665580938536, "tick_direction": 2, "price": 0.303, "mark_price": 0.30354801, "iv": 72.83, "instrument_name": "BTC-31MAR23-15000-C", "index_price": 19078.01, "direction": "buy", "amount": 7.4}, {"trade_seq": 38, "trade_id": "231540648", "timestamp": 1665329530200, "tick_direction": 1, "price": 0.315, "mark_price": 0.31470744, "iv": 72.86, "instrument_name": "BTC-31MAR23-15000-C", "index_price": 19512.13, "direction": "sell", "amount": 4.1}, {"trade_seq": 37, "trade_id": "231540579", "timestamp": 1665329343024, "tick_direction": 0, "price": 0.315, "mark_price": 0.31446096, "iv": 72.81, "instrument_name": "BTC-31MAR23-15000-C", "index_price": 19518.19, "direction": "sell", "amount": 5.9}, {"trade_seq": 36, "trade_id": "231505677", "timestamp": 1665265326930, "tick_direction": 3, "price": 0.31, "mark_price": 0.30799403, "iv": 72.2, "instrument_name": "BTC-31MAR23-15000-C", "index_price": 19361.58, "direction": "sell", "amount": 9.2}, {"trade_seq": 35, "trade_id": "231505535", "timestamp": 1665265326248, "tick_direction": 2, "price": 0.31, "mark_price": 0.30808183, "iv": 72.2, "instrument_name": "BTC-31MAR23-15000-C", "index_price": 19361.58, "direction": "sell", "amount": 0.8}, {"trade_seq": 34, "trade_id": "231493675", "timestamp": 1665234763693, "tick_direction": 3, "price": 0.313, "mark_price": 0.31207119, "iv": 72.01, "instrument_name": "BTC-31MAR23-15000-C", "index_price": 19495.98, "direction": "sell", "amount": 1.4}, {"trade_seq": 33, "trade_id": "231493674", "timestamp": 1665234703282, "tick_direction": 3, "price": 0.313, "mark_price": 0.31211223, "iv": 72.01, "instrument_name": "BTC-31MAR23-15000-C", "index_price": 19496.35, "direction": "sell", "amount": 0.7}, {"trade_seq": 32, "trade_id": "231493673", "timestamp": 1665234668866, "tick_direction": 3, "price": 0.313, "mark_price": 0.31216297, "iv": 72.0, "instrument_name": "BTC-31MAR23-15000-C", "index_price": 19497.3, "direction": "sell", "amount": 1.5}, {"trade_seq": 31, "trade_id": "231493672", "timestamp": 1665234665880, "tick_direction": 3, "price": 0.313, "mark_price": 0.31216525, "iv": 72.0, "instrument_name": "BTC-31MAR23-15000-C", "index_price": 19497.25, "direction": "sell", "amount": 1.1}, {"trade_seq": 30, "trade_id": "231493606", "timestamp": 1665234314717, "tick_direction": 2, "price": 0.313, "mark_price": 0.31248111, "iv": 71.92, "instrument_name": "BTC-31MAR23-15000-C", "index_price": 19501.71, "direction": "sell", "amount": 5.3}, {"trade_seq": 29, "trade_id": "230107841", "timestamp": 1664046803123, "tick_direction": 0, "price": 0.3135, "mark_price": 0.31356829, "iv": 73.97, "instrument_name": "BTC-31MAR23-15000-C", "index_price": 19113.01, "direction": "buy", "amount": 0.1}, {"trade_seq": 28, "trade_id": "230107722", "timestamp": 1664046378573, "tick_direction": 0, "price": 0.313, "mark_price": 0.31306454, "iv": 73.77, "instrument_name": "BTC-31MAR23-15000-C", "index_price": 19118.96, "direction": "buy", "amount": 0.1}, {"trade_seq": 27, "trade_id": "230107575", "timestamp": 1664046059779, "tick_direction": 0, "price": 0.3125, "mark_price": 0.31263643, "iv": 73.55, "instrument_name": "BTC-31MAR23-15000-C", "index_price": 19120.93, "direction": "buy", "amount": 1.4}, {"trade_seq": 26, "trade_id": "229973748", "timestamp": 1663912606744, "tick_direction": 2, "price": 0.323, "mark_price": 0.32434275, "iv": 75.19, "instrument_name": "BTC-31MAR23-15000-C", "index_price": 19373.66, "direction": "buy", "amount": 10.0}, {"trade_seq": 25, "trade_id": "229972637", "timestamp": 1663910103727, "tick_direction": 3, "price": 0.324, "mark_price": 0.32530113, "iv": 75.43, "instrument_name": "BTC-31MAR23-15000-C", "index_price": 19384.28, "direction": "buy", "amount": 9.9}, {"trade_seq": 24, "trade_id": "229972090", "timestamp": 1663909560061, "tick_direction": 3, "price": 0.324, "mark_price": 0.3270362, "iv": 74.74, "instrument_name": "BTC-31MAR23-15000-C", "index_price": 19450.01, "direction": "buy", "amount": 10.0}, {"trade_seq": 23, "trade_id": "229971998", "timestamp": 1663909424156, "tick_direction": 3, "price": 0.324, "mark_price": 0.32671484, "iv": 75.01, "instrument_name": "BTC-31MAR23-15000-C", "index_price": 19426.2, "direction": "buy", "amount": 10.0}, {"trade_seq": 22, "trade_id": "229971978", "timestamp": 1663909357455, "tick_direction": 2, "price": 0.324, "mark_price": 0.32711798, "iv": 74.84, "instrument_name": "BTC-31MAR23-15000-C", "index_price": 19429.0, "direction": "buy", "amount": 1.0}, {"trade_seq": 21, "trade_id": "229971483", "timestamp": 1663908911815, "tick_direction": 3, "price": 0.326, "mark_price": 0.32777371, "iv": 75.52, "instrument_name": "BTC-31MAR23-15000-C", "index_price": 19467.46, "direction": "buy", "amount": 1.0}, {"trade_seq": 20, "trade_id": "229971477", "timestamp": 1663908905028, "tick_direction": 2, "price": 0.326, "mark_price": 0.32770145, "iv": 75.53, "instrument_name": "BTC-31MAR23-15000-C", "index_price": 19466.19, "direction": "buy", "amount": 0.1}, {"trade_seq": 19, "trade_id": "229971438", "timestamp": 1663908824971, "tick_direction": 1, "price": 0.327, "mark_price": 0.3277821, "iv": 76.01, "instrument_name": "BTC-31MAR23-15000-C", "index_price": 19464.46, "direction": "buy", "amount": 0.2}, {"trade_seq": 18, "trade_id": "229971437", "timestamp": 1663908824665, "tick_direction": 1, "price": 0.327, "mark_price": 0.3277821, "iv": 76.01, "instrument_name": "BTC-31MAR23-15000-C", "index_price": 19464.46, "direction": "buy", "amount": 0.7}, {"trade_seq": 17, "trade_id": "229971436", "timestamp": 1663908823685, "tick_direction": 0, "price": 0.327, "mark_price": 0.32774706, "iv": 75.99, "instrument_name": "BTC-31MAR23-15000-C", "index_price": 19465.85, "direction": "buy", "amount": 1.1}, {"trade_seq": 16, "trade_id": "229691450", "timestamp": 1663744064577, "tick_direction": 0, "price": 0.3145, "mark_price": 0.31289102, "iv": 76.71, "instrument_name": "BTC-31MAR23-15000-C", "index_price": 18829.53, "direction": "sell", "amount": 2.0}, {"trade_seq": 15, "trade_id": "229689575", "timestamp": 1663742356668, "tick_direction": 2, "price": 0.314, "mark_price": 0.31275308, "iv": 76.45, "instrument_name": "BTC-31MAR23-15000-C", "index_price": 18829.05, "direction": "sell", "amount": 13.0}, {"trade_seq": 14, "trade_id": "229679690", "timestamp": 1663729303289, "tick_direction": 3, "price": 0.317, "mark_price": 0.31652268, "iv": 75.78, "instrument_name": "BTC-31MAR23-15000-C", "index_price": 19023.27, "direction": "sell", "amount": 6.5}, {"trade_seq": 13, "trade_id": "229679629", "timestamp": 1663729028514, "tick_direction": 2, "price": 0.317, "mark_price": 0.3166582, "iv": 75.77, "instrument_name": "BTC-31MAR23-15000-C", "index_price": 19016.09, "direction": "sell", "amount": 6.4}, {"trade_seq": 12, "trade_id": "229678577", "timestamp": 1663726976506, "tick_direction": 0, "price": 0.3175, "mark_price": 0.31606636, "iv": 76.31, "instrument_name": "BTC-31MAR23-15000-C", "index_price": 18988.07, "direction": "sell", "amount": 9.0}, {"trade_seq": 11, "trade_id": "229671215", "timestamp": 1663716854774, "tick_direction": 0, "price": 0.3115, "mark_price": 0.3110404, "iv": 74.99, "instrument_name": "BTC-31MAR23-15000-C", "index_price": 18864.44, "direction": "sell", "amount": 1.0}, {"trade_seq": 10, "trade_id": "229649964", "timestamp": 1663695626592, "tick_direction": 3, "price": 0.31, "mark_price": 0.30922553, "iv": 74.67, "instrument_name": "BTC-31MAR23-15000-C", "index_price": 18817.63, "direction": "sell", "amount": 5.0}, {"trade_seq": 9, "trade_id": "229649262", "timestamp": 1663695367029, "tick_direction": 2, "price": 0.31, "mark_price": 0.30990791, "iv": 74.39, "instrument_name": "BTC-31MAR23-15000-C", "index_price": 18843.47, "direction": "sell", "amount": 1.1}, {"trade_seq": 8, "trade_id": "228759932", "timestamp": 1662802403643, "tick_direction": 2, "price": 0.3785, "mark_price": 0.37831329, "iv": 78.24, "instrument_name": "BTC-31MAR23-15000-C", "index_price": 21345.49, "direction": "sell", "amount": 1.0}, {"trade_seq": 7, "trade_id": "227082735", "timestamp": 1660949168962, "tick_direction": 2, "price": 0.3815, "mark_price": 0.38167793, "iv": 78.5, "instrument_name": "BTC-31MAR23-15000-C", "index_price": 21015.6, "direction": "buy", "amount": 0.1}, {"trade_seq": 6, "trade_id": "227037055", "timestamp": 1660923747575, "tick_direction": 2, "price": 0.3915, "mark_price": 0.39024229, "iv": 79.67, "instrument_name": "BTC-31MAR23-15000-C", "index_price": 21406.87, "direction": "sell", "amount": 0.1}, {"trade_seq": 5, "trade_id": "220441125", "timestamp": 1655823893877, "tick_direction": 0, "price": 0.4185, "mark_price": 0.41720789, "iv": 80.76, "instrument_name": "BTC-31MAR23-15000-C", "index_price": 21532.39, "direction": "sell", "block_trade_id": "42696", "amount": 150.0}, {"trade_seq": 4, "trade_id": "219962562", "timestamp": 1655623923308, "tick_direction": 2, "price": 0.36, "mark_price": 0.35381109, "iv": 81.0, "instrument_name": "BTC-31MAR23-15000-C", "index_price": 18421.13, "direction": "sell", "amount": 1.0}, {"trade_seq": 3, "trade_id": "219090776", "timestamp": 1655318291467, "tick_direction": 1, "price": 0.4155, "mark_price": 0.41002176, "iv": 82.24, "instrument_name": "BTC-31MAR23-15000-C", "index_price": 20954.66, "direction": "buy", "amount": 7.0}, {"trade_seq": 2, "trade_id": "219090774", "timestamp": 1655318291430, "tick_direction": 0, "price": 0.4155, "mark_price": 0.41002176, "iv": 82.24, "instrument_name": "BTC-31MAR23-15000-C", "index_price": 20954.66, "direction": "buy", "amount": 8.0}, {"trade_seq": 1, "trade_id": "219087885", "timestamp": 1655317875157, "tick_direction": 1, "price": 0.4075, "mark_price": 0.40918144, "iv": 81.3, "instrument_name": "BTC-31MAR23-15000-C", "index_price": 20633.73, "direction": "sell", "amount": 1.0}], "has_more": false}