{"trades": [{"trade_seq": 4189, "trade_id": "238262787", "timestamp": 1671979298024, "tick_direction": 3, "price": 0.0005, "mark_price": 1.29e-05, "iv": 119.08, "instrument_name": "BTC-30DEC22-23000-C", "index_price": 16747.56, "direction": "buy", "amount": 0.1}, {"trade_seq": 4188, "trade_id": "238202962", "timestamp": 1671750157152, "tick_direction": 3, "price": 0.0005, "mark_price": 0.000182, "iv": 94.52, "instrument_name": "BTC-30DEC22-23000-C", "index_price": 16801.87, "direction": "buy", "amount": 1.0}, {"trade_seq": 4187, "trade_id": "238161611", "timestamp": 1671693739917, "tick_direction": 3, "price": 0.0005, "mark_price": 0.00027259, "iv": 90.45, "instrument_name": "BTC-30DEC22-23000-C", "index_price": 16817.36, "direction": "buy", "amount": 0.5}, {"trade_seq": 4186, "trade_id": "238089960", "timestamp": 1671543976731, "tick_direction": 3, "price": 0.0005, "mark_price": 0.0007237, "iv": 82.05, "instrument_name": "BTC-30DEC22-23000-C", "index_price": 16819.72, "direction": "sell", "amount": 1.0}, {"trade_seq": 4185, "trade_id": "238089959", "timestamp": 1671543976731, "tick_direction": 3, "price": 0.0005, "mark_price": 0.0007237, "iv": 82.05, "instrument_name": "BTC-30DEC22-23000-C", "index_price": 16819.72, "direction": "sell", "amount": 0.1}, {"trade_seq": 4184, "trade_id": "238089958", "timestamp": 1671543976731, "tick_direction": 3, "price": 0.0005, "mark_price": 0.0007237, "iv": 82.05, "instrument_name": "BTC-30DEC22-23000-C", "index_price": 16819.72, "direction": "sell", "amount": 1.4}, {"trade_seq": 4183, "trade_id": "238089957", "timestamp": 1671543976731, "tick_direction": 3, "price": 0.0005, "mark_price": 0.0007237, "iv": 82.05, "instrument_name": "BTC-30DEC22-23000-C", "index_price": 16819.72, "direction": "sell", "amount": 1.0}, {"trade_seq": 4182, "trade_id": "238089956", "timestamp": 1671543976731, "tick_direction": 3, "price": 0.0005, "mark_price": 0.0007237, "iv": 82.05, "instrument_name": "BTC-30DEC22-23000-C", "index_price": 16819.72, "direction": "sell", "amount": 14.3}, {"trade_seq": 4181, "trade_id": "238089955", "timestamp": 1671543976715, "tick_direction": 3, "price": 0.0005, "mark_price": 0.0007237, "iv": 82.05, "instrument_name": "BTC-30DEC22-23000-C", "index_price": 16819.72, "direction": "sell", "amount": 21.0}, {"trade_seq": 4180, "trade_id": "238083954", "timestamp": 1671531266548, "tick_direction": 3, "price": 0.0005, "mark_price": 0.00071761, "iv": 81.55, "instrument_name": "BTC-30DEC22-23000-C", "index_price": 16808.25, "direction": "sell", "amount": 12.7}, {"trade_seq": 4179, "trade_id": "238083953", "timestamp": 1671531266430, "tick_direction": 3, "price": 0.0005, "mark_price": 0.00071761, "iv": 81.55, "instrument_name": "BTC-30DEC22-23000-C", "index_price": 16808.25, "direction": "sell", "amount": 15.0}, {"trade_seq": 4178, "trade_id": "238083853", "timestamp": 1671531076090, "tick_direction": 2, "price": 0.0005, "mark_price": 0.00071743, "iv": 81.5, "instrument_name": "BTC-30DEC22-23000-C", "index_price": 16812.09, "direction": "sell", "amount": 2.0}, {"trade_seq": 4177, "trade_id": "238078665", "timestamp": 1671524103076, "tick_direction": 1, "price": 0.001, "mark_price": 0.00071525, "iv": 89.34, "instrument_name": "BTC-30DEC22-23000-C", "index_price": 16795.42, "direction": "buy", "amount": 0.3}, {"trade_seq": 4176, "trade_id": "238078664", "timestamp": 1671524103076, "tick_direction": 1, "price": 0.001, "mark_price": 0.00071525, "iv": 89.34, "instrument_name": "BTC-30DEC22-23000-C", "index_price": 16795.42, "direction": "buy", "amount": 0.1}, {"trade_seq": 4175, "trade_id": "238078663", "timestamp": 1671524103076, "tick_direction": 0, "price": 0.001, "mark_price": 0.00071525, "iv": 89.34, "instrument_name": "BTC-30DEC22-23000-C", "index_price": 16795.42, "direction": "buy", "amount": 0.6}, {"trade_seq": 4174, "trade_id": "238072737", "timestamp": 1671515861663, "tick_direction": 3, "price": 0.0005, "mark_price": 0.00072186, "iv": 81.17, "instrument_name": "BTC-30DEC22-23000-C", "index_price": 16789.78, "direction": "sell", "amount": 1.0}, {"trade_seq": 4173, "trade_id": "238071047", "timestamp": 1671512170008, "tick_direction": 3, "price": 0.0005, "mark_price": 0.00072221, "iv": 80.74, "instrument_name": "BTC-30DEC22-23000-C", "index_price": 16805.7, "direction": "sell", "amount": 0.8}, {"trade_seq": 4172, "trade_id": "238056844", "timestamp": 1671501057750, "tick_direction": 2, "price": 0.0005, "mark_price": 0.00073405, "iv": 83.55, "instrument_name": "BTC-30DEC22-23000-C", "index_price": 16563.7, "direction": "sell", "amount": 30.0}, {"trade_seq": 4171, "trade_id": "238050629", "timestamp": 1671493040882, "tick_direction": 1, "price": 0.001, "mark_price": 0.00072499, "iv": 93.14, "instrument_name": "BTC-30DEC22-23000-C", "index_price": 16418.42, "direction": "buy", "amount": 4.9}, {"trade_seq": 4170, "trade_id": "238050628", "timestamp": 1671493040882, "tick_direction": 0, "price": 0.001, "mark_price": 0.00072499, "iv": 93.14, "instrument_name": "BTC-30DEC22-23000-C", "index_price": 16418.42, "direction": "buy", "amount": 0.1}, {"trade_seq": 4169, "trade_id": "238050166", "timestamp": 1671491765030, "tick_direction": 3, "price": 0.0005, "mark_price": 0.00070572, "iv": 85.48, "instrument_name": "BTC-30DEC22-23000-C", "index_price": 16378.29, "direction": "sell", "amount": 1.0}, {"trade_seq": 4168, "trade_id": "238029079", "timestamp": 1671470054260, "tick_direction": 3, "price": 0.0005, "mark_price": 0.0007172, "iv": 81.12, "instrument_name": "BTC-30DEC22-23000-C", "index_price": 16631.13, "direction": "sell", "amount": 1.0}, {"trade_seq": 4167, "trade_id": "237984415", "timestamp": 1671349195866, "tick_direction": 3, "price": 0.0005, "mark_price": 0.00072133, "iv": 74.82, "instrument_name": "BTC-30DEC22-23000-C", "index_price": 16756.86, "direction": "sell", "amount": 0.1}, {"trade_seq": 4166, "trade_id": "237974338", "timestamp": 1671317477463, "tick_direction": 2, "price": 0.0005, "mark_price": 0.00092133, "iv": 73.93, "instrument_name": "BTC-30DEC22-23000-C", "index_price": 16747.04, "direction": "sell", "amount": 1.0}, {"trade_seq": 4165, "trade_id": "237941962", "timestamp": 1671235014594, "tick_direction": 1, "price": 0.0015, "mark_price": 0.00092612, "iv": 84.81, "instrument_name": "BTC-30DEC22-23000-C", "index_price": 16625.34, "direction": "buy", "amount": 0.9}, {"trade_seq": 4164, "trade_id": "237941961", "timestamp": 1671235014594, "tick_direction": 0, "price": 0.0015, "mark_price": 0.00092612, "iv": 84.81, "instrument_name": "BTC-30DEC22-23000-C", "index_price": 16625.34, "direction": "buy", "amount": 2.1}, {"trade_seq": 4163, "trade_id": "237878283", "timestamp": 1671191852154, "tick_direction": 0, "price": 0.001, "mark_price": 0.00071881, "iv": 73.23, "instrument_name": "BTC-30DEC22-23000-C", "index_price": 17020.85, "direction": "buy", "amount": 10.0}, {"trade_seq": 4162, "trade_id": "237863535", "timestamp": 1671181411536, "tick_direction": 3, "price": 0.0005, "mark_price": 0.00070931, "iv": 65.75, "instrument_name": "BTC-30DEC22-23000-C", "index_price": 17069.21, "direction": "sell", "amount": 0.1}, {"trade_seq": 4161, "trade_id": "237854167", "timestamp": 1671179829127, "tick_direction": 2, "price": 0.0005, "mark_price": 0.00071862, "iv": 61.31, "instrument_name": "BTC-30DEC22-23000-C", "index_price": 17460.08, "direction": "sell", "amount": 0.1}, {"trade_seq": 4160, "trade_id": "237809705", "timestamp": 1671115344901, "tick_direction": 3, "price": 0.001, "mark_price": 0.00089361, "iv": 65.14, "instrument_name": "BTC-30DEC22-23000-C", "index_price": 17511.95, "direction": "sell", "amount": 5.1}, {"trade_seq": 4159, "trade_id": "237809704", "timestamp": 1671115344898, "tick_direction": 3, "price": 0.001, "mark_price": 0.00089361, "iv": 65.14, "instrument_name": "BTC-30DEC22-23000-C", "index_price": 17511.95, "direction": "sell", "amount": 20.0}, {"trade_seq": 4158, "trade_id": "237806474", "timestamp": 1671112198768, "tick_direction": 3, "price": 0.001, "mark_price": 0.00093622, "iv": 65.65, "instrument_name": "BTC-30DEC22-23000-C", "index_price": 17471.3, "direction": "sell", "amount": 2.1}, {"trade_seq": 4157, "trade_id": "237805640", "timestamp": 1671111920094, "tick_direction": 3, "price": 0.001, "mark_price": 0.00099327, "iv": 65.41, "instrument_name": "BTC-30DEC22-23000-C", "index_price": 17493.05, "direction": "sell", "amount": 0.3}, {"trade_seq": 4156, "trade_id": "237805639", "timestamp": 1671111920094, "tick_direction": 3, "price": 0.001, "mark_price": 0.00099327, "iv": 65.41, "instrument_name": "BTC-30DEC22-23000-C", "index_price": 17493.05, "direction": "sell", "amount": 0.1}, {"trade_seq": 4155, "trade_id": "237805638", "timestamp": 1671111920094, "tick_direction": 3, "price": 0.001, "mark_price": 0.00099327, "iv": 65.41, "instrument_name": "BTC-30DEC22-23000-C", "index_price": 17493.05, "direction": "sell", "amount": 0.1}, {"trade_seq": 4154, "trade_id": "237793365", "timestamp": 1671097924825, "tick_direction": 2, "price": 0.001, "mark_price": 0.00124458, "iv": 62.77, "instrument_name": "BTC-30DEC22-23000-C", "index_price": 17684.36, "direction": "sell", "amount": 0.1}, {"trade_seq": 4153, "trade_id": "237790307", "timestamp": 1671092163908, "tick_direction": 0, "price": 0.0015, "mark_price": 0.00119068, "iv": 66.79, "instrument_name": "BTC-30DEC22-23000-C", "index_price": 17673.25, "direction": "buy", "amount": 0.4}, {"trade_seq": 4152, "trade_id": "237787901", "timestamp": 1671090763884, "tick_direction": 3, "price": 0.001, "mark_price": 0.00123397, "iv": 61.91, "instrument_name": "BTC-30DEC22-23000-C", "index_price": 17736.54, "direction": "sell", "amount": 5.0}, {"trade_seq": 4151, "trade_id": "237786200", "timestamp": 1671087295106, "tick_direction": 2, "price": 0.001, "mark_price": 0.00122, "iv": 61.96, "instrument_name": "BTC-30DEC22-23000-C", "index_price": 17728.29, "direction": "sell", "amount": 1.0}, {"trade_seq": 4150, "trade_id": "237772401", "timestamp": 1671060641924, "tick_direction": 3, "price": 0.0015, "mark_price": 0.00123015, "iv": 64.41, "instrument_name": "BTC-30DEC22-23000-C", "index_price": 17806.61, "direction": "sell", "amount": 2.4}, {"trade_seq": 4149, "trade_id": "237772400", "timestamp": 1671060635869, "tick_direction": 3, "price": 0.0015, "mark_price": 0.00122538, "iv": 64.4, "instrument_name": "BTC-30DEC22-23000-C", "index_price": 17806.85, "direction": "buy", "amount": 2.2}, {"trade_seq": 4148, "trade_id": "237772399", "timestamp": 1671060635869, "tick_direction": 2, "price": 0.0015, "mark_price": 0.00122538, "iv": 64.4, "instrument_name": "BTC-30DEC22-23000-C", "index_price": 17806.85, "direction": "buy", "amount": 10.4}, {"trade_seq": 4147, "trade_id": "237744309", "timestamp": 1671044872285, "tick_direction": 0, "price": 0.002, "mark_price": 0.00183065, "iv": 65.56, "instrument_name": "BTC-30DEC22-23000-C", "index_price": 17951.05, "direction": "buy", "amount": 0.5}, {"trade_seq": 4146, "trade_id": "237743449", "timestamp": 1671044786348, "tick_direction": 3, "price": 0.0015, "mark_price": 0.00191705, "iv": 61.98, "instrument_name": "BTC-30DEC22-23000-C", "index_price": 17997.51, "direction": "sell", "amount": 0.3}, {"trade_seq": 4145, "trade_id": "237740149", "timestamp": 1671044569497, "tick_direction": 2, "price": 0.0015, "mark_price": 0.0017114, "iv": 63.18, "instrument_name": "BTC-30DEC22-23000-C", "index_price": 17894.14, "direction": "buy", "amount": 0.5}, {"trade_seq": 4144, "trade_id": "237737942", "timestamp": 1671044526034, "tick_direction": 3, "price": 0.002, "mark_price": 0.0020459, "iv": 64.44, "instrument_name": "BTC-30DEC22-23000-C", "index_price": 18060.54, "direction": "sell", "amount": 0.2}, {"trade_seq": 4143, "trade_id": "237730259", "timestamp": 1671044301902, "tick_direction": 3, "price": 0.002, "mark_price": 0.00230947, "iv": 61.23, "instrument_name": "BTC-30DEC22-23000-C", "index_price": 18316.45, "direction": "sell", "amount": 0.1}, {"trade_seq": 4142, "trade_id": "237730085", "timestamp": 1671044247078, "tick_direction": 3, "price": 0.002, "mark_price": 0.00238227, "iv": 60.88, "instrument_name": "BTC-30DEC22-23000-C", "index_price": 18345.97, "direction": "sell", "amount": 0.2}, {"trade_seq": 4141, "trade_id": "237729706", "timestamp": 1671044211792, "tick_direction": 3, "price": 0.002, "mark_price": 0.00233668, "iv": 61.14, "instrument_name": "BTC-30DEC22-23000-C", "index_price": 18323.9, "direction": "sell", "amount": 0.2}, {"trade_seq": 4140, "trade_id": "237729686", "timestamp": 1671044196570, "tick_direction": 3, "price": 0.002, "mark_price": 0.00232658, "iv": 61.23, "instrument_name": "BTC-30DEC22-23000-C", "index_price": 18315.7, "direction": "sell", "amount": 0.2}, {"trade_seq": 4139, "trade_id": "237729402", "timestamp": 1671044042880, "tick_direction": 3, "price": 0.002, "mark_price": 0.00233278, "iv": 61.3, "instrument_name": "BTC-30DEC22-23000-C", "index_price": 18313.81, "direction": "sell", "amount": 0.2}, {"trade_seq": 4138, "trade_id": "237729282", "timestamp": 1671043935229, "tick_direction": 3, "price": 0.002, "mark_price": 0.00237498, "iv": 61.21, "instrument_name": "BTC-30DEC22-23000-C", "index_price": 18318.61, "direction": "sell", "amount": 0.2}, {"trade_seq": 4137, "trade_id": "237729276", "timestamp": 1671043930201, "tick_direction": 3, "price": 0.002, "mark_price": 0.00237704, "iv": 61.22, "instrument_name": "BTC-30DEC22-23000-C", "index_price": 18317.66, "direction": "sell", "amount": 0.2}, {"trade_seq": 4136, "trade_id": "237729263", "timestamp": 1671043922581, "tick_direction": 3, "price": 0.002, "mark_price": 0.00237943, "iv": 61.21, "instrument_name": "BTC-30DEC22-23000-C", "index_price": 18317.93, "direction": "sell", "amount": 0.2}, {"trade_seq": 4135, "trade_id": "237729251", "timestamp": 1671043913078, "tick_direction": 3, "price": 0.002, "mark_price": 0.00238629, "iv": 61.19, "instrument_name": "BTC-30DEC22-23000-C", "index_price": 18318.79, "direction": "sell", "amount": 0.2}, {"trade_seq": 4134, "trade_id": "237729227", "timestamp": 1671043900838, "tick_direction": 3, "price": 0.002, "mark_price": 0.00238486, "iv": 61.21, "instrument_name": "BTC-30DEC22-23000-C", "index_price": 18318.22, "direction": "sell", "amount": 0.2}, {"trade_seq": 4133, "trade_id": "237729191", "timestamp": 1671043857768, "tick_direction": 3, "price": 0.002, "mark_price": 0.00239611, "iv": 61.21, "instrument_name": "BTC-30DEC22-23000-C", "index_price": 18316.97, "direction": "sell", "amount": 0.2}, {"trade_seq": 4132, "trade_id": "237728956", "timestamp": 1671043641283, "tick_direction": 2, "price": 0.002, "mark_price": 0.00236078, "iv": 61.25, "instrument_name": "BTC-30DEC22-23000-C", "index_price": 18312.34, "direction": "sell", "amount": 0.2}, {"trade_seq": 4131, "trade_id": "237728659", "timestamp": 1671043376092, "tick_direction": 1, "price": 0.0025, "mark_price": 0.00226776, "iv": 64.08, "instrument_name": "BTC-30DEC22-23000-C", "index_price": 18293.91, "direction": "buy", "amount": 0.2}, {"trade_seq": 4130, "trade_id": "237728658", "timestamp": 1671043376092, "tick_direction": 0, "price": 0.0025, "mark_price": 0.00226776, "iv": 64.08, "instrument_name": "BTC-30DEC22-23000-C", "index_price": 18293.91, "direction": "buy", "amount": 0.1}, {"trade_seq": 4129, "trade_id": "237728355", "timestamp": 1671043231148, "tick_direction": 1, "price": 0.002, "mark_price": 0.00227012, "iv": 61.38, "instrument_name": "BTC-30DEC22-23000-C", "index_price": 18301.69, "direction": "sell", "amount": 0.4}, {"trade_seq": 4128, "trade_id": "237727715", "timestamp": 1671042988584, "tick_direction": 1, "price": 0.002, "mark_price": 0.00229687, "iv": 61.35, "instrument_name": "BTC-30DEC22-23000-C", "index_price": 18304.93, "direction": "sell", "amount": 0.2}, {"trade_seq": 4127, "trade_id": "237726886", "timestamp": 1671042732346, "tick_direction": 1, "price": 0.002, "mark_price": 0.00221143, "iv": 61.79, "instrument_name": "BTC-30DEC22-23000-C", "index_price": 18267.64, "direction": "sell", "amount": 0.2}, {"trade_seq": 4126, "trade_id": "237725783", "timestamp": 1671042187851, "tick_direction": 0, "price": 0.002, "mark_price": 0.00207764, "iv": 61.74, "instrument_name": "BTC-30DEC22-23000-C", "index_price": 18272.45, "direction": "buy", "amount": 0.2}, {"trade_seq": 4125, "trade_id": "237709499", "timestamp": 1671028828128, "tick_direction": 3, "price": 0.0015, "mark_price": 0.00184866, "iv": 61.26, "instrument_name": "BTC-30DEC22-23000-C", "index_price": 18026.12, "direction": "sell", "amount": 0.1}, {"trade_seq": 4124, "trade_id": "237709498", "timestamp": 1671028828128, "tick_direction": 3, "price": 0.0015, "mark_price": 0.00184866, "iv": 61.26, "instrument_name": "BTC-30DEC22-23000-C", "index_price": 18026.12, "direction": "sell", "amount": 11.6}, {"trade_seq": 4123, "trade_id": "237705336", "timestamp": 1671026247728, "tick_direction": 2, "price": 0.0015, "mark_price": 0.00175048, "iv": 62.8, "instrument_name": "BTC-30DEC22-23000-C", "index_price": 17891.9, "direction": "sell", "amount": 0.2}, {"trade_seq": 4122, "trade_id": "237683929", "timestamp": 1670988917443, "tick_direction": 3, "price": 0.002, "mark_price": 0.00193001, "iv": 66.18, "instrument_name": "BTC-30DEC22-23000-C", "index_price": 17791.27, "direction": "sell", "amount": 1.0}, {"trade_seq": 4121, "trade_id": "237683856", "timestamp": 1670988682336, "tick_direction": 3, "price": 0.002, "mark_price": 0.00192087, "iv": 66.16, "instrument_name": "BTC-30DEC22-23000-C", "index_price": 17791.12, "direction": "sell", "amount": 1.0}, {"trade_seq": 4120, "trade_id": "237670212", "timestamp": 1670954660066, "tick_direction": 3, "price": 0.002, "mark_price": 0.00224854, "iv": 66.98, "instrument_name": "BTC-30DEC22-23000-C", "index_price": 17655.74, "direction": "sell", "amount": 0.1}, {"trade_seq": 4119, "trade_id": "237670209", "timestamp": 1670954652943, "tick_direction": 3, "price": 0.002, "mark_price": 0.00224645, "iv": 66.99, "instrument_name": "BTC-30DEC22-23000-C", "index_price": 17654.71, "direction": "sell", "amount": 0.1}, {"trade_seq": 4118, "trade_id": "237663244", "timestamp": 1670946011079, "tick_direction": 2, "price": 0.002, "mark_price": 0.00217459, "iv": 65.77, "instrument_name": "BTC-30DEC22-23000-C", "index_price": 17743.62, "direction": "sell", "amount": 1.0}, {"trade_seq": 4117, "trade_id": "237659960", "timestamp": 1670943445891, "tick_direction": 1, "price": 0.0025, "mark_price": 0.00224598, "iv": 66.92, "instrument_name": "BTC-30DEC22-23000-C", "index_price": 17879.02, "direction": "buy", "amount": 0.8}, {"trade_seq": 4116, "trade_id": "237659959", "timestamp": 1670943445891, "tick_direction": 0, "price": 0.0025, "mark_price": 0.00224598, "iv": 66.92, "instrument_name": "BTC-30DEC22-23000-C", "index_price": 17879.02, "direction": "buy", "amount": 0.2}, {"trade_seq": 4115, "trade_id": "237605378", "timestamp": 1670913141787, "tick_direction": 3, "price": 0.002, "mark_price": 0.00175512, "iv": 71.44, "instrument_name": "BTC-30DEC22-23000-C", "index_price": 17203.84, "direction": "buy", "amount": 1.0}, {"trade_seq": 4114, "trade_id": "237573413", "timestamp": 1670835640664, "tick_direction": 3, "price": 0.002, "mark_price": 0.00217403, "iv": 72.39, "instrument_name": "BTC-30DEC22-23000-C", "index_price": 16934.39, "direction": "sell", "amount": 0.1}, {"trade_seq": 4113, "trade_id": "237573411", "timestamp": 1670835634553, "tick_direction": 3, "price": 0.002, "mark_price": 0.00217637, "iv": 72.39, "instrument_name": "BTC-30DEC22-23000-C", "index_price": 16934.51, "direction": "sell", "amount": 0.1}, {"trade_seq": 4112, "trade_id": "237573410", "timestamp": 1670835630508, "tick_direction": 3, "price": 0.002, "mark_price": 0.00217853, "iv": 72.39, "instrument_name": "BTC-30DEC22-23000-C", "index_price": 16934.84, "direction": "sell", "amount": 0.1}, {"trade_seq": 4111, "trade_id": "237573409", "timestamp": 1670835630485, "tick_direction": 3, "price": 0.002, "mark_price": 0.00217853, "iv": 72.39, "instrument_name": "BTC-30DEC22-23000-C", "index_price": 16934.84, "direction": "sell", "amount": 0.1}, {"trade_seq": 4110, "trade_id": "237573398", "timestamp": 1670835600243, "tick_direction": 3, "price": 0.002, "mark_price": 0.00219069, "iv": 72.38, "instrument_name": "BTC-30DEC22-23000-C", "index_price": 16936.67, "direction": "sell", "amount": 0.1}, {"trade_seq": 4109, "trade_id": "237573393", "timestamp": 1670835598019, "tick_direction": 3, "price": 0.002, "mark_price": 0.00219205, "iv": 72.38, "instrument_name": "BTC-30DEC22-23000-C", "index_price": 16936.9, "direction": "sell", "amount": 0.1}, {"trade_seq": 4108, "trade_id": "237573392", "timestamp": 1670835597992, "tick_direction": 3, "price": 0.002, "mark_price": 0.00219205, "iv": 72.38, "instrument_name": "BTC-30DEC22-23000-C", "index_price": 16936.96, "direction": "sell", "amount": 0.1}, {"trade_seq": 4107, "trade_id": "237573388", "timestamp": 1670835595967, "tick_direction": 3, "price": 0.002, "mark_price": 0.0021938, "iv": 72.37, "instrument_name": "BTC-30DEC22-23000-C", "index_price": 16937.58, "direction": "sell", "amount": 0.1}, {"trade_seq": 4106, "trade_id": "237573363", "timestamp": 1670835573614, "tick_direction": 3, "price": 0.002, "mark_price": 0.00219946, "iv": 72.37, "instrument_name": "BTC-30DEC22-23000-C", "index_price": 16936.92, "direction": "sell", "amount": 0.1}, {"trade_seq": 4105, "trade_id": "237573362", "timestamp": 1670835553305, "tick_direction": 3, "price": 0.002, "mark_price": 0.00220404, "iv": 72.37, "instrument_name": "BTC-30DEC22-23000-C", "index_price": 16936.71, "direction": "sell", "amount": 0.1}, {"trade_seq": 4104, "trade_id": "237573316", "timestamp": 1670835348082, "tick_direction": 3, "price": 0.002, "mark_price": 0.00223937, "iv": 72.44, "instrument_name": "BTC-30DEC22-23000-C", "index_price": 16933.01, "direction": "sell", "amount": 0.1}, {"trade_seq": 4103, "trade_id": "237573313", "timestamp": 1670835341982, "tick_direction": 3, "price": 0.002, "mark_price": 0.00224122, "iv": 72.44, "instrument_name": "BTC-30DEC22-23000-C", "index_price": 16933.27, "direction": "sell", "amount": 0.1}, {"trade_seq": 4102, "trade_id": "237573221", "timestamp": 1670835073827, "tick_direction": 3, "price": 0.002, "mark_price": 0.00224452, "iv": 72.43, "instrument_name": "BTC-30DEC22-23000-C", "index_price": 16930.65, "direction": "sell", "amount": 0.1}, {"trade_seq": 4101, "trade_id": "237573205", "timestamp": 1670835027184, "tick_direction": 3, "price": 0.002, "mark_price": 0.002246, "iv": 72.42, "instrument_name": "BTC-30DEC22-23000-C", "index_price": 16930.87, "direction": "sell", "amount": 0.1}, {"trade_seq": 4100, "trade_id": "237573204", "timestamp": 1670835027174, "tick_direction": 3, "price": 0.002, "mark_price": 0.002246, "iv": 72.42, "instrument_name": "BTC-30DEC22-23000-C", "index_price": 16930.87, "direction": "sell", "amount": 0.1}, {"trade_seq": 4099, "trade_id": "237573203", "timestamp": 1670835027159, "tick_direction": 3, "price": 0.002, "mark_price": 0.002246, "iv": 72.42, "instrument_name": "BTC-30DEC22-23000-C", "index_price": 16930.87, "direction": "sell", "amount": 0.1}, {"trade_seq": 4098, "trade_id": "237573201", "timestamp": 1670835025177, "tick_direction": 3, "price": 0.002, "mark_price": 0.00224606, "iv": 72.42, "instrument_name": "BTC-30DEC22-23000-C", "index_price": 16930.84, "direction": "sell", "amount": 0.1}, {"trade_seq": 4097, "trade_id": "237573200", "timestamp": 1670835025168, "tick_direction": 3, "price": 0.002, "mark_price": 0.00224606, "iv": 72.42, "instrument_name": "BTC-30DEC22-23000-C", "index_price": 16930.84, "direction": "sell", "amount": 0.1}, {"trade_seq": 4096, "trade_id": "237573199", "timestamp": 1670835025160, "tick_direction": 3, "price": 0.002, "mark_price": 0.00224606, "iv": 72.42, "instrument_name": "BTC-30DEC22-23000-C", "index_price": 16930.84, "direction": "sell", "amount": 0.1}, {"trade_seq": 4095, "trade_id": "237573198", "timestamp": 1670835025148, "tick_direction": 3, "price": 0.002, "mark_price": 0.00224606, "iv": 72.42, "instrument_name": "BTC-30DEC22-23000-C", "index_price": 16930.84, "direction": "sell", "amount": 0.1}, {"trade_seq": 4094, "trade_id": "237573197", "timestamp": 1670835025148, "tick_direction": 3, "price": 0.002, "mark_price": 0.00224606, "iv": 72.42, "instrument_name": "BTC-30DEC22-23000-C", "index_price": 16930.84, "direction": "sell", "amount": 0.1}, {"trade_seq": 4093, "trade_id": "237573196", "timestamp": 1670835025135, "tick_direction": 3, "price": 0.002, "mark_price": 0.00224606, "iv": 72.42, "instrument_name": "BTC-30DEC22-23000-C", "index_price": 16930.84, "direction": "sell", "amount": 0.4}, {"trade_seq": 4092, "trade_id": "237573194", "timestamp": 1670835025123, "tick_direction": 3, "price": 0.002, "mark_price": 0.00224606, "iv": 72.42, "instrument_name": "BTC-30DEC22-23000-C", "index_price": 16930.84, "direction": "sell", "amount": 0.7}, {"trade_seq": 4091, "trade_id": "237573192", "timestamp": 1670835019045, "tick_direction": 3, "price": 0.002, "mark_price": 0.00224568, "iv": 72.42, "instrument_name": "BTC-30DEC22-23000-C", "index_price": 16930.44, "direction": "sell", "amount": 0.1}, {"trade_seq": 4090, "trade_id": "237573191", "timestamp": 1670835019036, "tick_direction": 3, "price": 0.002, "mark_price": 0.00224568, "iv": 72.42, "instrument_name": "BTC-30DEC22-23000-C", "index_price": 16930.44, "direction": "sell", "amount": 0.1}, {"trade_seq": 4089, "trade_id": "237573190", "timestamp": 1670835019025, "tick_direction": 3, "price": 0.002, "mark_price": 0.00224568, "iv": 72.42, "instrument_name": "BTC-30DEC22-23000-C", "index_price": 16930.44, "direction": "sell", "amount": 0.1}, {"trade_seq": 4088, "trade_id": "237573189", "timestamp": 1670835017012, "tick_direction": 3, "price": 0.002, "mark_price": 0.00224574, "iv": 72.42, "instrument_name": "BTC-30DEC22-23000-C", "index_price": 16930.45, "direction": "sell", "amount": 0.1}, {"trade_seq": 4087, "trade_id": "237573188", "timestamp": 1670835017000, "tick_direction": 3, "price": 0.002, "mark_price": 0.00224574, "iv": 72.42, "instrument_name": "BTC-30DEC22-23000-C", "index_price": 16930.45, "direction": "sell", "amount": 0.1}, {"trade_seq": 4086, "trade_id": "237573187", "timestamp": 1670835016990, "tick_direction": 3, "price": 0.002, "mark_price": 0.00224574, "iv": 72.42, "instrument_name": "BTC-30DEC22-23000-C", "index_price": 16930.45, "direction": "sell", "amount": 0.1}, {"trade_seq": 4085, "trade_id": "237573186", "timestamp": 1670835014988, "tick_direction": 3, "price": 0.002, "mark_price": 0.00224594, "iv": 72.42, "instrument_name": "BTC-30DEC22-23000-C", "index_price": 16930.47, "direction": "sell", "amount": 0.1}, {"trade_seq": 4084, "trade_id": "237573185", "timestamp": 1670835014974, "tick_direction": 3, "price": 0.002, "mark_price": 0.00224594, "iv": 72.42, "instrument_name": "BTC-30DEC22-23000-C", "index_price": 16930.47, "direction": "sell", "amount": 0.1}, {"trade_seq": 4083, "trade_id": "237573184", "timestamp": 1670835014971, "tick_direction": 3, "price": 0.002, "mark_price": 0.00224594, "iv": 72.42, "instrument_name": "BTC-30DEC22-23000-C", "index_price": 16930.47, "direction": "sell", "amount": 0.1}, {"trade_seq": 4082, "trade_id": "237573182", "timestamp": 1670835014957, "tick_direction": 3, "price": 0.002, "mark_price": 0.00224594, "iv": 72.42, "instrument_name": "BTC-30DEC22-23000-C", "index_price": 16930.47, "direction": "sell", "amount": 0.1}, {"trade_seq": 4081, "trade_id": "237573177", "timestamp": 1670835009145, "tick_direction": 3, "price": 0.002, "mark_price": 0.00224658, "iv": 72.42, "instrument_name": "BTC-30DEC22-23000-C", "index_price": 16930.56, "direction": "sell", "amount": 0.1}, {"trade_seq": 4080, "trade_id": "237573174", "timestamp": 1670835009115, "tick_direction": 3, "price": 0.002, "mark_price": 0.00224658, "iv": 72.42, "instrument_name": "BTC-30DEC22-23000-C", "index_price": 16930.56, "direction": "sell", "amount": 0.2}, {"trade_seq": 4079, "trade_id": "237573170", "timestamp": 1670835009090, "tick_direction": 3, "price": 0.002, "mark_price": 0.00224658, "iv": 72.42, "instrument_name": "BTC-30DEC22-23000-C", "index_price": 16930.56, "direction": "sell", "amount": 0.2}, {"trade_seq": 4078, "trade_id": "237573165", "timestamp": 1670835009064, "tick_direction": 3, "price": 0.002, "mark_price": 0.00224658, "iv": 72.42, "instrument_name": "BTC-30DEC22-23000-C", "index_price": 16930.56, "direction": "sell", "amount": 0.1}, {"trade_seq": 4077, "trade_id": "237573164", "timestamp": 1670835009057, "tick_direction": 3, "price": 0.002, "mark_price": 0.00224658, "iv": 72.42, "instrument_name": "BTC-30DEC22-23000-C", "index_price": 16930.56, "direction": "sell", "amount": 0.1}, {"trade_seq": 4076, "trade_id": "237573162", "timestamp": 1670835009054, "tick_direction": 3, "price": 0.002, "mark_price": 0.00224658, "iv": 72.42, "instrument_name": "BTC-30DEC22-23000-C", "index_price": 16930.56, "direction": "sell", "amount": 0.1}, {"trade_seq": 4075, "trade_id": "237573160", "timestamp": 1670835009041, "tick_direction": 3, "price": 0.002, "mark_price": 0.00224658, "iv": 72.42, "instrument_name": "BTC-30DEC22-23000-C", "index_price": 16930.56, "direction": "sell", "amount": 0.3}, {"trade_seq": 4074, "trade_id": "237573157", "timestamp": 1670835009023, "tick_direction": 3, "price": 0.002, "mark_price": 0.00224658, "iv": 72.42, "instrument_name": "BTC-30DEC22-23000-C", "index_price": 16930.56, "direction": "sell", "amount": 0.3}, {"trade_seq": 4073, "trade_id": "237573155", "timestamp": 1670835009003, "tick_direction": 2, "price": 0.002, "mark_price": 0.00224658, "iv": 72.42, "instrument_name": "BTC-30DEC22-23000-C", "index_price": 16930.56, "direction": "sell", "amount": 0.1}, {"trade_seq": 4072, "trade_id": "237572896", "timestamp": 1670833878850, "tick_direction": 1, "price": 0.0025, "mark_price": 0.00223743, "iv": 75.37, "instrument_name": "BTC-30DEC22-23000-C", "index_price": 16918.32, "direction": "buy", "amount": 5.4}, {"trade_seq": 4071, "trade_id": "237572895", "timestamp": 1670833878850, "tick_direction": 1, "price": 0.0025, "mark_price": 0.00223743, "iv": 75.37, "instrument_name": "BTC-30DEC22-23000-C", "index_price": 16918.32, "direction": "buy", "amount": 2.0}, {"trade_seq": 4070, "trade_id": "237572889", "timestamp": 1670833878811, "tick_direction": 1, "price": 0.0025, "mark_price": 0.00223743, "iv": 75.37, "instrument_name": "BTC-30DEC22-23000-C", "index_price": 16918.32, "direction": "buy", "amount": 2.4}, {"trade_seq": 4069, "trade_id": "237572888", "timestamp": 1670833878811, "tick_direction": 0, "price": 0.0025, "mark_price": 0.00223743, "iv": 75.37, "instrument_name": "BTC-30DEC22-23000-C", "index_price": 16918.32, "direction": "buy", "amount": 10.4}, {"trade_seq": 4068, "trade_id": "237549804", "timestamp": 1670774739349, "tick_direction": 2, "price": 0.002, "mark_price": 0.00247296, "iv": 68.71, "instrument_name": "BTC-30DEC22-23000-C", "index_price": 17157.67, "direction": "sell", "amount": 0.1}, {"trade_seq": 4067, "trade_id": "237549037", "timestamp": 1670768153427, "tick_direction": 3, "price": 0.0025, "mark_price": 0.00237103, "iv": 71.37, "instrument_name": "BTC-30DEC22-23000-C", "index_price": 17153.96, "direction": "buy", "amount": 0.1}, {"trade_seq": 4066, "trade_id": "237549034", "timestamp": 1670768149372, "tick_direction": 3, "price": 0.0025, "mark_price": 0.00237087, "iv": 71.37, "instrument_name": "BTC-30DEC22-23000-C", "index_price": 17153.93, "direction": "buy", "amount": 0.2}, {"trade_seq": 4065, "trade_id": "237549033", "timestamp": 1670768147333, "tick_direction": 3, "price": 0.0025, "mark_price": 0.00237065, "iv": 71.37, "instrument_name": "BTC-30DEC22-23000-C", "index_price": 17153.61, "direction": "buy", "amount": 0.2}, {"trade_seq": 4064, "trade_id": "237549031", "timestamp": 1670768143278, "tick_direction": 3, "price": 0.0025, "mark_price": 0.00237037, "iv": 71.37, "instrument_name": "BTC-30DEC22-23000-C", "index_price": 17153.4, "direction": "buy", "amount": 0.2}, {"trade_seq": 4063, "trade_id": "237549029", "timestamp": 1670768141235, "tick_direction": 3, "price": 0.0025, "mark_price": 0.00237018, "iv": 71.37, "instrument_name": "BTC-30DEC22-23000-C", "index_price": 17152.99, "direction": "buy", "amount": 0.2}, {"trade_seq": 4062, "trade_id": "237548254", "timestamp": 1670765245811, "tick_direction": 2, "price": 0.0025, "mark_price": 0.00249132, "iv": 71.17, "instrument_name": "BTC-30DEC22-23000-C", "index_price": 17167.95, "direction": "sell", "amount": 0.1}, {"trade_seq": 4061, "trade_id": "237545816", "timestamp": 1670747858451, "tick_direction": 1, "price": 0.003, "mark_price": 0.0025097, "iv": 72.98, "instrument_name": "BTC-30DEC22-23000-C", "index_price": 17174.74, "direction": "buy", "amount": 9.9}, {"trade_seq": 4060, "trade_id": "237545815", "timestamp": 1670747858451, "tick_direction": 0, "price": 0.003, "mark_price": 0.0025097, "iv": 72.98, "instrument_name": "BTC-30DEC22-23000-C", "index_price": 17174.74, "direction": "buy", "amount": 0.1}, {"trade_seq": 4059, "trade_id": "237537787", "timestamp": 1670706682844, "tick_direction": 1, "price": 0.0025, "mark_price": 0.00260467, "iv": 69.97, "instrument_name": "BTC-30DEC22-23000-C", "index_price": 17183.32, "direction": "sell", "amount": 1.0}, {"trade_seq": 4058, "trade_id": "237533276", "timestamp": 1670683577850, "tick_direction": 1, "price": 0.0025, "mark_price": 0.00264638, "iv": 69.24, "instrument_name": "BTC-30DEC22-23000-C", "index_price": 17171.21, "direction": "sell", "amount": 0.1}, {"trade_seq": 4057, "trade_id": "237533275", "timestamp": 1670683571752, "tick_direction": 1, "price": 0.0025, "mark_price": 0.00264842, "iv": 69.23, "instrument_name": "BTC-30DEC22-23000-C", "index_price": 17172.17, "direction": "sell", "amount": 0.1}, {"trade_seq": 4056, "trade_id": "237533274", "timestamp": 1670683563632, "tick_direction": 1, "price": 0.0025, "mark_price": 0.00264789, "iv": 69.23, "instrument_name": "BTC-30DEC22-23000-C", "index_price": 17172.3, "direction": "sell", "amount": 0.1}, {"trade_seq": 4055, "trade_id": "237533130", "timestamp": 1670682323659, "tick_direction": 1, "price": 0.0025, "mark_price": 0.00245005, "iv": 69.43, "instrument_name": "BTC-30DEC22-23000-C", "index_price": 17157.47, "direction": "buy", "amount": 0.2}, {"trade_seq": 4054, "trade_id": "237526626", "timestamp": 1670644530963, "tick_direction": 1, "price": 0.0025, "mark_price": 0.00267018, "iv": 68.8, "instrument_name": "BTC-30DEC22-23000-C", "index_price": 17147.48, "direction": "sell", "amount": 0.3}, {"trade_seq": 4053, "trade_id": "237526283", "timestamp": 1670643193975, "tick_direction": 1, "price": 0.0025, "mark_price": 0.00275166, "iv": 68.72, "instrument_name": "BTC-30DEC22-23000-C", "index_price": 17154.07, "direction": "sell", "amount": 0.1}, {"trade_seq": 4052, "trade_id": "237522037", "timestamp": 1670620805433, "tick_direction": 1, "price": 0.0025, "mark_price": 0.00250158, "iv": 68.61, "instrument_name": "BTC-30DEC22-23000-C", "index_price": 17116.22, "direction": "sell", "amount": 2.1}, {"trade_seq": 4051, "trade_id": "237522036", "timestamp": 1670620804377, "tick_direction": 1, "price": 0.0025, "mark_price": 0.00250117, "iv": 68.6, "instrument_name": "BTC-30DEC22-23000-C", "index_price": 17116.46, "direction": "sell", "amount": 3.4}, {"trade_seq": 4050, "trade_id": "237521484", "timestamp": 1670619940792, "tick_direction": 1, "price": 0.0025, "mark_price": 0.00256014, "iv": 68.74, "instrument_name": "BTC-30DEC22-23000-C", "index_price": 17102.5, "direction": "sell", "amount": 2.7}, {"trade_seq": 4049, "trade_id": "237519836", "timestamp": 1670616267294, "tick_direction": 1, "price": 0.0025, "mark_price": 0.00246664, "iv": 68.23, "instrument_name": "BTC-30DEC22-23000-C", "index_price": 17138.16, "direction": "sell", "amount": 0.2}, {"trade_seq": 4048, "trade_id": "237515826", "timestamp": 1670602025791, "tick_direction": 1, "price": 0.0025, "mark_price": 0.00224145, "iv": 67.56, "instrument_name": "BTC-30DEC22-23000-C", "index_price": 17181.11, "direction": "buy", "amount": 7.3}, {"trade_seq": 4047, "trade_id": "237515823", "timestamp": 1670602025542, "tick_direction": 1, "price": 0.0025, "mark_price": 0.00224121, "iv": 67.56, "instrument_name": "BTC-30DEC22-23000-C", "index_price": 17181.11, "direction": "buy", "amount": 7.3}, {"trade_seq": 4046, "trade_id": "237515821", "timestamp": 1670602025288, "tick_direction": 1, "price": 0.0025, "mark_price": 0.00224121, "iv": 67.56, "instrument_name": "BTC-30DEC22-23000-C", "index_price": 17181.11, "direction": "buy", "amount": 2.4}, {"trade_seq": 4045, "trade_id": "237515820", "timestamp": 1670602025288, "tick_direction": 1, "price": 0.0025, "mark_price": 0.00224121, "iv": 67.56, "instrument_name": "BTC-30DEC22-23000-C", "index_price": 17181.11, "direction": "buy", "amount": 1.9}, {"trade_seq": 4044, "trade_id": "237515818", "timestamp": 1670602025037, "tick_direction": 1, "price": 0.0025, "mark_price": 0.00224121, "iv": 67.56, "instrument_name": "BTC-30DEC22-23000-C", "index_price": 17181.0, "direction": "buy", "amount": 2.6}, {"trade_seq": 4043, "trade_id": "237515817", "timestamp": 1670602024784, "tick_direction": 1, "price": 0.0025, "mark_price": 0.00224121, "iv": 67.56, "instrument_name": "BTC-30DEC22-23000-C", "index_price": 17181.0, "direction": "buy", "amount": 6.4}, {"trade_seq": 4042, "trade_id": "237515816", "timestamp": 1670602024515, "tick_direction": 1, "price": 0.0025, "mark_price": 0.00224128, "iv": 67.56, "instrument_name": "BTC-30DEC22-23000-C", "index_price": 17181.0, "direction": "buy", "amount": 4.8}, {"trade_seq": 4041, "trade_id": "237515814", "timestamp": 1670602024235, "tick_direction": 1, "price": 0.0025, "mark_price": 0.00224128, "iv": 67.56, "instrument_name": "BTC-30DEC22-23000-C", "index_price": 17181.0, "direction": "buy", "amount": 3.6}, {"trade_seq": 4040, "trade_id": "237515811", "timestamp": 1670602023975, "tick_direction": 1, "price": 0.0025, "mark_price": 0.00224128, "iv": 67.56, "instrument_name": "BTC-30DEC22-23000-C", "index_price": 17181.05, "direction": "buy", "amount": 6.5}, {"trade_seq": 4039, "trade_id": "237515810", "timestamp": 1670602023717, "tick_direction": 1, "price": 0.0025, "mark_price": 0.00224007, "iv": 67.56, "instrument_name": "BTC-30DEC22-23000-C", "index_price": 17181.05, "direction": "buy", "amount": 7.3}, {"trade_seq": 4038, "trade_id": "237515806", "timestamp": 1670602023462, "tick_direction": 1, "price": 0.0025, "mark_price": 0.00224007, "iv": 67.56, "instrument_name": "BTC-30DEC22-23000-C", "index_price": 17181.05, "direction": "buy", "amount": 6.1}, {"trade_seq": 4037, "trade_id": "237515805", "timestamp": 1670602023462, "tick_direction": 1, "price": 0.0025, "mark_price": 0.00224007, "iv": 67.56, "instrument_name": "BTC-30DEC22-23000-C", "index_price": 17181.05, "direction": "buy", "amount": 0.9}, {"trade_seq": 4036, "trade_id": "237515803", "timestamp": 1670602023209, "tick_direction": 0, "price": 0.0025, "mark_price": 0.00224007, "iv": 67.56, "instrument_name": "BTC-30DEC22-23000-C", "index_price": 17181.05, "direction": "buy", "amount": 4.4}, {"trade_seq": 4035, "trade_id": "237514850", "timestamp": 1670598997919, "tick_direction": 3, "price": 0.002, "mark_price": 0.00224029, "iv": 65.14, "instrument_name": "BTC-30DEC22-23000-C", "index_price": 17165.04, "direction": "sell", "amount": 0.1}, {"trade_seq": 4034, "trade_id": "237513246", "timestamp": 1670596891477, "tick_direction": 3, "price": 0.002, "mark_price": 0.00225634, "iv": 65.35, "instrument_name": "BTC-30DEC22-23000-C", "index_price": 17143.16, "direction": "sell", "amount": 0.2}, {"trade_seq": 4033, "trade_id": "237506113", "timestamp": 1670589934817, "tick_direction": 1, "price": 0.0025, "mark_price": 0.00211234, "iv": 66.9, "instrument_name": "BTC-30DEC22-23000-C", "index_price": 17215.27, "direction": "buy", "amount": 1.1}, {"trade_seq": 4032, "trade_id": "237506111", "timestamp": 1670589934555, "tick_direction": 1, "price": 0.0025, "mark_price": 0.00211234, "iv": 66.9, "instrument_name": "BTC-30DEC22-23000-C", "index_price": 17215.27, "direction": "buy", "amount": 5.1}, {"trade_seq": 4031, "trade_id": "237506108", "timestamp": 1670589934024, "tick_direction": 1, "price": 0.0025, "mark_price": 0.00211835, "iv": 66.9, "instrument_name": "BTC-30DEC22-23000-C", "index_price": 17215.27, "direction": "buy", "amount": 3.0}, {"trade_seq": 4030, "trade_id": "237506106", "timestamp": 1670589933763, "tick_direction": 0, "price": 0.0025, "mark_price": 0.00211835, "iv": 66.87, "instrument_name": "BTC-30DEC22-23000-C", "index_price": 17218.65, "direction": "buy", "amount": 2.2}, {"trade_seq": 4029, "trade_id": "237505358", "timestamp": 1670589697383, "tick_direction": 1, "price": 0.002, "mark_price": 0.00237296, "iv": 63.52, "instrument_name": "BTC-30DEC22-23000-C", "index_price": 17302.08, "direction": "sell", "amount": 2.2}, {"trade_seq": 4028, "trade_id": "237504300", "timestamp": 1670588136653, "tick_direction": 1, "price": 0.002, "mark_price": 0.00222845, "iv": 64.18, "instrument_name": "BTC-30DEC22-23000-C", "index_price": 17235.98, "direction": "sell", "amount": 2.0}, {"trade_seq": 4027, "trade_id": "237502575", "timestamp": 1670582471703, "tick_direction": 1, "price": 0.002, "mark_price": 0.00215611, "iv": 64.35, "instrument_name": "BTC-30DEC22-23000-C", "index_price": 17215.16, "direction": "buy", "amount": 4.5}, {"trade_seq": 4026, "trade_id": "237502573", "timestamp": 1670582471462, "tick_direction": 1, "price": 0.002, "mark_price": 0.00215611, "iv": 64.35, "instrument_name": "BTC-30DEC22-23000-C", "index_price": 17215.2, "direction": "buy", "amount": 2.5}, {"trade_seq": 4025, "trade_id": "237502571", "timestamp": 1670582471223, "tick_direction": 1, "price": 0.002, "mark_price": 0.00215611, "iv": 64.35, "instrument_name": "BTC-30DEC22-23000-C", "index_price": 17215.2, "direction": "buy", "amount": 2.6}, {"trade_seq": 4024, "trade_id": "237502570", "timestamp": 1670582470982, "tick_direction": 1, "price": 0.002, "mark_price": 0.002157, "iv": 64.35, "instrument_name": "BTC-30DEC22-23000-C", "index_price": 17215.2, "direction": "buy", "amount": 6.0}, {"trade_seq": 4023, "trade_id": "237502568", "timestamp": 1670582470742, "tick_direction": 1, "price": 0.002, "mark_price": 0.002157, "iv": 64.35, "instrument_name": "BTC-30DEC22-23000-C", "index_price": 17215.2, "direction": "sell", "amount": 6.8}, {"trade_seq": 4022, "trade_id": "237502566", "timestamp": 1670582470063, "tick_direction": 1, "price": 0.002, "mark_price": 0.00215744, "iv": 64.35, "instrument_name": "BTC-30DEC22-23000-C", "index_price": 17215.34, "direction": "sell", "amount": 1.1}, {"trade_seq": 4021, "trade_id": "237502454", "timestamp": 1670582143030, "tick_direction": 0, "price": 0.002, "mark_price": 0.00219836, "iv": 64.32, "instrument_name": "BTC-30DEC22-23000-C", "index_price": 17216.26, "direction": "sell", "amount": 2.0}, {"trade_seq": 4020, "trade_id": "237498231", "timestamp": 1670574807998, "tick_direction": 1, "price": 0.002, "mark_price": 0.00173168, "iv": 64.31, "instrument_name": "BTC-30DEC22-23000-C", "index_price": 17205.41, "direction": "buy", "amount": 7.3}, {"trade_seq": 4019, "trade_id": "237498227", "timestamp": 1670574807748, "tick_direction": 1, "price": 0.002, "mark_price": 0.00173137, "iv": 64.31, "instrument_name": "BTC-30DEC22-23000-C", "index_price": 17205.41, "direction": "sell", "amount": 1.7}, {"trade_seq": 4018, "trade_id": "237498226", "timestamp": 1670574807745, "tick_direction": 1, "price": 0.002, "mark_price": 0.00173137, "iv": 64.31, "instrument_name": "BTC-30DEC22-23000-C", "index_price": 17205.41, "direction": "buy", "amount": 1.6}, {"trade_seq": 4017, "trade_id": "237498166", "timestamp": 1670574755690, "tick_direction": 1, "price": 0.002, "mark_price": 0.00173136, "iv": 64.3, "instrument_name": "BTC-30DEC22-23000-C", "index_price": 17206.79, "direction": "buy", "amount": 4.1}, {"trade_seq": 4016, "trade_id": "237498164", "timestamp": 1670574755448, "tick_direction": 1, "price": 0.002, "mark_price": 0.00173136, "iv": 64.3, "instrument_name": "BTC-30DEC22-23000-C", "index_price": 17206.79, "direction": "buy", "amount": 5.8}, {"trade_seq": 4015, "trade_id": "237498162", "timestamp": 1670574755206, "tick_direction": 1, "price": 0.002, "mark_price": 0.00173136, "iv": 64.3, "instrument_name": "BTC-30DEC22-23000-C", "index_price": 17207.0, "direction": "buy", "amount": 7.5}, {"trade_seq": 4014, "trade_id": "237498133", "timestamp": 1670574753322, "tick_direction": 1, "price": 0.002, "mark_price": 0.00173133, "iv": 64.3, "instrument_name": "BTC-30DEC22-23000-C", "index_price": 17207.0, "direction": "buy", "amount": 1.2}, {"trade_seq": 4013, "trade_id": "237498132", "timestamp": 1670574753322, "tick_direction": 1, "price": 0.002, "mark_price": 0.00173133, "iv": 64.3, "instrument_name": "BTC-30DEC22-23000-C", "index_price": 17207.0, "direction": "buy", "amount": 4.6}, {"trade_seq": 4012, "trade_id": "237498129", "timestamp": 1670574753078, "tick_direction": 1, "price": 0.002, "mark_price": 0.00173133, "iv": 64.3, "instrument_name": "BTC-30DEC22-23000-C", "index_price": 17207.0, "direction": "buy", "amount": 0.4}, {"trade_seq": 4011, "trade_id": "237498128", "timestamp": 1670574753078, "tick_direction": 1, "price": 0.002, "mark_price": 0.00173133, "iv": 64.3, "instrument_name": "BTC-30DEC22-23000-C", "index_price": 17207.0, "direction": "buy", "amount": 2.8}, {"trade_seq": 4010, "trade_id": "237498127", "timestamp": 1670574753078, "tick_direction": 1, "price": 0.002, "mark_price": 0.00173133, "iv": 64.3, "instrument_name": "BTC-30DEC22-23000-C", "index_price": 17207.0, "direction": "buy", "amount": 1.9}, {"trade_seq": 4009, "trade_id": "237496586", "timestamp": 1670572676889, "tick_direction": 1, "price": 0.002, "mark_price": 0.00174992, "iv": 64.13, "instrument_name": "BTC-30DEC22-23000-C", "index_price": 17215.03, "direction": "sell", "amount": 6.0}, {"trade_seq": 4008, "trade_id": "237496528", "timestamp": 1670572639738, "tick_direction": 1, "price": 0.002, "mark_price": 0.0017347, "iv": 64.13, "instrument_name": "BTC-30DEC22-23000-C", "index_price": 17215.03, "direction": "sell", "amount": 4.9}, {"trade_seq": 4007, "trade_id": "237496524", "timestamp": 1670572638952, "tick_direction": 1, "price": 0.002, "mark_price": 0.00173411, "iv": 64.13, "instrument_name": "BTC-30DEC22-23000-C", "index_price": 17215.01, "direction": "buy", "amount": 3.6}, {"trade_seq": 4006, "trade_id": "237493349", "timestamp": 1670565776109, "tick_direction": 1, "price": 0.002, "mark_price": 0.00173287, "iv": 64.08, "instrument_name": "BTC-30DEC22-23000-C", "index_price": 17207.63, "direction": "buy", "amount": 3.4}, {"trade_seq": 4005, "trade_id": "237493343", "timestamp": 1670565775334, "tick_direction": 0, "price": 0.002, "mark_price": 0.0017329, "iv": 64.08, "instrument_name": "BTC-30DEC22-23000-C", "index_price": 17207.63, "direction": "buy", "amount": 6.2}, {"trade_seq": 4004, "trade_id": "237493100", "timestamp": 1670564530581, "tick_direction": 1, "price": 0.002, "mark_price": 0.00176212, "iv": 64.01, "instrument_name": "BTC-30DEC22-23000-C", "index_price": 17211.68, "direction": "sell", "amount": 4.7}, {"trade_seq": 4003, "trade_id": "237493081", "timestamp": 1670564509520, "tick_direction": 1, "price": 0.002, "mark_price": 0.00174201, "iv": 64.02, "instrument_name": "BTC-30DEC22-23000-C", "index_price": 17210.49, "direction": "buy", "amount": 1.9}, {"trade_seq": 4002, "trade_id": "237493080", "timestamp": 1670564509275, "tick_direction": 1, "price": 0.002, "mark_price": 0.00174201, "iv": 64.02, "instrument_name": "BTC-30DEC22-23000-C", "index_price": 17210.49, "direction": "buy", "amount": 1.2}, {"trade_seq": 4001, "trade_id": "237493079", "timestamp": 1670564509275, "tick_direction": 1, "price": 0.002, "mark_price": 0.00174201, "iv": 64.02, "instrument_name": "BTC-30DEC22-23000-C", "index_price": 17210.49, "direction": "buy", "amount": 1.6}, {"trade_seq": 4000, "trade_id": "237493078", "timestamp": 1670564509275, "tick_direction": 1, "price": 0.002, "mark_price": 0.00174201, "iv": 64.02, "instrument_name": "BTC-30DEC22-23000-C", "index_price": 17210.49, "direction": "buy", "amount": 2.6}, {"trade_seq": 3999, "trade_id": "237493077", "timestamp": 1670564509015, "tick_direction": 1, "price": 0.002, "mark_price": 0.00174201, "iv": 64.02, "instrument_name": "BTC-30DEC22-23000-C", "index_price": 17210.49, "direction": "buy", "amount": 0.4}, {"trade_seq": 3998, "trade_id": "237493076", "timestamp": 1670564509015, "tick_direction": 1, "price": 0.002, "mark_price": 0.00174201, "iv": 64.02, "instrument_name": "BTC-30DEC22-23000-C", "index_price": 17210.49, "direction": "buy", "amount": 1.9}, {"trade_seq": 3997, "trade_id": "237493075", "timestamp": 1670564508766, "tick_direction": 1, "price": 0.002, "mark_price": 0.00174201, "iv": 64.02, "instrument_name": "BTC-30DEC22-23000-C", "index_price": 17210.5, "direction": "buy", "amount": 4.2}, {"trade_seq": 3996, "trade_id": "237493068", "timestamp": 1670564508009, "tick_direction": 1, "price": 0.002, "mark_price": 0.00174204, "iv": 64.02, "instrument_name": "BTC-30DEC22-23000-C", "index_price": 17210.5, "direction": "buy", "amount": 2.4}, {"trade_seq": 3995, "trade_id": "237493067", "timestamp": 1670564508009, "tick_direction": 1, "price": 0.002, "mark_price": 0.00174204, "iv": 64.02, "instrument_name": "BTC-30DEC22-23000-C", "index_price": 17210.5, "direction": "buy", "amount": 3.0}, {"trade_seq": 3994, "trade_id": "237493066", "timestamp": 1670564508009, "tick_direction": 1, "price": 0.002, "mark_price": 0.00174204, "iv": 64.02, "instrument_name": "BTC-30DEC22-23000-C", "index_price": 17210.5, "direction": "buy", "amount": 1.9}, {"trade_seq": 3993, "trade_id": "237492103", "timestamp": 1670562509599, "tick_direction": 1, "price": 0.002, "mark_price": 0.00174639, "iv": 63.91, "instrument_name": "BTC-30DEC22-23000-C", "index_price": 17220.15, "direction": "buy", "amount": 2.0}, {"trade_seq": 3992, "trade_id": "237492102", "timestamp": 1670562509599, "tick_direction": 1, "price": 0.002, "mark_price": 0.00174639, "iv": 63.91, "instrument_name": "BTC-30DEC22-23000-C", "index_price": 17220.15, "direction": "buy", "amount": 2.0}, {"trade_seq": 3991, "trade_id": "237492101", "timestamp": 1670562509599, "tick_direction": 0, "price": 0.002, "mark_price": 0.00174639, "iv": 63.91, "instrument_name": "BTC-30DEC22-23000-C", "index_price": 17220.15, "direction": "buy", "amount": 3.0}, {"trade_seq": 3990, "trade_id": "237457257", "timestamp": 1670512400996, "tick_direction": 2, "price": 0.0015, "mark_price": 0.00176813, "iv": 63.03, "instrument_name": "BTC-30DEC22-23000-C", "index_price": 16926.8, "direction": "sell", "amount": 3.0}, {"trade_seq": 3989, "trade_id": "237426618", "timestamp": 1670449439291, "tick_direction": 1, "price": 0.002, "mark_price": 0.00174159, "iv": 66.15, "instrument_name": "BTC-30DEC22-23000-C", "index_price": 16815.16, "direction": "buy", "amount": 2.0}, {"trade_seq": 3988, "trade_id": "237426617", "timestamp": 1670449439291, "tick_direction": 1, "price": 0.002, "mark_price": 0.00174159, "iv": 66.15, "instrument_name": "BTC-30DEC22-23000-C", "index_price": 16815.16, "direction": "buy", "amount": 2.0}, {"trade_seq": 3987, "trade_id": "237420703", "timestamp": 1670440285082, "tick_direction": 1, "price": 0.002, "mark_price": 0.00174068, "iv": 66.13, "instrument_name": "BTC-30DEC22-23000-C", "index_price": 16800.15, "direction": "buy", "amount": 0.1}, {"trade_seq": 3986, "trade_id": "237420656", "timestamp": 1670440283819, "tick_direction": 1, "price": 0.002, "mark_price": 0.00174066, "iv": 66.13, "instrument_name": "BTC-30DEC22-23000-C", "index_price": 16799.26, "direction": "buy", "amount": 0.1}, {"trade_seq": 3985, "trade_id": "237420655", "timestamp": 1670440283460, "tick_direction": 1, "price": 0.002, "mark_price": 0.00174063, "iv": 66.13, "instrument_name": "BTC-30DEC22-23000-C", "index_price": 16799.26, "direction": "buy", "amount": 0.2}, {"trade_seq": 3984, "trade_id": "237420643", "timestamp": 1670440278885, "tick_direction": 1, "price": 0.002, "mark_price": 0.00173877, "iv": 66.14, "instrument_name": "BTC-30DEC22-23000-C", "index_price": 16798.91, "direction": "buy", "amount": 0.4}, {"trade_seq": 3983, "trade_id": "237420613", "timestamp": 1670440274272, "tick_direction": 0, "price": 0.002, "mark_price": 0.00173666, "iv": 66.15, "instrument_name": "BTC-30DEC22-23000-C", "index_price": 16798.11, "direction": "buy", "amount": 0.1}, {"trade_seq": 3982, "trade_id": "237416350", "timestamp": 1670429112772, "tick_direction": 3, "price": 0.0015, "mark_price": 0.00174421, "iv": 62.43, "instrument_name": "BTC-30DEC22-23000-C", "index_price": 16849.4, "direction": "sell", "amount": 5.0}, {"trade_seq": 3981, "trade_id": "237410629", "timestamp": 1670417341166, "tick_direction": 3, "price": 0.0015, "mark_price": 0.00170362, "iv": 62.78, "instrument_name": "BTC-30DEC22-23000-C", "index_price": 16800.43, "direction": "sell", "amount": 0.2}, {"trade_seq": 3980, "trade_id": "237406896", "timestamp": 1670408492705, "tick_direction": 2, "price": 0.0015, "mark_price": 0.0014447, "iv": 62.59, "instrument_name": "BTC-30DEC22-23000-C", "index_price": 16804.47, "direction": "sell", "amount": 0.1}, {"trade_seq": 3979, "trade_id": "237403493", "timestamp": 1670401111005, "tick_direction": 0, "price": 0.002, "mark_price": 0.00147947, "iv": 65.81, "instrument_name": "BTC-30DEC22-23000-C", "index_price": 16764.16, "direction": "buy", "amount": 0.1}, {"trade_seq": 3978, "trade_id": "237394590", "timestamp": 1670396292226, "tick_direction": 3, "price": 0.0015, "mark_price": 0.00171544, "iv": 60.88, "instrument_name": "BTC-30DEC22-23000-C", "index_price": 16946.66, "direction": "sell", "amount": 0.1}, {"trade_seq": 3977, "trade_id": "237357695", "timestamp": 1670315186665, "tick_direction": 3, "price": 0.002, "mark_price": 0.00194526, "iv": 61.79, "instrument_name": "BTC-30DEC22-23000-C", "index_price": 17014.27, "direction": "sell", "amount": 10.0}, {"trade_seq": 3976, "trade_id": "237357694", "timestamp": 1670315186665, "tick_direction": 3, "price": 0.002, "mark_price": 0.00194526, "iv": 61.79, "instrument_name": "BTC-30DEC22-23000-C", "index_price": 17014.27, "direction": "sell", "amount": 8.2}, {"trade_seq": 3975, "trade_id": "237357612", "timestamp": 1670314890942, "tick_direction": 3, "price": 0.002, "mark_price": 0.0017382, "iv": 61.73, "instrument_name": "BTC-30DEC22-23000-C", "index_price": 17020.24, "direction": "buy", "amount": 1.7}, {"trade_seq": 3974, "trade_id": "237357611", "timestamp": 1670314890942, "tick_direction": 2, "price": 0.002, "mark_price": 0.0017382, "iv": 61.73, "instrument_name": "BTC-30DEC22-23000-C", "index_price": 17020.24, "direction": "buy", "amount": 5.1}, {"trade_seq": 3973, "trade_id": "237319648", "timestamp": 1670247578634, "tick_direction": 1, "price": 0.0025, "mark_price": 0.00225256, "iv": 60.7, "instrument_name": "BTC-30DEC22-23000-C", "index_price": 17277.93, "direction": "buy", "amount": 0.1}, {"trade_seq": 3972, "trade_id": "237319175", "timestamp": 1670246557096, "tick_direction": 1, "price": 0.0025, "mark_price": 0.00224948, "iv": 60.86, "instrument_name": "BTC-30DEC22-23000-C", "index_price": 17260.98, "direction": "buy", "amount": 0.1}, {"trade_seq": 3971, "trade_id": "237319171", "timestamp": 1670246555478, "tick_direction": 1, "price": 0.0025, "mark_price": 0.00224916, "iv": 60.86, "instrument_name": "BTC-30DEC22-23000-C", "index_price": 17259.5, "direction": "buy", "amount": 0.1}, {"trade_seq": 3970, "trade_id": "237319170", "timestamp": 1670246555467, "tick_direction": 1, "price": 0.0025, "mark_price": 0.00224916, "iv": 60.86, "instrument_name": "BTC-30DEC22-23000-C", "index_price": 17259.5, "direction": "buy", "amount": 0.2}, {"trade_seq": 3969, "trade_id": "237319169", "timestamp": 1670246555039, "tick_direction": 1, "price": 0.0025, "mark_price": 0.0022503, "iv": 60.85, "instrument_name": "BTC-30DEC22-23000-C", "index_price": 17259.48, "direction": "buy", "amount": 0.2}, {"trade_seq": 3968, "trade_id": "237319165", "timestamp": 1670246553531, "tick_direction": 1, "price": 0.0025, "mark_price": 0.002254, "iv": 60.85, "instrument_name": "BTC-30DEC22-23000-C", "index_price": 17259.03, "direction": "buy", "amount": 0.1}, {"trade_seq": 3967, "trade_id": "237303303", "timestamp": 1670226861329, "tick_direction": 0, "price": 0.0025, "mark_price": 0.00227679, "iv": 59.66, "instrument_name": "BTC-30DEC22-23000-C", "index_price": 17349.91, "direction": "buy", "amount": 0.1}, {"trade_seq": 3966, "trade_id": "237201196", "timestamp": 1670054792139, "tick_direction": 3, "price": 0.002, "mark_price": 0.002245, "iv": 58.74, "instrument_name": "BTC-30DEC22-23000-C", "index_price": 16967.02, "direction": "sell", "amount": 5.0}, {"trade_seq": 3965, "trade_id": "237201195", "timestamp": 1670054792139, "tick_direction": 2, "price": 0.002, "mark_price": 0.002245, "iv": 58.74, "instrument_name": "BTC-30DEC22-23000-C", "index_price": 16967.02, "direction": "sell", "amount": 1.6}, {"trade_seq": 3964, "trade_id": "237192114", "timestamp": 1670031729104, "tick_direction": 0, "price": 0.0025, "mark_price": 0.00225383, "iv": 60.04, "instrument_name": "BTC-30DEC22-23000-C", "index_price": 17046.25, "direction": "buy", "amount": 2.0}, {"trade_seq": 3963, "trade_id": "237170670", "timestamp": 1669995187191, "tick_direction": 3, "price": 0.002, "mark_price": 0.00180335, "iv": 58.3, "instrument_name": "BTC-30DEC22-23000-C", "index_price": 16937.81, "direction": "buy", "amount": 40.0}, {"trade_seq": 3962, "trade_id": "237158502", "timestamp": 1669987905074, "tick_direction": 3, "price": 0.002, "mark_price": 0.00190995, "iv": 58.84, "instrument_name": "BTC-30DEC22-23000-C", "index_price": 16878.79, "direction": "buy", "amount": 0.4}, {"trade_seq": 3961, "trade_id": "237148605", "timestamp": 1669981444973, "tick_direction": 3, "price": 0.002, "mark_price": 0.00223857, "iv": 57.33, "instrument_name": "BTC-30DEC22-23000-C", "index_price": 17033.41, "direction": "sell", "amount": 0.6}, {"trade_seq": 3960, "trade_id": "237148604", "timestamp": 1669981444973, "tick_direction": 3, "price": 0.002, "mark_price": 0.00223857, "iv": 57.33, "instrument_name": "BTC-30DEC22-23000-C", "index_price": 17033.41, "direction": "sell", "amount": 0.1}, {"trade_seq": 3959, "trade_id": "237148603", "timestamp": 1669981444973, "tick_direction": 3, "price": 0.002, "mark_price": 0.00223857, "iv": 57.33, "instrument_name": "BTC-30DEC22-23000-C", "index_price": 17033.41, "direction": "sell", "amount": 0.1}, {"trade_seq": 3958, "trade_id": "237148602", "timestamp": 1669981444973, "tick_direction": 3, "price": 0.002, "mark_price": 0.00223857, "iv": 57.33, "instrument_name": "BTC-30DEC22-23000-C", "index_price": 17033.41, "direction": "sell", "amount": 0.1}, {"trade_seq": 3957, "trade_id": "237140430", "timestamp": 1669968421593, "tick_direction": 2, "price": 0.002, "mark_price": 0.00236543, "iv": 57.9, "instrument_name": "BTC-30DEC22-23000-C", "index_price": 16957.93, "direction": "sell", "amount": 0.1}, {"trade_seq": 3956, "trade_id": "237081517", "timestamp": 1669901803518, "tick_direction": 3, "price": 0.003, "mark_price": 0.00306201, "iv": 59.42, "instrument_name": "BTC-30DEC22-23000-C", "index_price": 17160.89, "direction": "sell", "amount": 1.5}, {"trade_seq": 3955, "trade_id": "237077314", "timestamp": 1669901407765, "tick_direction": 3, "price": 0.003, "mark_price": 0.00301269, "iv": 59.81, "instrument_name": "BTC-30DEC22-23000-C", "index_price": 17120.43, "direction": "sell", "amount": 0.1}, {"trade_seq": 3954, "trade_id": "237077313", "timestamp": 1669901407602, "tick_direction": 3, "price": 0.003, "mark_price": 0.00301269, "iv": 59.81, "instrument_name": "BTC-30DEC22-23000-C", "index_price": 17120.43, "direction": "sell", "amount": 0.1}, {"trade_seq": 3953, "trade_id": "237077305", "timestamp": 1669901407423, "tick_direction": 3, "price": 0.003, "mark_price": 0.00301269, "iv": 59.81, "instrument_name": "BTC-30DEC22-23000-C", "index_price": 17120.43, "direction": "sell", "amount": 0.2}, {"trade_seq": 3952, "trade_id": "237077285", "timestamp": 1669901407273, "tick_direction": 3, "price": 0.003, "mark_price": 0.00301269, "iv": 59.81, "instrument_name": "BTC-30DEC22-23000-C", "index_price": 17120.43, "direction": "sell", "amount": 0.1}, {"trade_seq": 3951, "trade_id": "237077283", "timestamp": 1669901407252, "tick_direction": 3, "price": 0.003, "mark_price": 0.00301269, "iv": 59.81, "instrument_name": "BTC-30DEC22-23000-C", "index_price": 17120.43, "direction": "sell", "amount": 0.1}, {"trade_seq": 3950, "trade_id": "237077282", "timestamp": 1669901407165, "tick_direction": 3, "price": 0.003, "mark_price": 0.00301269, "iv": 59.81, "instrument_name": "BTC-30DEC22-23000-C", "index_price": 17120.43, "direction": "sell", "amount": 0.2}, {"trade_seq": 3949, "trade_id": "237077276", "timestamp": 1669901407076, "tick_direction": 3, "price": 0.003, "mark_price": 0.00301269, "iv": 59.81, "instrument_name": "BTC-30DEC22-23000-C", "index_price": 17120.43, "direction": "sell", "amount": 0.1}, {"trade_seq": 3948, "trade_id": "237077275", "timestamp": 1669901407056, "tick_direction": 3, "price": 0.003, "mark_price": 0.00301269, "iv": 59.81, "instrument_name": "BTC-30DEC22-23000-C", "index_price": 17120.43, "direction": "sell", "amount": 0.1}, {"trade_seq": 3947, "trade_id": "237077273", "timestamp": 1669901407029, "tick_direction": 3, "price": 0.003, "mark_price": 0.00301269, "iv": 59.81, "instrument_name": "BTC-30DEC22-23000-C", "index_price": 17120.43, "direction": "sell", "amount": 0.2}, {"trade_seq": 3946, "trade_id": "237077271", "timestamp": 1669901406988, "tick_direction": 3, "price": 0.003, "mark_price": 0.00302053, "iv": 59.81, "instrument_name": "BTC-30DEC22-23000-C", "index_price": 17120.43, "direction": "sell", "amount": 0.1}, {"trade_seq": 3945, "trade_id": "237077269", "timestamp": 1669901406923, "tick_direction": 3, "price": 0.003, "mark_price": 0.00302053, "iv": 59.81, "instrument_name": "BTC-30DEC22-23000-C", "index_price": 17120.43, "direction": "sell", "amount": 0.1}, {"trade_seq": 3944, "trade_id": "237077268", "timestamp": 1669901406916, "tick_direction": 3, "price": 0.003, "mark_price": 0.00302053, "iv": 59.81, "instrument_name": "BTC-30DEC22-23000-C", "index_price": 17120.43, "direction": "sell", "amount": 0.1}, {"trade_seq": 3943, "trade_id": "237077263", "timestamp": 1669901406878, "tick_direction": 3, "price": 0.003, "mark_price": 0.00302053, "iv": 59.81, "instrument_name": "BTC-30DEC22-23000-C", "index_price": 17120.43, "direction": "sell", "amount": 0.1}, {"trade_seq": 3942, "trade_id": "237077204", "timestamp": 1669901405848, "tick_direction": 3, "price": 0.003, "mark_price": 0.00303828, "iv": 59.72, "instrument_name": "BTC-30DEC22-23000-C", "index_price": 17130.46, "direction": "sell", "amount": 0.1}, {"trade_seq": 3941, "trade_id": "237077153", "timestamp": 1669901369199, "tick_direction": 3, "price": 0.003, "mark_price": 0.00302737, "iv": 59.63, "instrument_name": "BTC-30DEC22-23000-C", "index_price": 17140.57, "direction": "sell", "amount": 0.1}, {"trade_seq": 3940, "trade_id": "237077152", "timestamp": 1669901369174, "tick_direction": 3, "price": 0.003, "mark_price": 0.00302737, "iv": 59.63, "instrument_name": "BTC-30DEC22-23000-C", "index_price": 17140.57, "direction": "sell", "amount": 0.2}, {"trade_seq": 3939, "trade_id": "237077151", "timestamp": 1669901367153, "tick_direction": 3, "price": 0.003, "mark_price": 0.00302593, "iv": 59.64, "instrument_name": "BTC-30DEC22-23000-C", "index_price": 17139.99, "direction": "sell", "amount": 0.1}, {"trade_seq": 3938, "trade_id": "237077150", "timestamp": 1669901367143, "tick_direction": 3, "price": 0.003, "mark_price": 0.00302593, "iv": 59.64, "instrument_name": "BTC-30DEC22-23000-C", "index_price": 17139.99, "direction": "sell", "amount": 0.1}, {"trade_seq": 3937, "trade_id": "237077149", "timestamp": 1669901367132, "tick_direction": 3, "price": 0.003, "mark_price": 0.00302593, "iv": 59.64, "instrument_name": "BTC-30DEC22-23000-C", "index_price": 17139.99, "direction": "sell", "amount": 0.2}, {"trade_seq": 3936, "trade_id": "237077148", "timestamp": 1669901365125, "tick_direction": 3, "price": 0.003, "mark_price": 0.00302548, "iv": 59.64, "instrument_name": "BTC-30DEC22-23000-C", "index_price": 17139.75, "direction": "sell", "amount": 0.1}, {"trade_seq": 3935, "trade_id": "237077147", "timestamp": 1669901365112, "tick_direction": 3, "price": 0.003, "mark_price": 0.00302548, "iv": 59.64, "instrument_name": "BTC-30DEC22-23000-C", "index_price": 17139.75, "direction": "sell", "amount": 0.2}, {"trade_seq": 3934, "trade_id": "237077146", "timestamp": 1669901365085, "tick_direction": 2, "price": 0.003, "mark_price": 0.00302548, "iv": 59.64, "instrument_name": "BTC-30DEC22-23000-C", "index_price": 17139.75, "direction": "sell", "amount": 0.3}, {"trade_seq": 3933, "trade_id": "237077114", "timestamp": 1669901319119, "tick_direction": 0, "price": 0.0033, "mark_price": 0.00302377, "iv": 60.72, "instrument_name": "BTC-30DEC22-23000-C", "index_price": 17139.14, "direction": "buy", "block_trade_id": "57927", "amount": 50.0}, {"trade_seq": 3932, "trade_id": "237076860", "timestamp": 1669901107849, "tick_direction": 1, "price": 0.003, "mark_price": 0.00296916, "iv": 59.69, "instrument_name": "BTC-30DEC22-23000-C", "index_price": 17131.35, "direction": "sell", "amount": 0.1}, {"trade_seq": 3931, "trade_id": "237076859", "timestamp": 1669901107837, "tick_direction": 1, "price": 0.003, "mark_price": 0.00296916, "iv": 59.69, "instrument_name": "BTC-30DEC22-23000-C", "index_price": 17131.35, "direction": "sell", "amount": 0.1}, {"trade_seq": 3930, "trade_id": "237076858", "timestamp": 1669901107824, "tick_direction": 1, "price": 0.003, "mark_price": 0.00296916, "iv": 59.69, "instrument_name": "BTC-30DEC22-23000-C", "index_price": 17131.35, "direction": "sell", "amount": 0.1}, {"trade_seq": 3929, "trade_id": "237076857", "timestamp": 1669901107815, "tick_direction": 1, "price": 0.003, "mark_price": 0.00296916, "iv": 59.69, "instrument_name": "BTC-30DEC22-23000-C", "index_price": 17131.35, "direction": "sell", "amount": 0.3}, {"trade_seq": 3928, "trade_id": "237076856", "timestamp": 1669901107806, "tick_direction": 1, "price": 0.003, "mark_price": 0.00296916, "iv": 59.69, "instrument_name": "BTC-30DEC22-23000-C", "index_price": 17131.35, "direction": "sell", "amount": 0.5}, {"trade_seq": 3927, "trade_id": "237076855", "timestamp": 1669901107797, "tick_direction": 1, "price": 0.003, "mark_price": 0.00296916, "iv": 59.69, "instrument_name": "BTC-30DEC22-23000-C", "index_price": 17131.35, "direction": "sell", "amount": 0.8}, {"trade_seq": 3926, "trade_id": "237076854", "timestamp": 1669901107779, "tick_direction": 1, "price": 0.003, "mark_price": 0.00296916, "iv": 59.69, "instrument_name": "BTC-30DEC22-23000-C", "index_price": 17131.32, "direction": "sell", "amount": 1.3}, {"trade_seq": 3925, "trade_id": "237076853", "timestamp": 1669901107756, "tick_direction": 0, "price": 0.003, "mark_price": 0.00296916, "iv": 59.69, "instrument_name": "BTC-30DEC22-23000-C", "index_price": 17131.32, "direction": "sell", "amount": 2.3}, {"trade_seq": 3924, "trade_id": "237068603", "timestamp": 1669891068914, "tick_direction": 2, "price": 0.0029, "mark_price": 0.0029803, "iv": 59.52, "instrument_name": "BTC-30DEC22-23000-C", "index_price": 17097.29, "direction": "sell", "combo_id": "BTC-CS-30DEC22-21000_23000", "block_trade_id": "57908", "amount": 100.0}, {"trade_seq": 3923, "trade_id": "237063555", "timestamp": 1669882667897, "tick_direction": 3, "price": 0.003, "mark_price": 0.00321926, "iv": 59.94, "instrument_name": "BTC-30DEC22-23000-C", "index_price": 17077.17, "direction": "sell", "amount": 0.1}, {"trade_seq": 3922, "trade_id": "237063553", "timestamp": 1669882667877, "tick_direction": 3, "price": 0.003, "mark_price": 0.00321926, "iv": 59.94, "instrument_name": "BTC-30DEC22-23000-C", "index_price": 17077.17, "direction": "sell", "amount": 0.1}, {"trade_seq": 3921, "trade_id": "237063550", "timestamp": 1669882667848, "tick_direction": 3, "price": 0.003, "mark_price": 0.00321926, "iv": 59.94, "instrument_name": "BTC-30DEC22-23000-C", "index_price": 17077.17, "direction": "sell", "amount": 0.1}, {"trade_seq": 3920, "trade_id": "237063549", "timestamp": 1669882667843, "tick_direction": 3, "price": 0.003, "mark_price": 0.00321926, "iv": 59.94, "instrument_name": "BTC-30DEC22-23000-C", "index_price": 17077.17, "direction": "sell", "amount": 0.1}, {"trade_seq": 3919, "trade_id": "237063547", "timestamp": 1669882667837, "tick_direction": 3, "price": 0.003, "mark_price": 0.00321926, "iv": 59.94, "instrument_name": "BTC-30DEC22-23000-C", "index_price": 17077.17, "direction": "sell", "amount": 0.1}, {"trade_seq": 3918, "trade_id": "237063545", "timestamp": 1669882667817, "tick_direction": 3, "price": 0.003, "mark_price": 0.00321926, "iv": 59.94, "instrument_name": "BTC-30DEC22-23000-C", "index_price": 17077.17, "direction": "sell", "amount": 0.3}, {"trade_seq": 3917, "trade_id": "237063544", "timestamp": 1669882667812, "tick_direction": 3, "price": 0.003, "mark_price": 0.00321926, "iv": 59.94, "instrument_name": "BTC-30DEC22-23000-C", "index_price": 17077.17, "direction": "sell", "amount": 0.1}, {"trade_seq": 3916, "trade_id": "237063543", "timestamp": 1669882667801, "tick_direction": 3, "price": 0.003, "mark_price": 0.00321926, "iv": 59.94, "instrument_name": "BTC-30DEC22-23000-C", "index_price": 17077.17, "direction": "sell", "amount": 0.4}, {"trade_seq": 3915, "trade_id": "237063542", "timestamp": 1669882667801, "tick_direction": 2, "price": 0.003, "mark_price": 0.00321926, "iv": 59.94, "instrument_name": "BTC-30DEC22-23000-C", "index_price": 17077.17, "direction": "sell", "amount": 0.2}, {"trade_seq": 3914, "trade_id": "237012215", "timestamp": 1669836926659, "tick_direction": 1, "price": 0.0035, "mark_price": 0.00338209, "iv": 61.03, "instrument_name": "BTC-30DEC22-23000-C", "index_price": 17075.03, "direction": "buy", "amount": 1.6}, {"trade_seq": 3913, "trade_id": "237012214", "timestamp": 1669836926659, "tick_direction": 1, "price": 0.0035, "mark_price": 0.00338209, "iv": 61.03, "instrument_name": "BTC-30DEC22-23000-C", "index_price": 17075.03, "direction": "buy", "amount": 0.1}, {"trade_seq": 3912, "trade_id": "236991551", "timestamp": 1669829061374, "tick_direction": 1, "price": 0.0035, "mark_price": 0.00359694, "iv": 64.05, "instrument_name": "BTC-30DEC22-23000-C", "index_price": 16757.26, "direction": "sell", "amount": 2.0}, {"trade_seq": 3911, "trade_id": "236984738", "timestamp": 1669822094114, "tick_direction": 1, "price": 0.0035, "mark_price": 0.003443, "iv": 63.44, "instrument_name": "BTC-30DEC22-23000-C", "index_price": 16814.22, "direction": "buy", "amount": 8.8}, {"trade_seq": 3910, "trade_id": "236984643", "timestamp": 1669821846124, "tick_direction": 0, "price": 0.0035, "mark_price": 0.00347067, "iv": 63.28, "instrument_name": "BTC-30DEC22-23000-C", "index_price": 16829.96, "direction": "buy", "amount": 0.1}, {"trade_seq": 3909, "trade_id": "236981837", "timestamp": 1669817782199, "tick_direction": 3, "price": 0.003, "mark_price": 0.00332984, "iv": 61.42, "instrument_name": "BTC-30DEC22-23000-C", "index_price": 16831.05, "direction": "sell", "combo_id": "BTC-CS-30DEC22-22000_23000", "block_trade_id": "57794", "amount": 130.0}, {"trade_seq": 3908, "trade_id": "236978401", "timestamp": 1669813143208, "tick_direction": 2, "price": 0.003, "mark_price": 0.00307409, "iv": 61.93, "instrument_name": "BTC-30DEC22-23000-C", "index_price": 16769.37, "direction": "sell", "amount": 1.0}, {"trade_seq": 3907, "trade_id": "236958532", "timestamp": 1669775506149, "tick_direction": 1, "price": 0.0035, "mark_price": 0.00317735, "iv": 60.83, "instrument_name": "BTC-30DEC22-23000-C", "index_price": 17019.14, "direction": "buy", "amount": 1.7}, {"trade_seq": 3906, "trade_id": "236958531", "timestamp": 1669775506149, "tick_direction": 0, "price": 0.0035, "mark_price": 0.00317735, "iv": 60.83, "instrument_name": "BTC-30DEC22-23000-C", "index_price": 17019.14, "direction": "buy", "amount": 1.8}, {"trade_seq": 3905, "trade_id": "236957031", "timestamp": 1669774884935, "tick_direction": 2, "price": 0.003, "mark_price": 0.00309528, "iv": 58.94, "instrument_name": "BTC-30DEC22-23000-C", "index_price": 17022.47, "direction": "buy", "amount": 0.2}, {"trade_seq": 3904, "trade_id": "236913170", "timestamp": 1669724211961, "tick_direction": 2, "price": 0.0029, "mark_price": 0.00297112, "iv": 63.11, "instrument_name": "BTC-30DEC22-23000-C", "index_price": 16479.71, "direction": "sell", "block_trade_id": "57704", "amount": 25.0}, {"trade_seq": 3903, "trade_id": "236911865", "timestamp": 1669721734371, "tick_direction": 1, "price": 0.0035, "mark_price": 0.00314059, "iv": 64.99, "instrument_name": "BTC-30DEC22-23000-C", "index_price": 16510.76, "direction": "buy", "amount": 0.9}, {"trade_seq": 3902, "trade_id": "236911864", "timestamp": 1669721734371, "tick_direction": 0, "price": 0.0035, "mark_price": 0.00314059, "iv": 64.99, "instrument_name": "BTC-30DEC22-23000-C", "index_price": 16510.76, "direction": "buy", "amount": 0.2}, {"trade_seq": 3901, "trade_id": "236887826", "timestamp": 1669695606936, "tick_direction": 2, "price": 0.0025, "mark_price": 0.00264074, "iv": 62.66, "instrument_name": "BTC-30DEC22-23000-C", "index_price": 16326.37, "direction": "sell", "amount": 1.0}, {"trade_seq": 3900, "trade_id": "236883847", "timestamp": 1669691553288, "tick_direction": 0, "price": 0.003, "mark_price": 0.00262509, "iv": 65.26, "instrument_name": "BTC-30DEC22-23000-C", "index_price": 16264.19, "direction": "buy", "amount": 0.5}, {"trade_seq": 3899, "trade_id": "236826814", "timestamp": 1669612416228, "tick_direction": 3, "price": 0.0025, "mark_price": 0.0025221, "iv": 63.2, "instrument_name": "BTC-30DEC22-23000-C", "index_price": 16201.33, "direction": "sell", "amount": 0.1}, {"trade_seq": 3898, "trade_id": "236826813", "timestamp": 1669612416228, "tick_direction": 3, "price": 0.0025, "mark_price": 0.0025221, "iv": 63.2, "instrument_name": "BTC-30DEC22-23000-C", "index_price": 16201.33, "direction": "sell", "amount": 0.1}, {"trade_seq": 3897, "trade_id": "236826812", "timestamp": 1669612416228, "tick_direction": 3, "price": 0.0025, "mark_price": 0.0025221, "iv": 63.2, "instrument_name": "BTC-30DEC22-23000-C", "index_price": 16201.33, "direction": "sell", "amount": 0.1}, {"trade_seq": 3896, "trade_id": "236826811", "timestamp": 1669612416228, "tick_direction": 2, "price": 0.0025, "mark_price": 0.0025221, "iv": 63.2, "instrument_name": "BTC-30DEC22-23000-C", "index_price": 16201.33, "direction": "sell", "amount": 0.1}, {"trade_seq": 3895, "trade_id": "236818866", "timestamp": 1669601094519, "tick_direction": 3, "price": 0.003, "mark_price": 0.00309522, "iv": 66.35, "instrument_name": "BTC-30DEC22-23000-C", "index_price": 16062.71, "direction": "sell", "amount": 8.9}, {"trade_seq": 3894, "trade_id": "236818865", "timestamp": 1669601094519, "tick_direction": 3, "price": 0.003, "mark_price": 0.00309522, "iv": 66.35, "instrument_name": "BTC-30DEC22-23000-C", "index_price": 16062.71, "direction": "sell", "amount": 1.1}, {"trade_seq": 3893, "trade_id": "236817587", "timestamp": 1669600445669, "tick_direction": 3, "price": 0.003, "mark_price": 0.00324823, "iv": 65.61, "instrument_name": "BTC-30DEC22-23000-C", "index_price": 16142.57, "direction": "sell", "amount": 0.5}, {"trade_seq": 3892, "trade_id": "236817584", "timestamp": 1669600436108, "tick_direction": 3, "price": 0.003, "mark_price": 0.00323682, "iv": 65.64, "instrument_name": "BTC-30DEC22-23000-C", "index_price": 16140.72, "direction": "sell", "amount": 0.5}, {"trade_seq": 3891, "trade_id": "236817557", "timestamp": 1669600409349, "tick_direction": 3, "price": 0.003, "mark_price": 0.0032551, "iv": 65.58, "instrument_name": "BTC-30DEC22-23000-C", "index_price": 16143.16, "direction": "sell", "amount": 0.5}, {"trade_seq": 3890, "trade_id": "236817554", "timestamp": 1669600400956, "tick_direction": 2, "price": 0.003, "mark_price": 0.00325589, "iv": 65.58, "instrument_name": "BTC-30DEC22-23000-C", "index_price": 16142.73, "direction": "sell", "amount": 0.3}, {"trade_seq": 3889, "trade_id": "236801012", "timestamp": 1669568061317, "tick_direction": 1, "price": 0.003, "mark_price": 0.00292352, "iv": 61.34, "instrument_name": "BTC-30DEC22-23000-C", "index_price": 16541.08, "direction": "buy", "amount": 0.1}, {"trade_seq": 3888, "trade_id": "236796022", "timestamp": 1669554581852, "tick_direction": 1, "price": 0.003, "mark_price": 0.00295473, "iv": 61.2, "instrument_name": "BTC-30DEC22-23000-C", "index_price": 16552.4, "direction": "buy", "amount": 0.1}, {"trade_seq": 3887, "trade_id": "236796012", "timestamp": 1669554535539, "tick_direction": 0, "price": 0.003, "mark_price": 0.0029532, "iv": 61.2, "instrument_name": "BTC-30DEC22-23000-C", "index_price": 16552.04, "direction": "buy", "amount": 0.1}, {"trade_seq": 3886, "trade_id": "236795594", "timestamp": 1669552729203, "tick_direction": 2, "price": 0.0025, "mark_price": 0.00300602, "iv": 59.06, "instrument_name": "BTC-30DEC22-23000-C", "index_price": 16560.41, "direction": "sell", "amount": 0.1}, {"trade_seq": 3885, "trade_id": "236787741", "timestamp": 1669524687780, "tick_direction": 2, "price": 0.0035, "mark_price": 0.00349672, "iv": 62.76, "instrument_name": "BTC-30DEC22-23000-C", "index_price": 16557.79, "direction": "sell", "amount": 0.3}, {"trade_seq": 3884, "trade_id": "236774660", "timestamp": 1669476183707, "tick_direction": 0, "price": 0.004, "mark_price": 0.00340549, "iv": 64.36, "instrument_name": "BTC-30DEC22-23000-C", "index_price": 16500.96, "direction": "buy", "amount": 1.9}, {"trade_seq": 3883, "trade_id": "236774644", "timestamp": 1669476150898, "tick_direction": 1, "price": 0.0035, "mark_price": 0.00338878, "iv": 62.74, "instrument_name": "BTC-30DEC22-23000-C", "index_price": 16505.53, "direction": "buy", "amount": 0.1}, {"trade_seq": 3882, "trade_id": "236767023", "timestamp": 1669458607738, "tick_direction": 0, "price": 0.0035, "mark_price": 0.00346463, "iv": 61.71, "instrument_name": "BTC-30DEC22-23000-C", "index_price": 16601.36, "direction": "buy", "amount": 0.1}, {"trade_seq": 3881, "trade_id": "236761122", "timestamp": 1669445127129, "tick_direction": 2, "price": 0.003, "mark_price": 0.00348909, "iv": 60.06, "instrument_name": "BTC-30DEC22-23000-C", "index_price": 16570.43, "direction": "sell", "amount": 0.1}, {"trade_seq": 3880, "trade_id": "236750253", "timestamp": 1669419244494, "tick_direction": 2, "price": 0.0035, "mark_price": 0.00386468, "iv": 61.58, "instrument_name": "BTC-30DEC22-23000-C", "index_price": 16543.01, "direction": "sell", "amount": 7.4}, {"trade_seq": 3879, "trade_id": "236741218", "timestamp": 1669392573872, "tick_direction": 1, "price": 0.004, "mark_price": 0.00389961, "iv": 63.45, "instrument_name": "BTC-30DEC22-23000-C", "index_price": 16489.58, "direction": "buy", "amount": 0.5}, {"trade_seq": 3878, "trade_id": "236741217", "timestamp": 1669392573872, "tick_direction": 0, "price": 0.004, "mark_price": 0.00389961, "iv": 63.45, "instrument_name": "BTC-30DEC22-23000-C", "index_price": 16489.58, "direction": "buy", "amount": 0.1}, {"trade_seq": 3877, "trade_id": "236734020", "timestamp": 1669382369084, "tick_direction": 2, "price": 0.0035, "mark_price": 0.00399509, "iv": 61.74, "instrument_name": "BTC-30DEC22-23000-C", "index_price": 16493.53, "direction": "sell", "amount": 0.4}, {"trade_seq": 3876, "trade_id": "236731439", "timestamp": 1669378425304, "tick_direction": 2, "price": 0.004, "mark_price": 0.00405224, "iv": 62.89, "instrument_name": "BTC-30DEC22-23000-C", "index_price": 16538.24, "direction": "sell", "amount": 0.1}, {"trade_seq": 3875, "trade_id": "236728801", "timestamp": 1669374347081, "tick_direction": 3, "price": 0.0045, "mark_price": 0.00402894, "iv": 64.95, "instrument_name": "BTC-30DEC22-23000-C", "index_price": 16474.36, "direction": "buy", "amount": 0.2}, {"trade_seq": 3874, "trade_id": "236726798", "timestamp": 1669369901971, "tick_direction": 3, "price": 0.0045, "mark_price": 0.0045936, "iv": 65.37, "instrument_name": "BTC-30DEC22-23000-C", "index_price": 16431.55, "direction": "sell", "amount": 0.1}, {"trade_seq": 3873, "trade_id": "236726783", "timestamp": 1669369892744, "tick_direction": 3, "price": 0.0045, "mark_price": 0.00459128, "iv": 65.38, "instrument_name": "BTC-30DEC22-23000-C", "index_price": 16429.72, "direction": "sell", "amount": 0.6}, {"trade_seq": 3872, "trade_id": "236726782", "timestamp": 1669369892744, "tick_direction": 3, "price": 0.0045, "mark_price": 0.00459128, "iv": 65.38, "instrument_name": "BTC-30DEC22-23000-C", "index_price": 16429.72, "direction": "sell", "amount": 0.1}, {"trade_seq": 3871, "trade_id": "236726781", "timestamp": 1669369892744, "tick_direction": 3, "price": 0.0045, "mark_price": 0.00459128, "iv": 65.38, "instrument_name": "BTC-30DEC22-23000-C", "index_price": 16429.72, "direction": "sell", "amount": 0.1}, {"trade_seq": 3870, "trade_id": "236726780", "timestamp": 1669369892744, "tick_direction": 3, "price": 0.0045, "mark_price": 0.00459128, "iv": 65.38, "instrument_name": "BTC-30DEC22-23000-C", "index_price": 16429.72, "direction": "sell", "amount": 0.2}, {"trade_seq": 3869, "trade_id": "236724123", "timestamp": 1669365308342, "tick_direction": 2, "price": 0.0045, "mark_price": 0.0048366, "iv": 65.41, "instrument_name": "BTC-30DEC22-23000-C", "index_price": 16424.51, "direction": "sell", "amount": 0.1}, {"trade_seq": 3868, "trade_id": "236723563", "timestamp": 1669364889452, "tick_direction": 1, "price": 0.005, "mark_price": 0.00485765, "liquidation": "T", "iv": 66.8, "instrument_name": "BTC-30DEC22-23000-C", "index_price": 16421.05, "direction": "buy", "amount": 3.0}, {"trade_seq": 3867, "trade_id": "236723562", "timestamp": 1669364889452, "tick_direction": 1, "price": 0.005, "mark_price": 0.00485765, "liquidation": "T", "iv": 66.8, "instrument_name": "BTC-30DEC22-23000-C", "index_price": 16421.05, "direction": "buy", "amount": 5.9}, {"trade_seq": 3866, "trade_id": "236723561", "timestamp": 1669364889452, "tick_direction": 0, "price": 0.005, "mark_price": 0.00485765, "liquidation": "T", "iv": 66.8, "instrument_name": "BTC-30DEC22-23000-C", "index_price": 16421.05, "direction": "buy", "amount": 0.1}, {"trade_seq": 3865, "trade_id": "236710959", "timestamp": 1669354162174, "tick_direction": 2, "price": 0.0045, "mark_price": 0.00491068, "iv": 65.74, "instrument_name": "BTC-30DEC22-23000-C", "index_price": 16386.84, "direction": "sell", "amount": 1.0}, {"trade_seq": 3864, "trade_id": "236682318", "timestamp": 1669294183984, "tick_direction": 3, "price": 0.005, "mark_price": 0.00496179, "iv": 65.59, "instrument_name": "BTC-30DEC22-23000-C", "index_price": 16499.24, "direction": "buy", "amount": 1.7}, {"trade_seq": 3863, "trade_id": "236682317", "timestamp": 1669294183980, "tick_direction": 2, "price": 0.005, "mark_price": 0.00496179, "iv": 65.59, "instrument_name": "BTC-30DEC22-23000-C", "index_price": 16499.24, "direction": "sell", "amount": 0.3}, {"trade_seq": 3862, "trade_id": "236673054", "timestamp": 1669279981579, "tick_direction": 2, "price": 0.0055, "mark_price": 0.005774, "iv": 66.15, "instrument_name": "BTC-30DEC22-23000-C", "index_price": 16573.54, "direction": "sell", "amount": 8.8}, {"trade_seq": 3861, "trade_id": "236669017", "timestamp": 1669275556432, "tick_direction": 1, "price": 0.006, "mark_price": 0.00548073, "iv": 66.28, "instrument_name": "BTC-30DEC22-23000-C", "index_price": 16689.4, "direction": "sell", "amount": 14.0}, {"trade_seq": 3860, "trade_id": "236669016", "timestamp": 1669275556429, "tick_direction": 1, "price": 0.006, "mark_price": 0.00548073, "iv": 66.28, "instrument_name": "BTC-30DEC22-23000-C", "index_price": 16689.4, "direction": "buy", "amount": 6.0}, {"trade_seq": 3859, "trade_id": "236669015", "timestamp": 1669275556429, "tick_direction": 1, "price": 0.006, "mark_price": 0.00548073, "iv": 66.28, "instrument_name": "BTC-30DEC22-23000-C", "index_price": 16689.4, "direction": "buy", "amount": 3.0}, {"trade_seq": 3858, "trade_id": "236669014", "timestamp": 1669275556429, "tick_direction": 0, "price": 0.006, "mark_price": 0.00548073, "iv": 66.28, "instrument_name": "BTC-30DEC22-23000-C", "index_price": 16689.4, "direction": "buy", "amount": 1.0}, {"trade_seq": 3857, "trade_id": "236643703", "timestamp": 1669231076512, "tick_direction": 3, "price": 0.0055, "mark_price": 0.00587775, "iv": 65.8, "instrument_name": "BTC-30DEC22-23000-C", "index_price": 16549.48, "direction": "sell", "amount": 0.2}, {"trade_seq": 3856, "trade_id": "236630483", "timestamp": 1669214256576, "tick_direction": 0, "price": 0.006, "mark_price": 0.00555713, "iv": 68.23, "instrument_name": "BTC-30DEC22-23000-C", "index_price": 16407.87, "direction": "buy", "amount": 0.7}, {"trade_seq": 3855, "trade_id": "236628033", "timestamp": 1669212093908, "tick_direction": 2, "price": 0.0055, "mark_price": 0.00565205, "iv": 67.08, "instrument_name": "BTC-30DEC22-23000-C", "index_price": 16400.29, "direction": "sell", "amount": 15.0}, {"trade_seq": 3854, "trade_id": "236604800", "timestamp": 1669188218609, "tick_direction": 0, "price": 0.006, "mark_price": 0.00595706, "iv": 67.26, "instrument_name": "BTC-30DEC22-23000-C", "index_price": 16477.98, "direction": "sell", "amount": 1.4}, {"trade_seq": 3853, "trade_id": "236594491", "timestamp": 1669171812320, "tick_direction": 2, "price": 0.0055, "mark_price": 0.00605435, "iv": 65.86, "instrument_name": "BTC-30DEC22-23000-C", "index_price": 16469.16, "direction": "sell", "amount": 7.5}, {"trade_seq": 3852, "trade_id": "236585802", "timestamp": 1669162117894, "tick_direction": 1, "price": 0.006, "mark_price": 0.00601407, "iv": 69.69, "instrument_name": "BTC-30DEC22-23000-C", "index_price": 16180.33, "direction": "sell", "amount": 0.2}, {"trade_seq": 3851, "trade_id": "236585800", "timestamp": 1669162114473, "tick_direction": 1, "price": 0.006, "mark_price": 0.00600513, "iv": 69.71, "instrument_name": "BTC-30DEC22-23000-C", "index_price": 16177.96, "direction": "sell", "amount": 0.5}, {"trade_seq": 3850, "trade_id": "236570792", "timestamp": 1669139608636, "tick_direction": 1, "price": 0.006, "mark_price": 0.0054823, "iv": 70.38, "instrument_name": "BTC-30DEC22-23000-C", "index_price": 16095.5, "direction": "buy", "amount": 0.7}, {"trade_seq": 3849, "trade_id": "236550694", "timestamp": 1669123786515, "tick_direction": 1, "price": 0.0055, "mark_price": 0.00533887, "iv": 69.56, "instrument_name": "BTC-30DEC22-23000-C", "index_price": 16036.5, "direction": "buy", "amount": 2.5}, {"trade_seq": 3848, "trade_id": "236550609", "timestamp": 1669123715343, "tick_direction": 0, "price": 0.0055, "mark_price": 0.00531543, "iv": 69.65, "instrument_name": "BTC-30DEC22-23000-C", "index_price": 16024.25, "direction": "buy", "amount": 0.5}, {"trade_seq": 3847, "trade_id": "236544009", "timestamp": 1669117849188, "tick_direction": 3, "price": 0.005, "mark_price": 0.00529097, "iv": 71.03, "instrument_name": "BTC-30DEC22-23000-C", "index_price": 15715.64, "direction": "sell", "amount": 3.4}, {"trade_seq": 3846, "trade_id": "236544008", "timestamp": 1669117849188, "tick_direction": 3, "price": 0.005, "mark_price": 0.00529097, "iv": 71.03, "instrument_name": "BTC-30DEC22-23000-C", "index_price": 15715.64, "direction": "sell", "amount": 8.6}, {"trade_seq": 3845, "trade_id": "236544007", "timestamp": 1669117849188, "tick_direction": 3, "price": 0.005, "mark_price": 0.00529097, "iv": 71.03, "instrument_name": "BTC-30DEC22-23000-C", "index_price": 15715.64, "direction": "sell", "amount": 25.0}, {"trade_seq": 3844, "trade_id": "236544006", "timestamp": 1669117849188, "tick_direction": 2, "price": 0.005, "mark_price": 0.00529097, "iv": 71.03, "instrument_name": "BTC-30DEC22-23000-C", "index_price": 15715.64, "direction": "sell", "amount": 3.0}, {"trade_seq": 3843, "trade_id": "236541969", "timestamp": 1669113380629, "tick_direction": 1, "price": 0.006, "mark_price": 0.00549558, "iv": 73.66, "instrument_name": "BTC-30DEC22-23000-C", "index_price": 15712.03, "direction": "buy", "amount": 4.8}, {"trade_seq": 3842, "trade_id": "236541968", "timestamp": 1669113380629, "tick_direction": 1, "price": 0.006, "mark_price": 0.00549558, "iv": 73.66, "instrument_name": "BTC-30DEC22-23000-C", "index_price": 15712.03, "direction": "buy", "amount": 1.6}, {"trade_seq": 3841, "trade_id": "236541967", "timestamp": 1669113380629, "tick_direction": 0, "price": 0.006, "mark_price": 0.00549558, "iv": 73.66, "instrument_name": "BTC-30DEC22-23000-C", "index_price": 15712.03, "direction": "buy", "amount": 0.1}, {"trade_seq": 3840, "trade_id": "236540771", "timestamp": 1669111102314, "tick_direction": 2, "price": 0.0055, "mark_price": 0.00547127, "iv": 72.71, "instrument_name": "BTC-30DEC22-23000-C", "index_price": 15672.47, "direction": "buy", "amount": 3.0}, {"trade_seq": 3839, "trade_id": "236535167", "timestamp": 1669103863818, "tick_direction": 1, "price": 0.006, "mark_price": 0.00578849, "iv": 73.02, "instrument_name": "BTC-30DEC22-23000-C", "index_price": 15750.48, "direction": "sell", "amount": 0.4}, {"trade_seq": 3838, "trade_id": "236533625", "timestamp": 1669102128499, "tick_direction": 1, "price": 0.006, "mark_price": 0.00562027, "iv": 73.62, "instrument_name": "BTC-30DEC22-23000-C", "index_price": 15691.68, "direction": "buy", "amount": 1.9}, {"trade_seq": 3837, "trade_id": "236533537", "timestamp": 1669101784456, "tick_direction": 1, "price": 0.006, "mark_price": 0.00568656, "iv": 73.42, "instrument_name": "BTC-30DEC22-23000-C", "index_price": 15713.25, "direction": "buy", "amount": 0.5}, {"trade_seq": 3836, "trade_id": "236528086", "timestamp": 1669095238672, "tick_direction": 0, "price": 0.006, "mark_price": 0.00549913, "iv": 72.6, "instrument_name": "BTC-30DEC22-23000-C", "index_price": 15788.21, "direction": "buy", "amount": 1.0}, {"trade_seq": 3835, "trade_id": "236521271", "timestamp": 1669082183119, "tick_direction": 2, "price": 0.0055, "mark_price": 0.00571308, "iv": 71.17, "instrument_name": "BTC-30DEC22-23000-C", "index_price": 15782.96, "direction": "sell", "amount": 2.0}, {"trade_seq": 3834, "trade_id": "236485840", "timestamp": 1669057877362, "tick_direction": 1, "price": 0.006, "mark_price": 0.00603156, "iv": 70.23, "instrument_name": "BTC-30DEC22-23000-C", "index_price": 15973.64, "direction": "buy", "amount": 0.1}, {"trade_seq": 3833, "trade_id": "236452051", "timestamp": 1669032580566, "tick_direction": 1, "price": 0.006, "mark_price": 0.00538346, "iv": 70.23, "instrument_name": "BTC-30DEC22-23000-C", "index_price": 16017.99, "direction": "sell", "amount": 8.2}, {"trade_seq": 3832, "trade_id": "236452050", "timestamp": 1669032579950, "tick_direction": 1, "price": 0.006, "mark_price": 0.00538212, "iv": 70.23, "instrument_name": "BTC-30DEC22-23000-C", "index_price": 16018.42, "direction": "buy", "amount": 20.0}, {"trade_seq": 3831, "trade_id": "236452049", "timestamp": 1669032579950, "tick_direction": 1, "price": 0.006, "mark_price": 0.00538212, "iv": 70.23, "instrument_name": "BTC-30DEC22-23000-C", "index_price": 16018.42, "direction": "buy", "amount": 12.2}, {"trade_seq": 3830, "trade_id": "236452048", "timestamp": 1669032579950, "tick_direction": 1, "price": 0.006, "mark_price": 0.00538212, "iv": 70.23, "instrument_name": "BTC-30DEC22-23000-C", "index_price": 16018.42, "direction": "buy", "amount": 25.0}, {"trade_seq": 3829, "trade_id": "236452047", "timestamp": 1669032579950, "tick_direction": 1, "price": 0.006, "mark_price": 0.00538212, "iv": 70.23, "instrument_name": "BTC-30DEC22-23000-C", "index_price": 16018.42, "direction": "buy", "amount": 1.9}, {"trade_seq": 3828, "trade_id": "236452046", "timestamp": 1669032579950, "tick_direction": 0, "price": 0.006, "mark_price": 0.00538212, "iv": 70.23, "instrument_name": "BTC-30DEC22-23000-C", "index_price": 16018.42, "direction": "buy", "amount": 8.0}, {"trade_seq": 3827, "trade_id": "236446455", "timestamp": 1669023891125, "tick_direction": 1, "price": 0.0055, "mark_price": 0.00552294, "iv": 68.91, "instrument_name": "BTC-30DEC22-23000-C", "index_price": 16016.62, "direction": "buy", "amount": 0.1}, {"trade_seq": 3826, "trade_id": "236445323", "timestamp": 1669022461621, "tick_direction": 0, "price": 0.0055, "mark_price": 0.00533777, "iv": 68.71, "instrument_name": "BTC-30DEC22-23000-C", "index_price": 16039.56, "direction": "buy", "amount": 3.1}, {"trade_seq": 3825, "trade_id": "236434933", "timestamp": 1669015343294, "tick_direction": 1, "price": 0.0055, "mark_price": 0.00524721, "iv": 68.12, "instrument_name": "BTC-30DEC22-23000-C", "index_price": 16104.33, "direction": "buy", "amount": 1.4}, {"trade_seq": 3824, "trade_id": "236433469", "timestamp": 1669013710145, "tick_direction": 1, "price": 0.0055, "mark_price": 0.00518582, "iv": 68.04, "instrument_name": "BTC-30DEC22-23000-C", "index_price": 16109.73, "direction": "buy", "amount": 4.0}, {"trade_seq": 3823, "trade_id": "236431626", "timestamp": 1669010633837, "tick_direction": 0, "price": 0.0055, "mark_price": 0.00526486, "iv": 67.21, "instrument_name": "BTC-30DEC22-23000-C", "index_price": 16201.35, "direction": "buy", "amount": 0.5}, {"trade_seq": 3822, "trade_id": "236399809", "timestamp": 1668982461382, "tick_direction": 3, "price": 0.0055, "mark_price": 0.00536566, "iv": 66.21, "instrument_name": "BTC-30DEC22-23000-C", "index_price": 16279.71, "direction": "buy", "amount": 0.4}, {"trade_seq": 3821, "trade_id": "236399808", "timestamp": 1668982461382, "tick_direction": 3, "price": 0.0055, "mark_price": 0.00536566, "iv": 66.21, "instrument_name": "BTC-30DEC22-23000-C", "index_price": 16279.71, "direction": "buy", "amount": 0.1}, {"trade_seq": 3820, "trade_id": "236390115", "timestamp": 1668967909086, "tick_direction": 3, "price": 0.0055, "mark_price": 0.00529564, "iv": 63.64, "instrument_name": "BTC-30DEC22-23000-C", "index_price": 16546.84, "direction": "buy", "amount": 1.9}, {"trade_seq": 3819, "trade_id": "236382874", "timestamp": 1668947291622, "tick_direction": 3, "price": 0.0055, "mark_price": 0.00556384, "iv": 63.98, "instrument_name": "BTC-30DEC22-23000-C", "index_price": 16525.06, "direction": "sell", "amount": 0.2}, {"trade_seq": 3818, "trade_id": "236381542", "timestamp": 1668945686382, "tick_direction": 3, "price": 0.0055, "mark_price": 0.00523974, "iv": 64.52, "instrument_name": "BTC-30DEC22-23000-C", "index_price": 16460.25, "direction": "buy", "amount": 0.1}, {"trade_seq": 3817, "trade_id": "236375093", "timestamp": 1668937288472, "tick_direction": 3, "price": 0.0055, "mark_price": 0.00552738, "iv": 62.72, "instrument_name": "BTC-30DEC22-23000-C", "index_price": 16610.76, "direction": "sell", "amount": 0.1}, {"trade_seq": 3816, "trade_id": "236375092", "timestamp": 1668937288472, "tick_direction": 2, "price": 0.0055, "mark_price": 0.00552738, "iv": 62.72, "instrument_name": "BTC-30DEC22-23000-C", "index_price": 16610.76, "direction": "sell", "amount": 0.1}, {"trade_seq": 3815, "trade_id": "236353579", "timestamp": 1668863702363, "tick_direction": 2, "price": 0.0065, "mark_price": 0.00691459, "iv": 64.34, "instrument_name": "BTC-30DEC22-23000-C", "index_price": 16627.79, "direction": "sell", "amount": 1.8}, {"trade_seq": 3814, "trade_id": "236340135", "timestamp": 1668819630343, "tick_direction": 0, "price": 0.0075, "mark_price": 0.00753963, "iv": 65.69, "instrument_name": "BTC-30DEC22-23000-C", "index_price": 16646.23, "direction": "sell", "amount": 0.5}, {"trade_seq": 3813, "trade_id": "236315370", "timestamp": 1668779601948, "tick_direction": 2, "price": 0.007, "mark_price": 0.00743835, "iv": 63.44, "instrument_name": "BTC-30DEC22-23000-C", "index_price": 16744.05, "direction": "sell", "amount": 0.1}, {"trade_seq": 3812, "trade_id": "236311695", "timestamp": 1668773488815, "tick_direction": 2, "price": 0.0075, "mark_price": 0.00773731, "iv": 64.18, "instrument_name": "BTC-30DEC22-23000-C", "index_price": 16754.64, "direction": "sell", "amount": 0.5}, {"trade_seq": 3811, "trade_id": "236307132", "timestamp": 1668766259287, "tick_direction": 3, "price": 0.0085, "mark_price": 0.00887236, "iv": 65.95, "instrument_name": "BTC-30DEC22-23000-C", "index_price": 16775.27, "direction": "sell", "amount": 0.2}, {"trade_seq": 3810, "trade_id": "236307131", "timestamp": 1668766259287, "tick_direction": 3, "price": 0.0085, "mark_price": 0.00887236, "iv": 65.95, "instrument_name": "BTC-30DEC22-23000-C", "index_price": 16775.27, "direction": "sell", "amount": 0.1}, {"trade_seq": 3809, "trade_id": "236307130", "timestamp": 1668766259287, "tick_direction": 3, "price": 0.0085, "mark_price": 0.00887236, "iv": 65.95, "instrument_name": "BTC-30DEC22-23000-C", "index_price": 16775.27, "direction": "sell", "amount": 0.4}, {"trade_seq": 3808, "trade_id": "236307129", "timestamp": 1668766259287, "tick_direction": 3, "price": 0.0085, "mark_price": 0.00887236, "iv": 65.95, "instrument_name": "BTC-30DEC22-23000-C", "index_price": 16775.27, "direction": "sell", "amount": 0.5}, {"trade_seq": 3807, "trade_id": "236307128", "timestamp": 1668766259287, "tick_direction": 3, "price": 0.0085, "mark_price": 0.00887236, "iv": 65.95, "instrument_name": "BTC-30DEC22-23000-C", "index_price": 16775.27, "direction": "sell", "amount": 0.6}, {"trade_seq": 3806, "trade_id": "236300683", "timestamp": 1668759517839, "tick_direction": 3, "price": 0.0085, "mark_price": 0.00886569, "iv": 66.64, "instrument_name": "BTC-30DEC22-23000-C", "index_price": 16688.05, "direction": "sell", "amount": 0.1}, {"trade_seq": 3805, "trade_id": "236300508", "timestamp": 1668759425805, "tick_direction": 3, "price": 0.0085, "mark_price": 0.00889896, "iv": 66.62, "instrument_name": "BTC-30DEC22-23000-C", "index_price": 16690.06, "direction": "sell", "amount": 0.7}, {"trade_seq": 3804, "trade_id": "236300507", "timestamp": 1668759425805, "tick_direction": 2, "price": 0.0085, "mark_price": 0.00889896, "iv": 66.62, "instrument_name": "BTC-30DEC22-23000-C", "index_price": 16690.06, "direction": "sell", "amount": 0.3}, {"trade_seq": 3803, "trade_id": "236288120", "timestamp": 1668747085033, "tick_direction": 1, "price": 0.009, "mark_price": 0.00908519, "iv": 66.44, "instrument_name": "BTC-30DEC22-23000-C", "index_price": 16820.15, "direction": "buy", "block_trade_id": "56670", "amount": 25.0}, {"trade_seq": 3802, "trade_id": "236285067", "timestamp": 1668743148599, "tick_direction": 1, "price": 0.009, "mark_price": 0.00930476, "iv": 65.91, "instrument_name": "BTC-30DEC22-23000-C", "index_price": 16881.7, "direction": "sell", "amount": 1.0}, {"trade_seq": 3801, "trade_id": "236264214", "timestamp": 1668721344187, "tick_direction": 3, "price": 0.0095, "mark_price": 0.00935558, "iv": 68.16, "instrument_name": "BTC-30DEC22-23000-C", "index_price": 16687.48, "direction": "buy", "amount": 0.5}, {"trade_seq": 3800, "trade_id": "236257566", "timestamp": 1668711067726, "tick_direction": 2, "price": 0.0095, "mark_price": 0.0099937, "iv": 67.9, "instrument_name": "BTC-30DEC22-23000-C", "index_price": 16691.15, "direction": "sell", "amount": 2.4}, {"trade_seq": 3799, "trade_id": "236208304", "timestamp": 1668661290849, "tick_direction": 3, "price": 0.0115, "mark_price": 0.01173406, "iv": 72.7, "instrument_name": "BTC-30DEC22-23000-C", "index_price": 16502.47, "direction": "buy", "amount": 0.4}, {"trade_seq": 3798, "trade_id": "236208303", "timestamp": 1668661282338, "tick_direction": 3, "price": 0.0115, "mark_price": 0.01174474, "iv": 72.7, "instrument_name": "BTC-30DEC22-23000-C", "index_price": 16502.29, "direction": "buy", "amount": 0.6}, {"trade_seq": 3797, "trade_id": "236208301", "timestamp": 1668661280916, "tick_direction": 3, "price": 0.0115, "mark_price": 0.01174312, "iv": 72.7, "instrument_name": "BTC-30DEC22-23000-C", "index_price": 16502.29, "direction": "buy", "amount": 0.9}, {"trade_seq": 3796, "trade_id": "236208238", "timestamp": 1668661207647, "tick_direction": 3, "price": 0.0115, "mark_price": 0.01173077, "iv": 72.83, "instrument_name": "BTC-30DEC22-23000-C", "index_price": 16489.26, "direction": "sell", "amount": 3.1}