{"trades": [{"trade_seq": 9934, "trade_id": "110557058", "timestamp": 1608870262245, "tick_direction": 2, "price": 0.1265, "mark_price": 0.14583391, "iv": 0.0, "instrument_name": "BTC-25DEC20-20000-C", "index_price": 23525.4, "direction": "sell", "amount": 0.2}, {"trade_seq": 9933, "trade_id": "110544350", "timestamp": 1608859614147, "tick_direction": 2, "price": 0.148, "mark_price": 0.15076521, "iv": 0.0, "instrument_name": "BTC-25DEC20-20000-C", "index_price": 23616.72, "direction": "buy", "amount": 0.3}, {"trade_seq": 9932, "trade_id": "110543609", "timestamp": 1608858604507, "tick_direction": 1, "price": 0.15, "mark_price": 0.14984954, "iv": 236.2, "instrument_name": "BTC-25DEC20-20000-C", "index_price": 23582.38, "direction": "buy", "amount": 0.2}, {"trade_seq": 9931, "trade_id": "110543279", "timestamp": 1608858435150, "tick_direction": 0, "price": 0.15, "mark_price": 0.1495365, "iv": 275.63, "instrument_name": "BTC-25DEC20-20000-C", "index_price": 23575.39, "direction": "buy", "amount": 0.2}, {"trade_seq": 9930, "trade_id": "110538997", "timestamp": 1608854944623, "tick_direction": 2, "price": 0.1295, "mark_price": 0.15167129, "iv": 0.0, "instrument_name": "BTC-25DEC20-20000-C", "index_price": 23649.86, "direction": "sell", "amount": 5.0}, {"trade_seq": 9929, "trade_id": "110520970", "timestamp": 1608849048081, "tick_direction": 0, "price": 0.15, "mark_price": 0.14998049, "iv": 186.12, "instrument_name": "BTC-25DEC20-20000-C", "index_price": 23584.12, "direction": "buy", "amount": 0.2}, {"trade_seq": 9928, "trade_id": "110517216", "timestamp": 1608846709682, "tick_direction": 0, "price": 0.147, "mark_price": 0.14498195, "iv": 287.87, "instrument_name": "BTC-25DEC20-20000-C", "index_price": 23455.28, "direction": "buy", "amount": 3.7}, {"trade_seq": 9927, "trade_id": "110509256", "timestamp": 1608843327228, "tick_direction": 0, "price": 0.1455, "mark_price": 0.1448487, "iv": 221.15, "instrument_name": "BTC-25DEC20-20000-C", "index_price": 23479.78, "direction": "buy", "amount": 1.0}, {"trade_seq": 9926, "trade_id": "110503484", "timestamp": 1608839578163, "tick_direction": 2, "price": 0.1395, "mark_price": 0.14063684, "iv": 0.0, "instrument_name": "BTC-25DEC20-20000-C", "index_price": 23327.25, "direction": "buy", "amount": 0.1}, {"trade_seq": 9925, "trade_id": "110483242", "timestamp": 1608827489817, "tick_direction": 0, "price": 0.14, "mark_price": 0.14091901, "iv": 0.0, "instrument_name": "BTC-25DEC20-20000-C", "index_price": 23314.21, "direction": "buy", "block_trade_id": "4839", "amount": 50.0}, {"trade_seq": 9924, "trade_id": "110482166", "timestamp": 1608827273124, "tick_direction": 1, "price": 0.139, "mark_price": 0.13907865, "iv": 180.88, "instrument_name": "BTC-25DEC20-20000-C", "index_price": 23254.48, "direction": "buy", "amount": 0.1}, {"trade_seq": 9923, "trade_id": "110482154", "timestamp": 1608827270971, "tick_direction": 1, "price": 0.139, "mark_price": 0.13913605, "iv": 173.11, "instrument_name": "BTC-25DEC20-20000-C", "index_price": 23258.05, "direction": "buy", "amount": 0.1}, {"trade_seq": 9922, "trade_id": "110482151", "timestamp": 1608827267970, "tick_direction": 0, "price": 0.139, "mark_price": 0.13913492, "iv": 173.3, "instrument_name": "BTC-25DEC20-20000-C", "index_price": 23257.83, "direction": "buy", "amount": 0.1}, {"trade_seq": 9921, "trade_id": "110481786", "timestamp": 1608827093169, "tick_direction": 2, "price": 0.1385, "mark_price": 0.13830226, "iv": 188.7, "instrument_name": "BTC-25DEC20-20000-C", "index_price": 23228.49, "direction": "buy", "block_trade_id": "4837", "amount": 50.0}, {"trade_seq": 9920, "trade_id": "110466641", "timestamp": 1608820459944, "tick_direction": 0, "price": 0.145, "mark_price": 0.14239878, "iv": 238.28, "instrument_name": "BTC-25DEC20-20000-C", "index_price": 23335.83, "direction": "buy", "block_trade_id": "4825", "amount": 75.0}, {"trade_seq": 9919, "trade_id": "110466356", "timestamp": 1608820276142, "tick_direction": 0, "price": 0.1445, "mark_price": 0.14263012, "iv": 225.34, "instrument_name": "BTC-25DEC20-20000-C", "index_price": 23337.46, "direction": "buy", "block_trade_id": "4823", "amount": 25.0}, {"trade_seq": 9918, "trade_id": "110461956", "timestamp": 1608818120465, "tick_direction": 0, "price": 0.1435, "mark_price": 0.14403516, "iv": 134.0, "instrument_name": "BTC-25DEC20-20000-C", "index_price": 23375.46, "direction": "buy", "amount": 0.5}, {"trade_seq": 9917, "trade_id": "110461949", "timestamp": 1608818120196, "tick_direction": 1, "price": 0.143, "mark_price": 0.1440007, "iv": 0.0, "instrument_name": "BTC-25DEC20-20000-C", "index_price": 23375.46, "direction": "buy", "amount": 0.3}, {"trade_seq": 9916, "trade_id": "110461454", "timestamp": 1608817888780, "tick_direction": 0, "price": 0.143, "mark_price": 0.14244937, "iv": 190.02, "instrument_name": "BTC-25DEC20-20000-C", "index_price": 23324.87, "direction": "buy", "amount": 0.2}, {"trade_seq": 9915, "trade_id": "110428333", "timestamp": 1608804941704, "tick_direction": 3, "price": 0.1385, "mark_price": 0.13722444, "iv": 185.47, "instrument_name": "BTC-25DEC20-20000-C", "index_price": 23212.16, "direction": "sell", "amount": 1.0}, {"trade_seq": 9914, "trade_id": "110428131", "timestamp": 1608804921647, "tick_direction": 2, "price": 0.1385, "mark_price": 0.13875848, "iv": 155.07, "instrument_name": "BTC-25DEC20-20000-C", "index_price": 23243.46, "direction": "sell", "amount": 1.0}, {"trade_seq": 9913, "trade_id": "110422793", "timestamp": 1608802390677, "tick_direction": 0, "price": 0.1425, "mark_price": 0.14340362, "iv": 0.0, "instrument_name": "BTC-25DEC20-20000-C", "index_price": 23374.52, "direction": "buy", "amount": 0.5}, {"trade_seq": 9912, "trade_id": "110422527", "timestamp": 1608802324450, "tick_direction": 0, "price": 0.1405, "mark_price": 0.14133294, "iv": 0.0, "instrument_name": "BTC-25DEC20-20000-C", "index_price": 23316.9, "direction": "buy", "amount": 0.5}, {"trade_seq": 9911, "trade_id": "110422491", "timestamp": 1608802316016, "tick_direction": 2, "price": 0.14, "mark_price": 0.14118817, "iv": 0.0, "instrument_name": "BTC-25DEC20-20000-C", "index_price": 23309.13, "direction": "buy", "amount": 0.1}, {"trade_seq": 9910, "trade_id": "110418631", "timestamp": 1608801039642, "tick_direction": 2, "price": 0.142, "mark_price": 0.14428719, "iv": 0.0, "instrument_name": "BTC-25DEC20-20000-C", "index_price": 23386.26, "direction": "buy", "amount": 0.5}, {"trade_seq": 9909, "trade_id": "110416217", "timestamp": 1608800349985, "tick_direction": 0, "price": 0.1465, "mark_price": 0.14644624, "iv": 154.09, "instrument_name": "BTC-25DEC20-20000-C", "index_price": 23451.44, "direction": "buy", "amount": 0.5}, {"trade_seq": 9908, "trade_id": "110416206", "timestamp": 1608800349576, "tick_direction": 0, "price": 0.146, "mark_price": 0.14643683, "iv": 124.08, "instrument_name": "BTC-25DEC20-20000-C", "index_price": 23451.44, "direction": "buy", "amount": 0.5}, {"trade_seq": 9907, "trade_id": "110416168", "timestamp": 1608800349223, "tick_direction": 1, "price": 0.1455, "mark_price": 0.14643683, "iv": 0.0, "instrument_name": "BTC-25DEC20-20000-C", "index_price": 23439.35, "direction": "buy", "amount": 0.5}, {"trade_seq": 9906, "trade_id": "110415862", "timestamp": 1608800241571, "tick_direction": 0, "price": 0.1455, "mark_price": 0.14638532, "iv": 0.0, "instrument_name": "BTC-25DEC20-20000-C", "index_price": 23433.28, "direction": "buy", "amount": 0.5}, {"trade_seq": 9905, "trade_id": "110415812", "timestamp": 1608800235350, "tick_direction": 0, "price": 0.145, "mark_price": 0.14596643, "iv": 0.0, "instrument_name": "BTC-25DEC20-20000-C", "index_price": 23425.18, "direction": "buy", "amount": 0.5}, {"trade_seq": 9904, "trade_id": "110415589", "timestamp": 1608800195262, "tick_direction": 1, "price": 0.1445, "mark_price": 0.1456328, "iv": 0.0, "instrument_name": "BTC-25DEC20-20000-C", "index_price": 23415.35, "direction": "buy", "amount": 0.5}, {"trade_seq": 9903, "trade_id": "110415588", "timestamp": 1608800195262, "tick_direction": 0, "price": 0.1445, "mark_price": 0.1456328, "iv": 0.0, "instrument_name": "BTC-25DEC20-20000-C", "index_price": 23415.35, "direction": "buy", "amount": 0.3}, {"trade_seq": 9902, "trade_id": "110415398", "timestamp": 1608800160849, "tick_direction": 1, "price": 0.144, "mark_price": 0.14556906, "iv": 0.0, "instrument_name": "BTC-25DEC20-20000-C", "index_price": 23412.15, "direction": "buy", "amount": 0.2}, {"trade_seq": 9901, "trade_id": "110415386", "timestamp": 1608800159729, "tick_direction": 0, "price": 0.144, "mark_price": 0.14543299, "iv": 0.0, "instrument_name": "BTC-25DEC20-20000-C", "index_price": 23410.22, "direction": "buy", "amount": 0.3}, {"trade_seq": 9900, "trade_id": "110415337", "timestamp": 1608800156873, "tick_direction": 1, "price": 0.1435, "mark_price": 0.14510884, "iv": 0.0, "instrument_name": "BTC-25DEC20-20000-C", "index_price": 23399.15, "direction": "buy", "amount": 0.7}, {"trade_seq": 9899, "trade_id": "110415150", "timestamp": 1608800144848, "tick_direction": 1, "price": 0.1435, "mark_price": 0.14447783, "iv": 0.0, "instrument_name": "BTC-25DEC20-20000-C", "index_price": 23382.41, "direction": "buy", "amount": 1.0}, {"trade_seq": 9898, "trade_id": "110415122", "timestamp": 1608800140850, "tick_direction": 1, "price": 0.1435, "mark_price": 0.1445006, "iv": 0.0, "instrument_name": "BTC-25DEC20-20000-C", "index_price": 23380.52, "direction": "buy", "amount": 1.0}, {"trade_seq": 9897, "trade_id": "110415096", "timestamp": 1608800133858, "tick_direction": 1, "price": 0.1435, "mark_price": 0.14393381, "iv": 129.2, "instrument_name": "BTC-25DEC20-20000-C", "index_price": 23369.08, "direction": "buy", "amount": 0.5}, {"trade_seq": 9896, "trade_id": "110414601", "timestamp": 1608799961441, "tick_direction": 0, "price": 0.1435, "mark_price": 0.14298686, "iv": 152.96, "instrument_name": "BTC-25DEC20-20000-C", "index_price": 23349.43, "direction": "buy", "amount": 0.5}, {"trade_seq": 9895, "trade_id": "110414540", "timestamp": 1608799959524, "tick_direction": 0, "price": 0.1425, "mark_price": 0.14274416, "iv": 141.12, "instrument_name": "BTC-25DEC20-20000-C", "index_price": 23330.83, "direction": "buy", "amount": 0.5}, {"trade_seq": 9894, "trade_id": "110414498", "timestamp": 1608799952963, "tick_direction": 0, "price": 0.142, "mark_price": 0.1423611, "iv": 126.57, "instrument_name": "BTC-25DEC20-20000-C", "index_price": 23323.68, "direction": "buy", "amount": 0.5}, {"trade_seq": 9893, "trade_id": "110413878", "timestamp": 1608799306875, "tick_direction": 0, "price": 0.1415, "mark_price": 0.14238579, "iv": 0.0, "instrument_name": "BTC-25DEC20-20000-C", "index_price": 23319.05, "direction": "buy", "amount": 0.1}, {"trade_seq": 9892, "trade_id": "110413589", "timestamp": 1608799190944, "tick_direction": 3, "price": 0.141, "mark_price": 0.1416346, "iv": 110.36, "instrument_name": "BTC-25DEC20-20000-C", "index_price": 23298.77, "direction": "buy", "amount": 0.1}, {"trade_seq": 9891, "trade_id": "110413588", "timestamp": 1608799190682, "tick_direction": 3, "price": 0.141, "mark_price": 0.1416346, "iv": 110.36, "instrument_name": "BTC-25DEC20-20000-C", "index_price": 23298.77, "direction": "buy", "amount": 0.4}, {"trade_seq": 9890, "trade_id": "110413548", "timestamp": 1608799158313, "tick_direction": 3, "price": 0.141, "mark_price": 0.14123417, "iv": 141.61, "instrument_name": "BTC-25DEC20-20000-C", "index_price": 23290.04, "direction": "buy", "amount": 0.2}, {"trade_seq": 9889, "trade_id": "110413544", "timestamp": 1608799157780, "tick_direction": 2, "price": 0.141, "mark_price": 0.14117707, "iv": 142.22, "instrument_name": "BTC-25DEC20-20000-C", "index_price": 23285.7, "direction": "buy", "amount": 0.3}, {"trade_seq": 9888, "trade_id": "110413029", "timestamp": 1608798875926, "tick_direction": 3, "price": 0.1415, "mark_price": 0.14248039, "iv": 0.0, "instrument_name": "BTC-25DEC20-20000-C", "index_price": 23320.41, "direction": "buy", "amount": 0.2}, {"trade_seq": 9887, "trade_id": "110413012", "timestamp": 1608798870585, "tick_direction": 3, "price": 0.1415, "mark_price": 0.14247741, "iv": 0.0, "instrument_name": "BTC-25DEC20-20000-C", "index_price": 23319.91, "direction": "buy", "amount": 0.2}, {"trade_seq": 9886, "trade_id": "110412938", "timestamp": 1608798790915, "tick_direction": 3, "price": 0.1415, "mark_price": 0.14247248, "iv": 0.0, "instrument_name": "BTC-25DEC20-20000-C", "index_price": 23317.66, "direction": "buy", "amount": 0.4}, {"trade_seq": 9885, "trade_id": "110412917", "timestamp": 1608798758492, "tick_direction": 2, "price": 0.1415, "mark_price": 0.14244631, "iv": 0.0, "instrument_name": "BTC-25DEC20-20000-C", "index_price": 23315.96, "direction": "buy", "amount": 0.1}, {"trade_seq": 9884, "trade_id": "110412362", "timestamp": 1608798416501, "tick_direction": 0, "price": 0.1445, "mark_price": 0.14497531, "iv": 118.35, "instrument_name": "BTC-25DEC20-20000-C", "index_price": 23390.04, "direction": "buy", "amount": 0.2}, {"trade_seq": 9883, "trade_id": "110412148", "timestamp": 1608798369348, "tick_direction": 1, "price": 0.143, "mark_price": 0.1434552, "iv": 109.9, "instrument_name": "BTC-25DEC20-20000-C", "index_price": 23358.5, "direction": "buy", "amount": 0.1}, {"trade_seq": 9882, "trade_id": "110412124", "timestamp": 1608798369051, "tick_direction": 0, "price": 0.143, "mark_price": 0.1434552, "iv": 109.9, "instrument_name": "BTC-25DEC20-20000-C", "index_price": 23358.5, "direction": "buy", "amount": 0.4}, {"trade_seq": 9881, "trade_id": "110411896", "timestamp": 1608798366776, "tick_direction": 1, "price": 0.1425, "mark_price": 0.14338646, "iv": 0.0, "instrument_name": "BTC-25DEC20-20000-C", "index_price": 23350.38, "direction": "buy", "amount": 0.4}, {"trade_seq": 9880, "trade_id": "110411895", "timestamp": 1608798366684, "tick_direction": 0, "price": 0.1425, "mark_price": 0.14338646, "iv": 0.0, "instrument_name": "BTC-25DEC20-20000-C", "index_price": 23350.38, "direction": "buy", "amount": 0.1}, {"trade_seq": 9879, "trade_id": "110411839", "timestamp": 1608798355204, "tick_direction": 1, "price": 0.142, "mark_price": 0.14276196, "iv": 0.0, "instrument_name": "BTC-25DEC20-20000-C", "index_price": 23330.05, "direction": "buy", "amount": 0.2}, {"trade_seq": 9878, "trade_id": "110411802", "timestamp": 1608798355016, "tick_direction": 0, "price": 0.142, "mark_price": 0.14276196, "iv": 0.0, "instrument_name": "BTC-25DEC20-20000-C", "index_price": 23330.05, "direction": "buy", "amount": 0.3}, {"trade_seq": 9877, "trade_id": "110411746", "timestamp": 1608798323593, "tick_direction": 1, "price": 0.1415, "mark_price": 0.1420716, "iv": 111.37, "instrument_name": "BTC-25DEC20-20000-C", "index_price": 23313.21, "direction": "buy", "amount": 0.3}, {"trade_seq": 9876, "trade_id": "110411744", "timestamp": 1608798323151, "tick_direction": 0, "price": 0.1415, "mark_price": 0.14204452, "iv": 111.37, "instrument_name": "BTC-25DEC20-20000-C", "index_price": 23313.21, "direction": "buy", "amount": 0.2}, {"trade_seq": 9875, "trade_id": "110411723", "timestamp": 1608798321621, "tick_direction": 3, "price": 0.141, "mark_price": 0.14185051, "iv": 0.0, "instrument_name": "BTC-25DEC20-20000-C", "index_price": 23305.54, "direction": "buy", "amount": 0.2}, {"trade_seq": 9874, "trade_id": "110411722", "timestamp": 1608798321591, "tick_direction": 3, "price": 0.141, "mark_price": 0.14185051, "iv": 0.0, "instrument_name": "BTC-25DEC20-20000-C", "index_price": 23305.54, "direction": "buy", "amount": 0.3}, {"trade_seq": 9873, "trade_id": "110411650", "timestamp": 1608798235594, "tick_direction": 3, "price": 0.141, "mark_price": 0.14183351, "iv": 0.0, "instrument_name": "BTC-25DEC20-20000-C", "index_price": 23303.8, "direction": "buy", "amount": 0.2}, {"trade_seq": 9872, "trade_id": "110411641", "timestamp": 1608798216157, "tick_direction": 3, "price": 0.141, "mark_price": 0.14194268, "iv": 0.0, "instrument_name": "BTC-25DEC20-20000-C", "index_price": 23305.6, "direction": "buy", "amount": 0.1}, {"trade_seq": 9871, "trade_id": "110411640", "timestamp": 1608798213084, "tick_direction": 3, "price": 0.141, "mark_price": 0.14196723, "iv": 0.0, "instrument_name": "BTC-25DEC20-20000-C", "index_price": 23307.7, "direction": "buy", "amount": 0.1}, {"trade_seq": 9870, "trade_id": "110411639", "timestamp": 1608798212070, "tick_direction": 3, "price": 0.141, "mark_price": 0.14203199, "iv": 0.0, "instrument_name": "BTC-25DEC20-20000-C", "index_price": 23306.97, "direction": "buy", "amount": 0.1}, {"trade_seq": 9869, "trade_id": "110411589", "timestamp": 1608798183695, "tick_direction": 3, "price": 0.141, "mark_price": 0.1414874, "iv": 122.8, "instrument_name": "BTC-25DEC20-20000-C", "index_price": 23295.53, "direction": "buy", "amount": 0.1}, {"trade_seq": 9868, "trade_id": "110411588", "timestamp": 1608798183491, "tick_direction": 3, "price": 0.141, "mark_price": 0.1414874, "iv": 122.8, "instrument_name": "BTC-25DEC20-20000-C", "index_price": 23295.53, "direction": "buy", "amount": 0.1}, {"trade_seq": 9867, "trade_id": "110411587", "timestamp": 1608798183391, "tick_direction": 3, "price": 0.141, "mark_price": 0.1414874, "iv": 122.8, "instrument_name": "BTC-25DEC20-20000-C", "index_price": 23295.53, "direction": "buy", "amount": 0.1}, {"trade_seq": 9866, "trade_id": "110411586", "timestamp": 1608798183216, "tick_direction": 2, "price": 0.141, "mark_price": 0.1414874, "iv": 122.8, "instrument_name": "BTC-25DEC20-20000-C", "index_price": 23295.53, "direction": "buy", "amount": 0.2}, {"trade_seq": 9865, "trade_id": "110411127", "timestamp": 1608797945896, "tick_direction": 0, "price": 0.1415, "mark_price": 0.1414316, "iv": 149.61, "instrument_name": "BTC-25DEC20-20000-C", "index_price": 23301.44, "direction": "buy", "amount": 0.5}, {"trade_seq": 9864, "trade_id": "110411059", "timestamp": 1608797944850, "tick_direction": 0, "price": 0.141, "mark_price": 0.14141742, "iv": 125.98, "instrument_name": "BTC-25DEC20-20000-C", "index_price": 23295.24, "direction": "buy", "amount": 0.5}, {"trade_seq": 9863, "trade_id": "110410939", "timestamp": 1608797884045, "tick_direction": 2, "price": 0.1405, "mark_price": 0.14133348, "iv": 0.0, "instrument_name": "BTC-25DEC20-20000-C", "index_price": 23291.5, "direction": "buy", "amount": 0.5}, {"trade_seq": 9862, "trade_id": "110410339", "timestamp": 1608797736905, "tick_direction": 0, "price": 0.1415, "mark_price": 0.14210979, "iv": 0.0, "instrument_name": "BTC-25DEC20-20000-C", "index_price": 23321.32, "direction": "buy", "amount": 0.5}, {"trade_seq": 9861, "trade_id": "110410279", "timestamp": 1608797728811, "tick_direction": 1, "price": 0.141, "mark_price": 0.14184194, "iv": 0.0, "instrument_name": "BTC-25DEC20-20000-C", "index_price": 23312.9, "direction": "buy", "amount": 0.5}, {"trade_seq": 9860, "trade_id": "110410090", "timestamp": 1608797694630, "tick_direction": 0, "price": 0.141, "mark_price": 0.1418593, "iv": 0.0, "instrument_name": "BTC-25DEC20-20000-C", "index_price": 23306.57, "direction": "buy", "amount": 0.5}, {"trade_seq": 9859, "trade_id": "110409984", "timestamp": 1608797688377, "tick_direction": 0, "price": 0.1405, "mark_price": 0.14103929, "iv": 0.0, "instrument_name": "BTC-25DEC20-20000-C", "index_price": 23287.21, "direction": "buy", "amount": 0.5}, {"trade_seq": 9858, "trade_id": "110409770", "timestamp": 1608797614342, "tick_direction": 1, "price": 0.14, "mark_price": 0.14018194, "iv": 132.99, "instrument_name": "BTC-25DEC20-20000-C", "index_price": 23270.03, "direction": "buy", "amount": 0.2}, {"trade_seq": 9857, "trade_id": "110409766", "timestamp": 1608797613733, "tick_direction": 0, "price": 0.14, "mark_price": 0.14018194, "iv": 137.72, "instrument_name": "BTC-25DEC20-20000-C", "index_price": 23267.51, "direction": "buy", "amount": 0.3}, {"trade_seq": 9856, "trade_id": "110409605", "timestamp": 1608797582719, "tick_direction": 0, "price": 0.1395, "mark_price": 0.13991424, "iv": 122.7, "instrument_name": "BTC-25DEC20-20000-C", "index_price": 23259.17, "direction": "buy", "amount": 0.5}, {"trade_seq": 9855, "trade_id": "110409433", "timestamp": 1608797577817, "tick_direction": 0, "price": 0.139, "mark_price": 0.13933727, "iv": 129.7, "instrument_name": "BTC-25DEC20-20000-C", "index_price": 23245.86, "direction": "buy", "amount": 0.5}, {"trade_seq": 9854, "trade_id": "110409387", "timestamp": 1608797576888, "tick_direction": 0, "price": 0.1385, "mark_price": 0.13927751, "iv": 0.0, "instrument_name": "BTC-25DEC20-20000-C", "index_price": 23245.86, "direction": "buy", "amount": 0.5}, {"trade_seq": 9853, "trade_id": "110409234", "timestamp": 1608797551873, "tick_direction": 0, "price": 0.138, "mark_price": 0.13854299, "iv": 114.69, "instrument_name": "BTC-25DEC20-20000-C", "index_price": 23225.4, "direction": "buy", "amount": 0.5}, {"trade_seq": 9852, "trade_id": "110409173", "timestamp": 1608797545491, "tick_direction": 0, "price": 0.1375, "mark_price": 0.1380149, "iv": 118.12, "instrument_name": "BTC-25DEC20-20000-C", "index_price": 23211.26, "direction": "buy", "amount": 0.5}, {"trade_seq": 9851, "trade_id": "110409071", "timestamp": 1608797498106, "tick_direction": 1, "price": 0.137, "mark_price": 0.13774659, "iv": 0.0, "instrument_name": "BTC-25DEC20-20000-C", "index_price": 23208.06, "direction": "buy", "amount": 0.5}, {"trade_seq": 9850, "trade_id": "110408945", "timestamp": 1608797454091, "tick_direction": 0, "price": 0.137, "mark_price": 0.13763765, "iv": 102.29, "instrument_name": "BTC-25DEC20-20000-C", "index_price": 23202.81, "direction": "buy", "amount": 0.5}, {"trade_seq": 9849, "trade_id": "110408919", "timestamp": 1608797446290, "tick_direction": 1, "price": 0.1365, "mark_price": 0.13730472, "iv": 0.0, "instrument_name": "BTC-25DEC20-20000-C", "index_price": 23193.44, "direction": "buy", "amount": 0.2}, {"trade_seq": 9848, "trade_id": "110408902", "timestamp": 1608797440343, "tick_direction": 1, "price": 0.1365, "mark_price": 0.13720979, "iv": 0.0, "instrument_name": "BTC-25DEC20-20000-C", "index_price": 23190.75, "direction": "buy", "amount": 0.1}, {"trade_seq": 9847, "trade_id": "110408895", "timestamp": 1608797434108, "tick_direction": 0, "price": 0.1365, "mark_price": 0.13704191, "iv": 111.52, "instrument_name": "BTC-25DEC20-20000-C", "index_price": 23186.62, "direction": "buy", "amount": 0.2}, {"trade_seq": 9846, "trade_id": "110408880", "timestamp": 1608797431619, "tick_direction": 0, "price": 0.136, "mark_price": 0.13693752, "iv": 0.0, "instrument_name": "BTC-25DEC20-20000-C", "index_price": 23184.26, "direction": "buy", "amount": 0.5}, {"trade_seq": 9845, "trade_id": "110408862", "timestamp": 1608797423077, "tick_direction": 1, "price": 0.1355, "mark_price": 0.13696665, "iv": 0.0, "instrument_name": "BTC-25DEC20-20000-C", "index_price": 23180.96, "direction": "buy", "amount": 0.5}, {"trade_seq": 9844, "trade_id": "110408698", "timestamp": 1608797402344, "tick_direction": 0, "price": 0.1355, "mark_price": 0.13595872, "iv": 119.76, "instrument_name": "BTC-25DEC20-20000-C", "index_price": 23149.94, "direction": "buy", "amount": 0.5}, {"trade_seq": 9843, "trade_id": "110408650", "timestamp": 1608797398943, "tick_direction": 0, "price": 0.135, "mark_price": 0.13545916, "iv": 123.13, "instrument_name": "BTC-25DEC20-20000-C", "index_price": 23142.58, "direction": "buy", "amount": 0.5}, {"trade_seq": 9842, "trade_id": "110408566", "timestamp": 1608797388797, "tick_direction": 0, "price": 0.1345, "mark_price": 0.13522742, "iv": 103.05, "instrument_name": "BTC-25DEC20-20000-C", "index_price": 23126.87, "direction": "buy", "amount": 0.5}, {"trade_seq": 9841, "trade_id": "110408507", "timestamp": 1608797381824, "tick_direction": 0, "price": 0.134, "mark_price": 0.13456197, "iv": 119.38, "instrument_name": "BTC-25DEC20-20000-C", "index_price": 23108.17, "direction": "buy", "amount": 0.5}, {"trade_seq": 9840, "trade_id": "110408459", "timestamp": 1608797377608, "tick_direction": 3, "price": 0.1335, "mark_price": 0.1344854, "iv": 0.0, "instrument_name": "BTC-25DEC20-20000-C", "index_price": 23108.39, "direction": "buy", "amount": 0.4}, {"trade_seq": 9839, "trade_id": "110408452", "timestamp": 1608797374026, "tick_direction": 3, "price": 0.1335, "mark_price": 0.13450579, "iv": 0.0, "instrument_name": "BTC-25DEC20-20000-C", "index_price": 23107.74, "direction": "buy", "amount": 0.1}, {"trade_seq": 9838, "trade_id": "110408440", "timestamp": 1608797350925, "tick_direction": 2, "price": 0.1335, "mark_price": 0.13448385, "iv": 0.0, "instrument_name": "BTC-25DEC20-20000-C", "index_price": 23106.69, "direction": "buy", "amount": 0.5}, {"trade_seq": 9837, "trade_id": "110407809", "timestamp": 1608797115244, "tick_direction": 2, "price": 0.1345, "mark_price": 0.13517442, "iv": 113.52, "instrument_name": "BTC-25DEC20-20000-C", "index_price": 23125.57, "direction": "buy", "amount": 0.5}, {"trade_seq": 9836, "trade_id": "110407380", "timestamp": 1608796865788, "tick_direction": 2, "price": 0.137, "mark_price": 0.13766382, "iv": 114.07, "instrument_name": "BTC-25DEC20-20000-C", "index_price": 23194.56, "direction": "buy", "amount": 0.5}, {"trade_seq": 9835, "trade_id": "110407120", "timestamp": 1608796718883, "tick_direction": 1, "price": 0.1375, "mark_price": 0.13825332, "iv": 101.55, "instrument_name": "BTC-25DEC20-20000-C", "index_price": 23203.51, "direction": "buy", "amount": 0.5}, {"trade_seq": 9834, "trade_id": "110407111", "timestamp": 1608796698281, "tick_direction": 1, "price": 0.1375, "mark_price": 0.13815412, "iv": 115.1, "instrument_name": "BTC-25DEC20-20000-C", "index_price": 23199.11, "direction": "buy", "amount": 0.5}, {"trade_seq": 9833, "trade_id": "110406932", "timestamp": 1608796582724, "tick_direction": 1, "price": 0.1375, "mark_price": 0.13837878, "iv": 0.0, "instrument_name": "BTC-25DEC20-20000-C", "index_price": 23202.66, "direction": "buy", "amount": 0.5}, {"trade_seq": 9832, "trade_id": "110406837", "timestamp": 1608796508434, "tick_direction": 0, "price": 0.1375, "mark_price": 0.13802605, "iv": 127.92, "instrument_name": "BTC-25DEC20-20000-C", "index_price": 23193.83, "direction": "buy", "amount": 0.5}, {"trade_seq": 9831, "trade_id": "110406778", "timestamp": 1608796503892, "tick_direction": 1, "price": 0.137, "mark_price": 0.13783608, "iv": 0.0, "instrument_name": "BTC-25DEC20-20000-C", "index_price": 23188.36, "direction": "buy", "amount": 0.5}, {"trade_seq": 9830, "trade_id": "110406664", "timestamp": 1608796444601, "tick_direction": 0, "price": 0.137, "mark_price": 0.13775613, "iv": 109.94, "instrument_name": "BTC-25DEC20-20000-C", "index_price": 23187.47, "direction": "buy", "amount": 0.5}, {"trade_seq": 9829, "trade_id": "110404542", "timestamp": 1608795744501, "tick_direction": 0, "price": 0.136, "mark_price": 0.13677898, "iv": 124.81, "instrument_name": "BTC-25DEC20-20000-C", "index_price": 23158.71, "direction": "buy", "amount": 0.3}, {"trade_seq": 9828, "trade_id": "110403920", "timestamp": 1608795695554, "tick_direction": 1, "price": 0.1345, "mark_price": 0.13526636, "iv": 117.61, "instrument_name": "BTC-25DEC20-20000-C", "index_price": 23107.78, "direction": "buy", "amount": 0.5}, {"trade_seq": 9827, "trade_id": "110403842", "timestamp": 1608795695059, "tick_direction": 0, "price": 0.1345, "mark_price": 0.13526636, "iv": 127.24, "instrument_name": "BTC-25DEC20-20000-C", "index_price": 23103.58, "direction": "buy", "amount": 0.5}, {"trade_seq": 9826, "trade_id": "110403800", "timestamp": 1608795680533, "tick_direction": 0, "price": 0.134, "mark_price": 0.13470039, "iv": 126.87, "instrument_name": "BTC-25DEC20-20000-C", "index_price": 23089.52, "direction": "buy", "amount": 0.5}, {"trade_seq": 9825, "trade_id": "110402741", "timestamp": 1608794934820, "tick_direction": 3, "price": 0.1335, "mark_price": 0.13383393, "iv": 140.63, "instrument_name": "BTC-25DEC20-20000-C", "index_price": 23071.66, "direction": "buy", "amount": 0.2}, {"trade_seq": 9824, "trade_id": "110402690", "timestamp": 1608794933283, "tick_direction": 2, "price": 0.1335, "mark_price": 0.13369879, "iv": 144.03, "instrument_name": "BTC-25DEC20-20000-C", "index_price": 23068.87, "direction": "buy", "amount": 0.3}, {"trade_seq": 9823, "trade_id": "110402531", "timestamp": 1608794757453, "tick_direction": 2, "price": 0.134, "mark_price": 0.13418684, "iv": 147.29, "instrument_name": "BTC-25DEC20-20000-C", "index_price": 23078.71, "direction": "buy", "amount": 0.5}, {"trade_seq": 9822, "trade_id": "110394431", "timestamp": 1608789663990, "tick_direction": 0, "price": 0.136, "mark_price": 0.13653961, "iv": 134.05, "instrument_name": "BTC-25DEC20-20000-C", "index_price": 23134.4, "direction": "buy", "amount": 0.2}, {"trade_seq": 9821, "trade_id": "110394366", "timestamp": 1608789648523, "tick_direction": 0, "price": 0.1355, "mark_price": 0.13629961, "iv": 123.02, "instrument_name": "BTC-25DEC20-20000-C", "index_price": 23126.08, "direction": "buy", "amount": 0.5}, {"trade_seq": 9820, "trade_id": "110394231", "timestamp": 1608789630757, "tick_direction": 1, "price": 0.135, "mark_price": 0.13579107, "iv": 123.76, "instrument_name": "BTC-25DEC20-20000-C", "index_price": 23113.24, "direction": "buy", "amount": 0.2}, {"trade_seq": 9819, "trade_id": "110394219", "timestamp": 1608789626814, "tick_direction": 1, "price": 0.135, "mark_price": 0.13542877, "iv": 138.06, "instrument_name": "BTC-25DEC20-20000-C", "index_price": 23102.16, "direction": "buy", "amount": 0.2}, {"trade_seq": 9818, "trade_id": "110394218", "timestamp": 1608789626583, "tick_direction": 0, "price": 0.135, "mark_price": 0.13519668, "iv": 138.06, "instrument_name": "BTC-25DEC20-20000-C", "index_price": 23102.16, "direction": "buy", "amount": 0.1}, {"trade_seq": 9817, "trade_id": "110390006", "timestamp": 1608787215355, "tick_direction": 1, "price": 0.133, "mark_price": 0.13341892, "iv": 135.58, "instrument_name": "BTC-25DEC20-20000-C", "index_price": 23059.42, "direction": "buy", "amount": 0.2}, {"trade_seq": 9816, "trade_id": "110389994", "timestamp": 1608787214135, "tick_direction": 0, "price": 0.133, "mark_price": 0.13333958, "iv": 137.29, "instrument_name": "BTC-25DEC20-20000-C", "index_price": 23057.68, "direction": "buy", "amount": 0.3}, {"trade_seq": 9815, "trade_id": "110389940", "timestamp": 1608787187974, "tick_direction": 0, "price": 0.1325, "mark_price": 0.13282729, "iv": 138.3, "instrument_name": "BTC-25DEC20-20000-C", "index_price": 23045.72, "direction": "buy", "amount": 0.5}, {"trade_seq": 9814, "trade_id": "110389372", "timestamp": 1608786908834, "tick_direction": 0, "price": 0.1315, "mark_price": 0.13197514, "iv": 134.63, "instrument_name": "BTC-25DEC20-20000-C", "index_price": 23011.81, "direction": "buy", "amount": 0.1}, {"trade_seq": 9813, "trade_id": "110389330", "timestamp": 1608786903571, "tick_direction": 0, "price": 0.131, "mark_price": 0.13145659, "iv": 135.36, "instrument_name": "BTC-25DEC20-20000-C", "index_price": 22995.0, "direction": "buy", "amount": 0.1}, {"trade_seq": 9812, "trade_id": "110389101", "timestamp": 1608786804620, "tick_direction": 2, "price": 0.1305, "mark_price": 0.13103907, "iv": 133.33, "instrument_name": "BTC-25DEC20-20000-C", "index_price": 22986.45, "direction": "buy", "amount": 0.1}, {"trade_seq": 9811, "trade_id": "110367952", "timestamp": 1608777595532, "tick_direction": 1, "price": 0.134, "mark_price": 0.13458516, "iv": 111.89, "instrument_name": "BTC-25DEC20-20000-C", "index_price": 23086.01, "direction": "buy", "amount": 4.3}, {"trade_seq": 9810, "trade_id": "110367942", "timestamp": 1608777595129, "tick_direction": 1, "price": 0.134, "mark_price": 0.13455569, "iv": 111.89, "instrument_name": "BTC-25DEC20-20000-C", "index_price": 23086.01, "direction": "buy", "amount": 0.1}, {"trade_seq": 9809, "trade_id": "110365943", "timestamp": 1608776585254, "tick_direction": 0, "price": 0.134, "mark_price": 0.13473781, "iv": 108.81, "instrument_name": "BTC-25DEC20-20000-C", "index_price": 23083.53, "direction": "buy", "amount": 1.0}, {"trade_seq": 9808, "trade_id": "110363727", "timestamp": 1608775110584, "tick_direction": 2, "price": 0.1105, "mark_price": 0.13797751, "iv": 0.0, "instrument_name": "BTC-25DEC20-20000-C", "index_price": 23183.97, "direction": "buy", "amount": 0.2}, {"trade_seq": 9807, "trade_id": "110362612", "timestamp": 1608774576898, "tick_direction": 0, "price": 0.136, "mark_price": 0.13535328, "iv": 150.05, "instrument_name": "BTC-25DEC20-20000-C", "index_price": 23105.44, "direction": "buy", "amount": 0.3}, {"trade_seq": 9806, "trade_id": "110360379", "timestamp": 1608773794463, "tick_direction": 3, "price": 0.1285, "mark_price": 0.12874963, "iv": 127.58, "instrument_name": "BTC-25DEC20-20000-C", "index_price": 22935.73, "direction": "buy", "amount": 0.1}, {"trade_seq": 9805, "trade_id": "110360375", "timestamp": 1608773794126, "tick_direction": 3, "price": 0.1285, "mark_price": 0.12874963, "iv": 127.58, "instrument_name": "BTC-25DEC20-20000-C", "index_price": 22935.73, "direction": "buy", "amount": 0.3}, {"trade_seq": 9804, "trade_id": "110360363", "timestamp": 1608773787211, "tick_direction": 3, "price": 0.1285, "mark_price": 0.12857662, "iv": 131.29, "instrument_name": "BTC-25DEC20-20000-C", "index_price": 22934.78, "direction": "buy", "amount": 0.1}, {"trade_seq": 9803, "trade_id": "110360362", "timestamp": 1608773787179, "tick_direction": 3, "price": 0.1285, "mark_price": 0.12857662, "iv": 131.29, "instrument_name": "BTC-25DEC20-20000-C", "index_price": 22934.78, "direction": "buy", "amount": 0.1}, {"trade_seq": 9802, "trade_id": "110360361", "timestamp": 1608773786886, "tick_direction": 3, "price": 0.1285, "mark_price": 0.12857662, "iv": 131.29, "instrument_name": "BTC-25DEC20-20000-C", "index_price": 22934.78, "direction": "buy", "amount": 0.2}, {"trade_seq": 9801, "trade_id": "110360335", "timestamp": 1608773763333, "tick_direction": 2, "price": 0.1285, "mark_price": 0.12869333, "iv": 128.78, "instrument_name": "BTC-25DEC20-20000-C", "index_price": 22930.74, "direction": "buy", "amount": 0.2}, {"trade_seq": 9800, "trade_id": "110341112", "timestamp": 1608768219987, "tick_direction": 2, "price": 0.1355, "mark_price": 0.13460426, "iv": 152.04, "instrument_name": "BTC-25DEC20-20000-C", "index_price": 23121.25, "direction": "buy", "amount": 0.2}, {"trade_seq": 9799, "trade_id": "110302652", "timestamp": 1608759291297, "tick_direction": 3, "price": 0.142, "mark_price": 0.14510155, "iv": 0.0, "instrument_name": "BTC-25DEC20-20000-C", "index_price": 23385.34, "direction": "sell", "amount": 3.0}, {"trade_seq": 9798, "trade_id": "110302651", "timestamp": 1608759291282, "tick_direction": 2, "price": 0.142, "mark_price": 0.14510155, "iv": 0.0, "instrument_name": "BTC-25DEC20-20000-C", "index_price": 23385.34, "direction": "sell", "block_trade_id": "4755", "amount": 300.0}, {"trade_seq": 9797, "trade_id": "110297328", "timestamp": 1608757539709, "tick_direction": 1, "price": 0.146, "mark_price": 0.14695686, "iv": 0.0, "instrument_name": "BTC-25DEC20-20000-C", "index_price": 23433.24, "direction": "buy", "amount": 4.9}, {"trade_seq": 9796, "trade_id": "110297310", "timestamp": 1608757539542, "tick_direction": 1, "price": 0.146, "mark_price": 0.14695686, "iv": 0.0, "instrument_name": "BTC-25DEC20-20000-C", "index_price": 23433.24, "direction": "buy", "amount": 1.4}, {"trade_seq": 9795, "trade_id": "110297267", "timestamp": 1608757539417, "tick_direction": 1, "price": 0.146, "mark_price": 0.14695686, "iv": 0.0, "instrument_name": "BTC-25DEC20-20000-C", "index_price": 23433.24, "direction": "buy", "amount": 0.2}, {"trade_seq": 9794, "trade_id": "110297262", "timestamp": 1608757538789, "tick_direction": 1, "price": 0.146, "mark_price": 0.14677882, "iv": 0.0, "instrument_name": "BTC-25DEC20-20000-C", "index_price": 23433.24, "direction": "buy", "amount": 2.0}, {"trade_seq": 9793, "trade_id": "110297261", "timestamp": 1608757538785, "tick_direction": 1, "price": 0.146, "mark_price": 0.14677882, "iv": 0.0, "instrument_name": "BTC-25DEC20-20000-C", "index_price": 23433.24, "direction": "buy", "amount": 0.1}, {"trade_seq": 9792, "trade_id": "110297258", "timestamp": 1608757538611, "tick_direction": 0, "price": 0.146, "mark_price": 0.14677882, "iv": 0.0, "instrument_name": "BTC-25DEC20-20000-C", "index_price": 23431.46, "direction": "buy", "amount": 1.4}, {"trade_seq": 9791, "trade_id": "110297036", "timestamp": 1608757447293, "tick_direction": 3, "price": 0.145, "mark_price": 0.14595189, "iv": 89.38, "instrument_name": "BTC-25DEC20-20000-C", "index_price": 23408.04, "direction": "buy", "amount": 6.0}, {"trade_seq": 9790, "trade_id": "110297016", "timestamp": 1608757443336, "tick_direction": 3, "price": 0.145, "mark_price": 0.14581647, "iv": 104.75, "instrument_name": "BTC-25DEC20-20000-C", "index_price": 23403.24, "direction": "buy", "amount": 0.2}, {"trade_seq": 9789, "trade_id": "110297000", "timestamp": 1608757426517, "tick_direction": 3, "price": 0.145, "mark_price": 0.1457825, "iv": 107.31, "instrument_name": "BTC-25DEC20-20000-C", "index_price": 23404.73, "direction": "buy", "amount": 0.8}, {"trade_seq": 9788, "trade_id": "110296999", "timestamp": 1608757426488, "tick_direction": 2, "price": 0.145, "mark_price": 0.1457825, "iv": 107.31, "instrument_name": "BTC-25DEC20-20000-C", "index_price": 23404.73, "direction": "buy", "amount": 3.0}, {"trade_seq": 9787, "trade_id": "110221112", "timestamp": 1608729838362, "tick_direction": 2, "price": 0.1625, "mark_price": 0.16408938, "iv": 83.1, "instrument_name": "BTC-25DEC20-20000-C", "index_price": 23857.98, "direction": "sell", "amount": 0.4}, {"trade_seq": 9786, "trade_id": "110219016", "timestamp": 1608729657507, "tick_direction": 0, "price": 0.17, "mark_price": 0.17050296, "iv": 107.77, "instrument_name": "BTC-25DEC20-20000-C", "index_price": 24064.76, "direction": "buy", "amount": 0.1}, {"trade_seq": 9785, "trade_id": "110218767", "timestamp": 1608729652189, "tick_direction": 0, "price": 0.169, "mark_price": 0.16939849, "iv": 111.35, "instrument_name": "BTC-25DEC20-20000-C", "index_price": 24037.24, "direction": "buy", "amount": 1.0}, {"trade_seq": 9784, "trade_id": "110218358", "timestamp": 1608729641402, "tick_direction": 0, "price": 0.168, "mark_price": 0.1681053, "iv": 125.24, "instrument_name": "BTC-25DEC20-20000-C", "index_price": 24002.34, "direction": "buy", "amount": 0.1}, {"trade_seq": 9783, "trade_id": "110200552", "timestamp": 1608727076390, "tick_direction": 0, "price": 0.156, "mark_price": 0.15474081, "iv": 143.46, "instrument_name": "BTC-25DEC20-20000-C", "index_price": 23621.86, "direction": "buy", "amount": 0.5}, {"trade_seq": 9782, "trade_id": "110199882", "timestamp": 1608727063027, "tick_direction": 0, "price": 0.154, "mark_price": 0.15276875, "iv": 137.27, "instrument_name": "BTC-25DEC20-20000-C", "index_price": 23582.28, "direction": "buy", "amount": 1.0}, {"trade_seq": 9781, "trade_id": "110182297", "timestamp": 1608722991905, "tick_direction": 3, "price": 0.135, "mark_price": 0.13566391, "iv": 110.72, "instrument_name": "BTC-25DEC20-20000-C", "index_price": 23064.63, "direction": "buy", "amount": 0.5}, {"trade_seq": 9780, "trade_id": "110169311", "timestamp": 1608721875325, "tick_direction": 3, "price": 0.135, "mark_price": 0.13520785, "iv": 122.83, "instrument_name": "BTC-25DEC20-20000-C", "index_price": 23056.48, "direction": "sell", "amount": 0.2}, {"trade_seq": 9779, "trade_id": "110169310", "timestamp": 1608721875288, "tick_direction": 2, "price": 0.135, "mark_price": 0.13520785, "iv": 122.83, "instrument_name": "BTC-25DEC20-20000-C", "index_price": 23056.48, "direction": "sell", "amount": 0.2}, {"trade_seq": 9778, "trade_id": "110147314", "timestamp": 1608711912770, "tick_direction": 0, "price": 0.153, "mark_price": 0.15379752, "iv": 96.12, "instrument_name": "BTC-25DEC20-20000-C", "index_price": 23577.89, "direction": "buy", "amount": 0.5}, {"trade_seq": 9777, "trade_id": "110139548", "timestamp": 1608708016563, "tick_direction": 2, "price": 0.148, "mark_price": 0.14815739, "iv": 116.06, "instrument_name": "BTC-25DEC20-20000-C", "index_price": 23409.01, "direction": "buy", "amount": 0.5}, {"trade_seq": 9776, "trade_id": "110131980", "timestamp": 1608703624417, "tick_direction": 3, "price": 0.153, "mark_price": 0.15248145, "iv": 124.61, "instrument_name": "BTC-25DEC20-20000-C", "index_price": 23535.05, "direction": "sell", "amount": 0.3}, {"trade_seq": 9775, "trade_id": "110131927", "timestamp": 1608703596135, "tick_direction": 3, "price": 0.153, "mark_price": 0.15209773, "iv": 131.04, "instrument_name": "BTC-25DEC20-20000-C", "index_price": 23531.64, "direction": "sell", "amount": 0.3}, {"trade_seq": 9774, "trade_id": "110131916", "timestamp": 1608703568926, "tick_direction": 3, "price": 0.153, "mark_price": 0.15207234, "iv": 130.66, "instrument_name": "BTC-25DEC20-20000-C", "index_price": 23534.28, "direction": "sell", "amount": 0.1}, {"trade_seq": 9773, "trade_id": "110131912", "timestamp": 1608703561578, "tick_direction": 3, "price": 0.153, "mark_price": 0.15216982, "iv": 129.15, "instrument_name": "BTC-25DEC20-20000-C", "index_price": 23538.31, "direction": "sell", "amount": 0.1}, {"trade_seq": 9772, "trade_id": "110131909", "timestamp": 1608703559413, "tick_direction": 2, "price": 0.153, "mark_price": 0.15237709, "iv": 126.05, "instrument_name": "BTC-25DEC20-20000-C", "index_price": 23542.76, "direction": "sell", "amount": 0.2}, {"trade_seq": 9771, "trade_id": "110131622", "timestamp": 1608703436361, "tick_direction": 2, "price": 0.1535, "mark_price": 0.15319876, "iv": 116.09, "instrument_name": "BTC-25DEC20-20000-C", "index_price": 23567.99, "direction": "buy", "amount": 0.1}, {"trade_seq": 9770, "trade_id": "110118451", "timestamp": 1608697959266, "tick_direction": 0, "price": 0.156, "mark_price": 0.15570638, "iv": 126.6, "instrument_name": "BTC-25DEC20-20000-C", "index_price": 23630.68, "direction": "sell", "amount": 0.3}, {"trade_seq": 9769, "trade_id": "110114511", "timestamp": 1608695716771, "tick_direction": 2, "price": 0.15, "mark_price": 0.15690788, "iv": 0.0, "instrument_name": "BTC-25DEC20-20000-C", "index_price": 23668.25, "direction": "buy", "amount": 0.5}, {"trade_seq": 9768, "trade_id": "110096832", "timestamp": 1608685155923, "tick_direction": 0, "price": 0.1675, "mark_price": 0.1679753, "iv": 112.72, "instrument_name": "BTC-25DEC20-20000-C", "index_price": 23990.51, "direction": "buy", "amount": 0.3}, {"trade_seq": 9767, "trade_id": "110093149", "timestamp": 1608684400671, "tick_direction": 1, "price": 0.1635, "mark_price": 0.16270891, "iv": 134.15, "instrument_name": "BTC-25DEC20-20000-C", "index_price": 23839.54, "direction": "buy", "amount": 0.2}, {"trade_seq": 9766, "trade_id": "110093148", "timestamp": 1608684400671, "tick_direction": 0, "price": 0.1635, "mark_price": 0.16270891, "iv": 134.15, "instrument_name": "BTC-25DEC20-20000-C", "index_price": 23839.54, "direction": "buy", "amount": 0.1}, {"trade_seq": 9765, "trade_id": "110089004", "timestamp": 1608683320932, "tick_direction": 0, "price": 0.161, "mark_price": 0.16188475, "iv": 97.16, "instrument_name": "BTC-25DEC20-20000-C", "index_price": 23831.68, "direction": "buy", "amount": 0.1}, {"trade_seq": 9764, "trade_id": "110086990", "timestamp": 1608682294524, "tick_direction": 0, "price": 0.1585, "mark_price": 0.15938667, "iv": 97.66, "instrument_name": "BTC-25DEC20-20000-C", "index_price": 23762.29, "direction": "buy", "amount": 0.5}, {"trade_seq": 9763, "trade_id": "110086425", "timestamp": 1608682009551, "tick_direction": 2, "price": 0.155, "mark_price": 0.15811371, "iv": 0.0, "instrument_name": "BTC-25DEC20-20000-C", "index_price": 23734.25, "direction": "sell", "amount": 0.2}, {"trade_seq": 9762, "trade_id": "110085330", "timestamp": 1608681724639, "tick_direction": 0, "price": 0.1585, "mark_price": 0.16155426, "iv": 0.0, "instrument_name": "BTC-25DEC20-20000-C", "index_price": 23840.74, "direction": "sell", "amount": 1.0}, {"trade_seq": 9761, "trade_id": "110067084", "timestamp": 1608673147230, "tick_direction": 0, "price": 0.149, "mark_price": 0.15021054, "iv": 67.79, "instrument_name": "BTC-25DEC20-20000-C", "index_price": 23512.56, "direction": "buy", "amount": 0.1}, {"trade_seq": 9760, "trade_id": "110064836", "timestamp": 1608672358156, "tick_direction": 0, "price": 0.148, "mark_price": 0.14688837, "iv": 121.46, "instrument_name": "BTC-25DEC20-20000-C", "index_price": 23444.38, "direction": "buy", "amount": 4.8}, {"trade_seq": 9759, "trade_id": "110064691", "timestamp": 1608672354147, "tick_direction": 1, "price": 0.1465, "mark_price": 0.14545786, "iv": 122.14, "instrument_name": "BTC-25DEC20-20000-C", "index_price": 23400.9, "direction": "buy", "amount": 0.2}, {"trade_seq": 9758, "trade_id": "110064690", "timestamp": 1608672354147, "tick_direction": 1, "price": 0.1465, "mark_price": 0.14545786, "iv": 122.14, "instrument_name": "BTC-25DEC20-20000-C", "index_price": 23400.9, "direction": "buy", "amount": 0.5}, {"trade_seq": 9757, "trade_id": "110059899", "timestamp": 1608670056182, "tick_direction": 1, "price": 0.1465, "mark_price": 0.14624818, "iv": 114.11, "instrument_name": "BTC-25DEC20-20000-C", "index_price": 23405.11, "direction": "sell", "amount": 0.1}, {"trade_seq": 9756, "trade_id": "110059777", "timestamp": 1608670004336, "tick_direction": 0, "price": 0.1465, "mark_price": 0.14635642, "iv": 113.61, "instrument_name": "BTC-25DEC20-20000-C", "index_price": 23409.66, "direction": "sell", "amount": 0.1}, {"trade_seq": 9755, "trade_id": "110012956", "timestamp": 1608648186039, "tick_direction": 3, "price": 0.1455, "mark_price": 0.14586923, "iv": 99.66, "instrument_name": "BTC-25DEC20-20000-C", "index_price": 23370.58, "direction": "sell", "amount": 0.2}, {"trade_seq": 9754, "trade_id": "110012952", "timestamp": 1608648185079, "tick_direction": 3, "price": 0.1455, "mark_price": 0.14605978, "iv": 99.38, "instrument_name": "BTC-25DEC20-20000-C", "index_price": 23370.52, "direction": "sell", "amount": 0.1}, {"trade_seq": 9753, "trade_id": "110012950", "timestamp": 1608648184956, "tick_direction": 2, "price": 0.1455, "mark_price": 0.14605978, "iv": 96.88, "instrument_name": "BTC-25DEC20-20000-C", "index_price": 23370.52, "direction": "sell", "amount": 0.1}, {"trade_seq": 9752, "trade_id": "110010636", "timestamp": 1608647228244, "tick_direction": 1, "price": 0.1495, "mark_price": 0.15044946, "iv": 89.68, "instrument_name": "BTC-25DEC20-20000-C", "index_price": 23482.66, "direction": "buy", "amount": 1.2}, {"trade_seq": 9751, "trade_id": "110010627", "timestamp": 1608647228030, "tick_direction": 1, "price": 0.1495, "mark_price": 0.15044946, "iv": 89.68, "instrument_name": "BTC-25DEC20-20000-C", "index_price": 23478.54, "direction": "buy", "amount": 0.4}, {"trade_seq": 9750, "trade_id": "110010617", "timestamp": 1608647226543, "tick_direction": 1, "price": 0.1495, "mark_price": 0.1502886, "iv": 93.28, "instrument_name": "BTC-25DEC20-20000-C", "index_price": 23478.47, "direction": "buy", "amount": 1.2}, {"trade_seq": 9749, "trade_id": "110010584", "timestamp": 1608647213226, "tick_direction": 0, "price": 0.1495, "mark_price": 0.14976916, "iv": 98.13, "instrument_name": "BTC-25DEC20-20000-C", "index_price": 23473.53, "direction": "buy", "amount": 3.0}, {"trade_seq": 9748, "trade_id": "110010567", "timestamp": 1608647211963, "tick_direction": 1, "price": 0.149, "mark_price": 0.14965965, "iv": 97.03, "instrument_name": "BTC-25DEC20-20000-C", "index_price": 23464.92, "direction": "buy", "amount": 0.6}, {"trade_seq": 9747, "trade_id": "110010560", "timestamp": 1608647211257, "tick_direction": 1, "price": 0.149, "mark_price": 0.14965214, "iv": 97.03, "instrument_name": "BTC-25DEC20-20000-C", "index_price": 23464.92, "direction": "buy", "amount": 1.6}, {"trade_seq": 9746, "trade_id": "110010559", "timestamp": 1608647211040, "tick_direction": 1, "price": 0.149, "mark_price": 0.14965214, "iv": 97.03, "instrument_name": "BTC-25DEC20-20000-C", "index_price": 23464.92, "direction": "buy", "amount": 0.5}, {"trade_seq": 9745, "trade_id": "110010553", "timestamp": 1608647209904, "tick_direction": 0, "price": 0.149, "mark_price": 0.14964911, "iv": 97.26, "instrument_name": "BTC-25DEC20-20000-C", "index_price": 23462.49, "direction": "buy", "amount": 0.3}, {"trade_seq": 9744, "trade_id": "110000335", "timestamp": 1608645067485, "tick_direction": 1, "price": 0.1485, "mark_price": 0.14867434, "iv": 100.42, "instrument_name": "BTC-25DEC20-20000-C", "index_price": 23433.51, "direction": "buy", "amount": 0.3}, {"trade_seq": 9743, "trade_id": "110000325", "timestamp": 1608645066754, "tick_direction": 1, "price": 0.1485, "mark_price": 0.14867434, "iv": 101.73, "instrument_name": "BTC-25DEC20-20000-C", "index_price": 23434.19, "direction": "buy", "amount": 0.1}, {"trade_seq": 9742, "trade_id": "110000324", "timestamp": 1608645066635, "tick_direction": 0, "price": 0.1485, "mark_price": 0.14866854, "iv": 101.73, "instrument_name": "BTC-25DEC20-20000-C", "index_price": 23434.19, "direction": "buy", "amount": 0.1}, {"trade_seq": 9741, "trade_id": "109991407", "timestamp": 1608641385811, "tick_direction": 1, "price": 0.141, "mark_price": 0.14111167, "iv": 102.68, "instrument_name": "BTC-25DEC20-20000-C", "index_price": 23237.03, "direction": "buy", "amount": 0.2}, {"trade_seq": 9740, "trade_id": "109991349", "timestamp": 1608641375468, "tick_direction": 1, "price": 0.141, "mark_price": 0.14041905, "iv": 108.85, "instrument_name": "BTC-25DEC20-20000-C", "index_price": 23220.89, "direction": "buy", "amount": 0.2}, {"trade_seq": 9739, "trade_id": "109991215", "timestamp": 1608641347918, "tick_direction": 0, "price": 0.141, "mark_price": 0.14080659, "iv": 105.76, "instrument_name": "BTC-25DEC20-20000-C", "index_price": 23230.67, "direction": "buy", "amount": 0.6}, {"trade_seq": 9738, "trade_id": "109979841", "timestamp": 1608637852275, "tick_direction": 1, "price": 0.135, "mark_price": 0.13507619, "iv": 106.24, "instrument_name": "BTC-25DEC20-20000-C", "index_price": 23047.29, "direction": "buy", "amount": 0.3}, {"trade_seq": 9737, "trade_id": "109979840", "timestamp": 1608637852202, "tick_direction": 1, "price": 0.135, "mark_price": 0.13507619, "iv": 106.24, "instrument_name": "BTC-25DEC20-20000-C", "index_price": 23047.29, "direction": "buy", "amount": 0.5}, {"trade_seq": 9736, "trade_id": "109979828", "timestamp": 1608637851917, "tick_direction": 0, "price": 0.135, "mark_price": 0.13507619, "iv": 106.95, "instrument_name": "BTC-25DEC20-20000-C", "index_price": 23044.61, "direction": "buy", "amount": 0.2}, {"trade_seq": 9735, "trade_id": "109974845", "timestamp": 1608635732707, "tick_direction": 0, "price": 0.134, "mark_price": 0.1340009, "iv": 108.3, "instrument_name": "BTC-25DEC20-20000-C", "index_price": 22993.84, "direction": "buy", "amount": 0.1}, {"trade_seq": 9734, "trade_id": "109967773", "timestamp": 1608631776023, "tick_direction": 2, "price": 0.1225, "mark_price": 0.12588679, "iv": 68.32, "instrument_name": "BTC-25DEC20-20000-C", "index_price": 22747.71, "direction": "sell", "amount": 5.0}, {"trade_seq": 9733, "trade_id": "109938302", "timestamp": 1608622100456, "tick_direction": 3, "price": 0.124, "mark_price": 0.12440949, "iv": 101.99, "instrument_name": "BTC-25DEC20-20000-C", "index_price": 22731.44, "direction": "buy", "amount": 1.0}, {"trade_seq": 9732, "trade_id": "109938283", "timestamp": 1608622097591, "tick_direction": 3, "price": 0.124, "mark_price": 0.12466833, "iv": 100.66, "instrument_name": "BTC-25DEC20-20000-C", "index_price": 22734.64, "direction": "buy", "amount": 0.3}, {"trade_seq": 9731, "trade_id": "109938281", "timestamp": 1608622097339, "tick_direction": 2, "price": 0.124, "mark_price": 0.12466833, "iv": 100.66, "instrument_name": "BTC-25DEC20-20000-C", "index_price": 22734.64, "direction": "buy", "amount": 0.8}, {"trade_seq": 9730, "trade_id": "109938187", "timestamp": 1608622086560, "tick_direction": 3, "price": 0.1245, "mark_price": 0.12497661, "iv": 102.34, "instrument_name": "BTC-25DEC20-20000-C", "index_price": 22739.18, "direction": "buy", "amount": 0.4}, {"trade_seq": 9729, "trade_id": "109938186", "timestamp": 1608622085337, "tick_direction": 3, "price": 0.1245, "mark_price": 0.12505092, "iv": 100.98, "instrument_name": "BTC-25DEC20-20000-C", "index_price": 22740.57, "direction": "buy", "amount": 0.1}, {"trade_seq": 9728, "trade_id": "109938185", "timestamp": 1608622085234, "tick_direction": 2, "price": 0.1245, "mark_price": 0.12505092, "iv": 100.98, "instrument_name": "BTC-25DEC20-20000-C", "index_price": 22740.57, "direction": "buy", "amount": 0.5}, {"trade_seq": 9727, "trade_id": "109938140", "timestamp": 1608622081010, "tick_direction": 2, "price": 0.125, "mark_price": 0.12528867, "iv": 102.43, "instrument_name": "BTC-25DEC20-20000-C", "index_price": 22747.79, "direction": "buy", "amount": 1.9}, {"trade_seq": 9726, "trade_id": "109932221", "timestamp": 1608618714479, "tick_direction": 0, "price": 0.128, "mark_price": 0.12725281, "iv": 110.26, "instrument_name": "BTC-25DEC20-20000-C", "index_price": 22801.04, "direction": "sell", "amount": 0.1}, {"trade_seq": 9725, "trade_id": "109932183", "timestamp": 1608618688964, "tick_direction": 2, "price": 0.1275, "mark_price": 0.12738844, "iv": 104.13, "instrument_name": "BTC-25DEC20-20000-C", "index_price": 22812.94, "direction": "sell", "amount": 0.1}, {"trade_seq": 9724, "trade_id": "109905577", "timestamp": 1608602380781, "tick_direction": 0, "price": 0.129, "mark_price": 0.1272137, "iv": 114.44, "instrument_name": "BTC-25DEC20-20000-C", "index_price": 22793.86, "direction": "buy", "amount": 38.1}, {"trade_seq": 9723, "trade_id": "109886870", "timestamp": 1608594963344, "tick_direction": 2, "price": 0.127, "mark_price": 0.12824079, "iv": 93.04, "instrument_name": "BTC-25DEC20-20000-C", "index_price": 22811.07, "direction": "buy", "amount": 0.5}, {"trade_seq": 9722, "trade_id": "109877727", "timestamp": 1608588803421, "tick_direction": 0, "price": 0.136, "mark_price": 0.14152645, "iv": 0.0, "instrument_name": "BTC-25DEC20-20000-C", "index_price": 23186.79, "direction": "buy", "amount": 1.0}, {"trade_seq": 9721, "trade_id": "109855343", "timestamp": 1608576059162, "tick_direction": 2, "price": 0.109, "mark_price": 0.12922237, "iv": 0.0, "instrument_name": "BTC-25DEC20-20000-C", "index_price": 22830.49, "direction": "buy", "amount": 2.2}, {"trade_seq": 9720, "trade_id": "109854249", "timestamp": 1608575475508, "tick_direction": 2, "price": 0.13, "mark_price": 0.12968074, "iv": 103.06, "instrument_name": "BTC-25DEC20-20000-C", "index_price": 22839.56, "direction": "buy", "amount": 0.7}, {"trade_seq": 9719, "trade_id": "109822514", "timestamp": 1608567642316, "tick_direction": 1, "price": 0.141, "mark_price": 0.14110821, "iv": 94.21, "instrument_name": "BTC-25DEC20-20000-C", "index_price": 23168.77, "direction": "buy", "amount": 0.4}, {"trade_seq": 9718, "trade_id": "109822473", "timestamp": 1608567641930, "tick_direction": 0, "price": 0.141, "mark_price": 0.14110821, "iv": 94.21, "instrument_name": "BTC-25DEC20-20000-C", "index_price": 23168.77, "direction": "buy", "amount": 0.2}, {"trade_seq": 9717, "trade_id": "109816101", "timestamp": 1608565645196, "tick_direction": 1, "price": 0.14, "mark_price": 0.14018928, "iv": 95.33, "instrument_name": "BTC-25DEC20-20000-C", "index_price": 23137.89, "direction": "buy", "amount": 0.1}, {"trade_seq": 9716, "trade_id": "109810886", "timestamp": 1608563838895, "tick_direction": 0, "price": 0.14, "mark_price": 0.14039428, "iv": 93.06, "instrument_name": "BTC-25DEC20-20000-C", "index_price": 23142.79, "direction": "buy", "amount": 0.1}, {"trade_seq": 9715, "trade_id": "109753819", "timestamp": 1608552810096, "tick_direction": 2, "price": 0.105, "mark_price": 0.10533158, "iv": 97.03, "instrument_name": "BTC-25DEC20-20000-C", "index_price": 22126.16, "direction": "buy", "amount": 0.1}, {"trade_seq": 9714, "trade_id": "109743362", "timestamp": 1608552128298, "tick_direction": 2, "price": 0.117, "mark_price": 0.12023718, "iv": 78.52, "instrument_name": "BTC-25DEC20-20000-C", "index_price": 22561.62, "direction": "sell", "amount": 0.1}, {"trade_seq": 9713, "trade_id": "109722075", "timestamp": 1608548357409, "tick_direction": 2, "price": 0.1195, "mark_price": 0.11894887, "iv": 102.62, "instrument_name": "BTC-25DEC20-20000-C", "index_price": 22525.21, "direction": "buy", "amount": 0.2}, {"trade_seq": 9712, "trade_id": "109693834", "timestamp": 1608545773417, "tick_direction": 2, "price": 0.137, "mark_price": 0.14121152, "iv": 0.0, "instrument_name": "BTC-25DEC20-20000-C", "index_price": 23151.37, "direction": "buy", "amount": 5.6}, {"trade_seq": 9711, "trade_id": "109681581", "timestamp": 1608544165916, "tick_direction": 2, "price": 0.15, "mark_price": 0.15049875, "iv": 97.14, "instrument_name": "BTC-25DEC20-20000-C", "index_price": 23429.4, "direction": "buy", "amount": 0.5}, {"trade_seq": 9710, "trade_id": "109669886", "timestamp": 1608540659128, "tick_direction": 2, "price": 0.163, "mark_price": 0.16354937, "iv": 93.31, "instrument_name": "BTC-25DEC20-20000-C", "index_price": 23785.44, "direction": "buy", "amount": 1.2}, {"trade_seq": 9709, "trade_id": "109666066", "timestamp": 1608538572485, "tick_direction": 2, "price": 0.1635, "mark_price": 0.16753117, "iv": 0.0, "instrument_name": "BTC-25DEC20-20000-C", "index_price": 23883.78, "direction": "sell", "amount": 0.1}, {"trade_seq": 9708, "trade_id": "109661010", "timestamp": 1608536580526, "tick_direction": 1, "price": 0.1685, "mark_price": 0.16881265, "iv": 94.77, "instrument_name": "BTC-25DEC20-20000-C", "index_price": 23925.83, "direction": "buy", "amount": 0.3}, {"trade_seq": 9707, "trade_id": "109661009", "timestamp": 1608536580405, "tick_direction": 0, "price": 0.1685, "mark_price": 0.16881265, "iv": 94.77, "instrument_name": "BTC-25DEC20-20000-C", "index_price": 23925.83, "direction": "buy", "amount": 0.2}, {"trade_seq": 9706, "trade_id": "109651558", "timestamp": 1608531934653, "tick_direction": 2, "price": 0.16, "mark_price": 0.16403358, "iv": 0.0, "instrument_name": "BTC-25DEC20-20000-C", "index_price": 23818.48, "direction": "sell", "amount": 0.2}, {"trade_seq": 9705, "trade_id": "109651557", "timestamp": 1608531934653, "tick_direction": 2, "price": 0.162, "mark_price": 0.16403358, "iv": 0.0, "instrument_name": "BTC-25DEC20-20000-C", "index_price": 23818.48, "direction": "sell", "amount": 0.1}, {"trade_seq": 9704, "trade_id": "109629919", "timestamp": 1608522121885, "tick_direction": 0, "price": 0.1695, "mark_price": 0.16940746, "iv": 101.59, "instrument_name": "BTC-25DEC20-20000-C", "index_price": 23970.88, "direction": "buy", "amount": 0.1}, {"trade_seq": 9703, "trade_id": "109623860", "timestamp": 1608519675207, "tick_direction": 3, "price": 0.165, "mark_price": 0.16532468, "iv": 98.9, "instrument_name": "BTC-25DEC20-20000-C", "index_price": 23860.17, "direction": "buy", "amount": 0.4}, {"trade_seq": 9702, "trade_id": "109623854", "timestamp": 1608519674938, "tick_direction": 2, "price": 0.165, "mark_price": 0.16532468, "iv": 98.9, "instrument_name": "BTC-25DEC20-20000-C", "index_price": 23860.17, "direction": "buy", "amount": 0.6}, {"trade_seq": 9701, "trade_id": "109623455", "timestamp": 1608519565323, "tick_direction": 0, "price": 0.1655, "mark_price": 0.16644557, "iv": 91.75, "instrument_name": "BTC-25DEC20-20000-C", "index_price": 23887.24, "direction": "buy", "amount": 0.1}, {"trade_seq": 9700, "trade_id": "109623259", "timestamp": 1608519548400, "tick_direction": 0, "price": 0.165, "mark_price": 0.16606894, "iv": 90.13, "instrument_name": "BTC-25DEC20-20000-C", "index_price": 23867.75, "direction": "buy", "amount": 0.5}, {"trade_seq": 9699, "trade_id": "109622478", "timestamp": 1608519353044, "tick_direction": 1, "price": 0.1625, "mark_price": 0.16357232, "iv": 91.48, "instrument_name": "BTC-25DEC20-20000-C", "index_price": 23802.22, "direction": "buy", "amount": 1.0}, {"trade_seq": 9698, "trade_id": "109622366", "timestamp": 1608519189723, "tick_direction": 1, "price": 0.1625, "mark_price": 0.16345109, "iv": 92.27, "instrument_name": "BTC-25DEC20-20000-C", "index_price": 23796.37, "direction": "buy", "amount": 0.1}, {"trade_seq": 9697, "trade_id": "109622334", "timestamp": 1608519171259, "tick_direction": 1, "price": 0.1625, "mark_price": 0.16332941, "iv": 94.14, "instrument_name": "BTC-25DEC20-20000-C", "index_price": 23792.39, "direction": "buy", "amount": 0.1}, {"trade_seq": 9696, "trade_id": "109622333", "timestamp": 1608519171022, "tick_direction": 1, "price": 0.1625, "mark_price": 0.16332941, "iv": 94.15, "instrument_name": "BTC-25DEC20-20000-C", "index_price": 23792.13, "direction": "buy", "amount": 0.5}, {"trade_seq": 9695, "trade_id": "109622309", "timestamp": 1608519146449, "tick_direction": 0, "price": 0.1625, "mark_price": 0.16303847, "iv": 97.37, "instrument_name": "BTC-25DEC20-20000-C", "index_price": 23785.25, "direction": "buy", "amount": 0.3}, {"trade_seq": 9694, "trade_id": "109621607", "timestamp": 1608518858613, "tick_direction": 1, "price": 0.162, "mark_price": 0.16282409, "iv": 93.67, "instrument_name": "BTC-25DEC20-20000-C", "index_price": 23776.78, "direction": "buy", "amount": 0.4}, {"trade_seq": 9693, "trade_id": "109621599", "timestamp": 1608518851730, "tick_direction": 0, "price": 0.162, "mark_price": 0.16282313, "iv": 93.65, "instrument_name": "BTC-25DEC20-20000-C", "index_price": 23776.06, "direction": "buy", "amount": 0.1}, {"trade_seq": 9692, "trade_id": "109571166", "timestamp": 1608500411915, "tick_direction": 2, "price": 0.1535, "mark_price": 0.15547813, "iv": 72.09, "instrument_name": "BTC-25DEC20-20000-C", "index_price": 23536.87, "direction": "buy", "amount": 0.1}, {"trade_seq": 9691, "trade_id": "109554964", "timestamp": 1608496780493, "tick_direction": 1, "price": 0.182, "mark_price": 0.18238412, "iv": 101.49, "instrument_name": "BTC-25DEC20-20000-C", "index_price": 24277.91, "direction": "buy", "amount": 0.2}, {"trade_seq": 9690, "trade_id": "109554963", "timestamp": 1608496780341, "tick_direction": 0, "price": 0.182, "mark_price": 0.18238412, "iv": 101.49, "instrument_name": "BTC-25DEC20-20000-C", "index_price": 24277.91, "direction": "buy", "amount": 0.8}, {"trade_seq": 9689, "trade_id": "109554417", "timestamp": 1608496731859, "tick_direction": 1, "price": 0.18, "mark_price": 0.18030301, "iv": 99.74, "instrument_name": "BTC-25DEC20-20000-C", "index_price": 24216.94, "direction": "buy", "amount": 0.2}, {"trade_seq": 9688, "trade_id": "109554389", "timestamp": 1608496731362, "tick_direction": 0, "price": 0.18, "mark_price": 0.18030301, "iv": 99.74, "instrument_name": "BTC-25DEC20-20000-C", "index_price": 24216.94, "direction": "buy", "amount": 0.8}, {"trade_seq": 9687, "trade_id": "109552922", "timestamp": 1608496407828, "tick_direction": 0, "price": 0.1765, "mark_price": 0.17656804, "iv": 104.64, "instrument_name": "BTC-25DEC20-20000-C", "index_price": 24104.9, "direction": "sell", "amount": 1.0}, {"trade_seq": 9686, "trade_id": "109517833", "timestamp": 1608473045960, "tick_direction": 2, "price": 0.14, "mark_price": 0.15541049, "iv": 0.0, "instrument_name": "BTC-25DEC20-20000-C", "index_price": 23544.45, "direction": "buy", "amount": 0.2}, {"trade_seq": 9685, "trade_id": "109517222", "timestamp": 1608472565448, "tick_direction": 1, "price": 0.1555, "mark_price": 0.15622011, "iv": 87.43, "instrument_name": "BTC-25DEC20-20000-C", "index_price": 23574.28, "direction": "buy", "amount": 0.1}, {"trade_seq": 9684, "trade_id": "109517139", "timestamp": 1608472538433, "tick_direction": 1, "price": 0.1555, "mark_price": 0.15585111, "iv": 90.84, "instrument_name": "BTC-25DEC20-20000-C", "index_price": 23566.82, "direction": "buy", "amount": 0.1}, {"trade_seq": 9683, "trade_id": "109517138", "timestamp": 1608472538353, "tick_direction": 0, "price": 0.1555, "mark_price": 0.15585111, "iv": 90.84, "instrument_name": "BTC-25DEC20-20000-C", "index_price": 23566.82, "direction": "buy", "amount": 0.3}, {"trade_seq": 9682, "trade_id": "109516120", "timestamp": 1608471727054, "tick_direction": 2, "price": 0.146, "mark_price": 0.15187779, "iv": 0.0, "instrument_name": "BTC-25DEC20-20000-C", "index_price": 23444.26, "direction": "sell", "amount": 0.1}, {"trade_seq": 9681, "trade_id": "109509760", "timestamp": 1608467460541, "tick_direction": 2, "price": 0.1525, "mark_price": 0.15331999, "iv": 88.67, "instrument_name": "BTC-25DEC20-20000-C", "index_price": 23463.26, "direction": "buy", "amount": 0.2}, {"trade_seq": 9680, "trade_id": "109492105", "timestamp": 1608455347841, "tick_direction": 3, "price": 0.1615, "mark_price": 0.1616812, "iv": 96.9, "instrument_name": "BTC-25DEC20-20000-C", "index_price": 23683.09, "direction": "sell", "amount": 0.1}, {"trade_seq": 9679, "trade_id": "109492104", "timestamp": 1608455347735, "tick_direction": 3, "price": 0.1615, "mark_price": 0.1616812, "iv": 96.9, "instrument_name": "BTC-25DEC20-20000-C", "index_price": 23683.09, "direction": "sell", "amount": 0.1}, {"trade_seq": 9678, "trade_id": "109492103", "timestamp": 1608455347622, "tick_direction": 2, "price": 0.1615, "mark_price": 0.16168585, "iv": 96.9, "instrument_name": "BTC-25DEC20-20000-C", "index_price": 23683.09, "direction": "sell", "amount": 0.8}, {"trade_seq": 9677, "trade_id": "109491507", "timestamp": 1608454973191, "tick_direction": 1, "price": 0.163, "mark_price": 0.16311814, "iv": 98.01, "instrument_name": "BTC-25DEC20-20000-C", "index_price": 23726.08, "direction": "sell", "amount": 0.6}, {"trade_seq": 9676, "trade_id": "109491506", "timestamp": 1608454973141, "tick_direction": 0, "price": 0.163, "mark_price": 0.16311814, "iv": 98.01, "instrument_name": "BTC-25DEC20-20000-C", "index_price": 23726.08, "direction": "sell", "amount": 0.4}, {"trade_seq": 9675, "trade_id": "109489363", "timestamp": 1608453421758, "tick_direction": 0, "price": 0.158, "mark_price": 0.16330038, "iv": 0.0, "instrument_name": "BTC-25DEC20-20000-C", "index_price": 23742.23, "direction": "sell", "amount": 0.1}, {"trade_seq": 9674, "trade_id": "109480299", "timestamp": 1608447209253, "tick_direction": 0, "price": 0.152, "mark_price": 0.1561776, "iv": 0.0, "instrument_name": "BTC-25DEC20-20000-C", "index_price": 23561.02, "direction": "sell", "amount": 1.0}, {"trade_seq": 9673, "trade_id": "109479338", "timestamp": 1608446365433, "tick_direction": 2, "price": 0.1515, "mark_price": 0.15760209, "iv": 0.0, "instrument_name": "BTC-25DEC20-20000-C", "index_price": 23606.03, "direction": "sell", "amount": 0.8}, {"trade_seq": 9672, "trade_id": "109479337", "timestamp": 1608446365433, "tick_direction": 0, "price": 0.155, "mark_price": 0.15760209, "iv": 64.09, "instrument_name": "BTC-25DEC20-20000-C", "index_price": 23606.03, "direction": "sell", "amount": 0.2}, {"trade_seq": 9671, "trade_id": "109479099", "timestamp": 1608446227056, "tick_direction": 2, "price": 0.13, "mark_price": 0.15827959, "iv": 0.0, "instrument_name": "BTC-25DEC20-20000-C", "index_price": 23624.64, "direction": "buy", "amount": 1.7}, {"trade_seq": 9670, "trade_id": "109479098", "timestamp": 1608446227053, "tick_direction": 2, "price": 0.1385, "mark_price": 0.15827959, "iv": 0.0, "instrument_name": "BTC-25DEC20-20000-C", "index_price": 23624.64, "direction": "sell", "amount": 0.2}, {"trade_seq": 9669, "trade_id": "109479097", "timestamp": 1608446227053, "tick_direction": 0, "price": 0.155, "mark_price": 0.15827959, "iv": 0.0, "instrument_name": "BTC-25DEC20-20000-C", "index_price": 23624.64, "direction": "sell", "amount": 0.1}, {"trade_seq": 9668, "trade_id": "109458498", "timestamp": 1608434201267, "tick_direction": 2, "price": 0.145, "mark_price": 0.14680127, "iv": 76.4, "instrument_name": "BTC-25DEC20-20000-C", "index_price": 23274.82, "direction": "buy", "amount": 0.5}, {"trade_seq": 9667, "trade_id": "109452970", "timestamp": 1608431613085, "tick_direction": 2, "price": 0.151, "mark_price": 0.15231632, "iv": 83.44, "instrument_name": "BTC-25DEC20-20000-C", "index_price": 23423.1, "direction": "buy", "amount": 0.5}, {"trade_seq": 9666, "trade_id": "109449422", "timestamp": 1608428889711, "tick_direction": 0, "price": 0.155, "mark_price": 0.15537223, "iv": 88.78, "instrument_name": "BTC-25DEC20-20000-C", "index_price": 23513.78, "direction": "buy", "amount": 0.1}, {"trade_seq": 9665, "trade_id": "109448736", "timestamp": 1608428016443, "tick_direction": 0, "price": 0.1535, "mark_price": 0.15515641, "iv": 76.99, "instrument_name": "BTC-25DEC20-20000-C", "index_price": 23514.64, "direction": "buy", "amount": 0.1}, {"trade_seq": 9664, "trade_id": "109448587", "timestamp": 1608427924439, "tick_direction": 2, "price": 0.1525, "mark_price": 0.15411178, "iv": 77.6, "instrument_name": "BTC-25DEC20-20000-C", "index_price": 23480.72, "direction": "buy", "amount": 0.1}, {"trade_seq": 9663, "trade_id": "109433270", "timestamp": 1608423613418, "tick_direction": 2, "price": 0.1565, "mark_price": 0.15752019, "iv": 90.82, "instrument_name": "BTC-25DEC20-20000-C", "index_price": 23540.68, "direction": "sell", "amount": 0.2}, {"trade_seq": 9662, "trade_id": "109421398", "timestamp": 1608415651479, "tick_direction": 0, "price": 0.17, "mark_price": 0.17050254, "iv": 97.97, "instrument_name": "BTC-25DEC20-20000-C", "index_price": 23887.8, "direction": "buy", "amount": 0.1}, {"trade_seq": 9661, "trade_id": "109411770", "timestamp": 1608412441838, "tick_direction": 1, "price": 0.1675, "mark_price": 0.16849323, "iv": 91.42, "instrument_name": "BTC-25DEC20-20000-C", "index_price": 23842.77, "direction": "buy", "amount": 0.1}, {"trade_seq": 9660, "trade_id": "109410970", "timestamp": 1608412018922, "tick_direction": 0, "price": 0.1675, "mark_price": 0.16888047, "iv": 88.76, "instrument_name": "BTC-25DEC20-20000-C", "index_price": 23852.34, "direction": "buy", "amount": 0.1}, {"trade_seq": 9659, "trade_id": "109410914", "timestamp": 1608411989599, "tick_direction": 2, "price": 0.1665, "mark_price": 0.16929032, "iv": 70.94, "instrument_name": "BTC-25DEC20-20000-C", "index_price": 23859.11, "direction": "sell", "amount": 0.1}, {"trade_seq": 9658, "trade_id": "109408546", "timestamp": 1608409573172, "tick_direction": 0, "price": 0.168, "mark_price": 0.1685352, "iv": 94.61, "instrument_name": "BTC-25DEC20-20000-C", "index_price": 23854.31, "direction": "buy", "amount": 0.5}, {"trade_seq": 9657, "trade_id": "109401291", "timestamp": 1608405189286, "tick_direction": 2, "price": 0.167, "mark_price": 0.16748528, "iv": 92.55, "instrument_name": "BTC-25DEC20-20000-C", "index_price": 23838.36, "direction": "buy", "amount": 1.0}, {"trade_seq": 9656, "trade_id": "109388592", "timestamp": 1608399557710, "tick_direction": 1, "price": 0.1695, "mark_price": 0.17082757, "iv": 89.87, "instrument_name": "BTC-25DEC20-20000-C", "index_price": 23925.56, "direction": "buy", "amount": 0.3}, {"trade_seq": 9655, "trade_id": "109388590", "timestamp": 1608399557503, "tick_direction": 1, "price": 0.1695, "mark_price": 0.17082757, "iv": 89.87, "instrument_name": "BTC-25DEC20-20000-C", "index_price": 23925.56, "direction": "buy", "amount": 0.2}, {"trade_seq": 9654, "trade_id": "109388589", "timestamp": 1608399557328, "tick_direction": 1, "price": 0.1695, "mark_price": 0.17082757, "iv": 89.87, "instrument_name": "BTC-25DEC20-20000-C", "index_price": 23925.56, "direction": "buy", "amount": 0.8}, {"trade_seq": 9653, "trade_id": "109388586", "timestamp": 1608399556878, "tick_direction": 1, "price": 0.1695, "mark_price": 0.17082757, "iv": 90.41, "instrument_name": "BTC-25DEC20-20000-C", "index_price": 23923.83, "direction": "buy", "amount": 0.1}, {"trade_seq": 9652, "trade_id": "109388585", "timestamp": 1608399556768, "tick_direction": 1, "price": 0.1695, "mark_price": 0.17069113, "iv": 90.41, "instrument_name": "BTC-25DEC20-20000-C", "index_price": 23923.83, "direction": "buy", "amount": 0.9}, {"trade_seq": 9651, "trade_id": "109388584", "timestamp": 1608399556236, "tick_direction": 0, "price": 0.1695, "mark_price": 0.17069113, "iv": 90.41, "instrument_name": "BTC-25DEC20-20000-C", "index_price": 23923.83, "direction": "buy", "amount": 0.7}, {"trade_seq": 9650, "trade_id": "109388557", "timestamp": 1608399543469, "tick_direction": 1, "price": 0.169, "mark_price": 0.17010618, "iv": 92.4, "instrument_name": "BTC-25DEC20-20000-C", "index_price": 23905.72, "direction": "buy", "amount": 0.9}, {"trade_seq": 9649, "trade_id": "109388546", "timestamp": 1608399540275, "tick_direction": 1, "price": 0.169, "mark_price": 0.16986293, "iv": 93.74, "instrument_name": "BTC-25DEC20-20000-C", "index_price": 23899.03, "direction": "buy", "amount": 0.8}, {"trade_seq": 9648, "trade_id": "109388531", "timestamp": 1608399539008, "tick_direction": 1, "price": 0.169, "mark_price": 0.16981702, "iv": 94.33, "instrument_name": "BTC-25DEC20-20000-C", "index_price": 23896.4, "direction": "buy", "amount": 0.3}, {"trade_seq": 9647, "trade_id": "109388520", "timestamp": 1608399532805, "tick_direction": 0, "price": 0.169, "mark_price": 0.16981081, "iv": 94.92, "instrument_name": "BTC-25DEC20-20000-C", "index_price": 23893.13, "direction": "buy", "amount": 0.2}, {"trade_seq": 9646, "trade_id": "109388110", "timestamp": 1608399466958, "tick_direction": 3, "price": 0.1685, "mark_price": 0.16988817, "iv": 90.73, "instrument_name": "BTC-25DEC20-20000-C", "index_price": 23900.79, "direction": "buy", "amount": 0.2}, {"trade_seq": 9645, "trade_id": "109388109", "timestamp": 1608399466607, "tick_direction": 3, "price": 0.1685, "mark_price": 0.16983094, "iv": 90.73, "instrument_name": "BTC-25DEC20-20000-C", "index_price": 23900.79, "direction": "buy", "amount": 0.5}, {"trade_seq": 9644, "trade_id": "109388108", "timestamp": 1608399466465, "tick_direction": 2, "price": 0.1685, "mark_price": 0.16983094, "iv": 90.73, "instrument_name": "BTC-25DEC20-20000-C", "index_price": 23900.79, "direction": "buy", "amount": 2.3}, {"trade_seq": 9643, "trade_id": "109388107", "timestamp": 1608399466080, "tick_direction": 3, "price": 0.169, "mark_price": 0.16983094, "iv": 95.05, "instrument_name": "BTC-25DEC20-20000-C", "index_price": 23899.91, "direction": "buy", "amount": 0.2}, {"trade_seq": 9642, "trade_id": "109388106", "timestamp": 1608399465542, "tick_direction": 3, "price": 0.169, "mark_price": 0.16983726, "iv": 95.05, "instrument_name": "BTC-25DEC20-20000-C", "index_price": 23899.91, "direction": "buy", "amount": 0.1}, {"trade_seq": 9641, "trade_id": "109388105", "timestamp": 1608399465098, "tick_direction": 2, "price": 0.169, "mark_price": 0.16983726, "iv": 95.01, "instrument_name": "BTC-25DEC20-20000-C", "index_price": 23897.71, "direction": "buy", "amount": 0.5}, {"trade_seq": 9640, "trade_id": "109387956", "timestamp": 1608399439476, "tick_direction": 1, "price": 0.1695, "mark_price": 0.17103509, "iv": 89.65, "instrument_name": "BTC-25DEC20-20000-C", "index_price": 23915.74, "direction": "buy", "amount": 1.9}, {"trade_seq": 9639, "trade_id": "109387955", "timestamp": 1608399438700, "tick_direction": 1, "price": 0.1695, "mark_price": 0.17099102, "iv": 89.41, "instrument_name": "BTC-25DEC20-20000-C", "index_price": 23916.67, "direction": "buy", "amount": 1.1}, {"trade_seq": 9638, "trade_id": "109387928", "timestamp": 1608399434145, "tick_direction": 1, "price": 0.1695, "mark_price": 0.17059863, "iv": 92.38, "instrument_name": "BTC-25DEC20-20000-C", "index_price": 23906.35, "direction": "buy", "amount": 2.3}, {"trade_seq": 9637, "trade_id": "109387885", "timestamp": 1608399431601, "tick_direction": 1, "price": 0.1695, "mark_price": 0.17032064, "iv": 95.24, "instrument_name": "BTC-25DEC20-20000-C", "index_price": 23900.82, "direction": "buy", "amount": 0.1}, {"trade_seq": 9636, "trade_id": "109387882", "timestamp": 1608399431300, "tick_direction": 0, "price": 0.1695, "mark_price": 0.17032064, "iv": 95.24, "instrument_name": "BTC-25DEC20-20000-C", "index_price": 23900.82, "direction": "buy", "amount": 0.1}, {"trade_seq": 9635, "trade_id": "109387881", "timestamp": 1608399431234, "tick_direction": 2, "price": 0.1685, "mark_price": 0.17032064, "iv": 87.05, "instrument_name": "BTC-25DEC20-20000-C", "index_price": 23900.82, "direction": "buy", "amount": 3.0}, {"trade_seq": 9634, "trade_id": "109387876", "timestamp": 1608399430125, "tick_direction": 0, "price": 0.169, "mark_price": 0.17021228, "iv": 92.3, "instrument_name": "BTC-25DEC20-20000-C", "index_price": 23892.06, "direction": "buy", "amount": 0.1}, {"trade_seq": 9633, "trade_id": "109387875", "timestamp": 1608399429860, "tick_direction": 3, "price": 0.1685, "mark_price": 0.17021228, "iv": 88.11, "instrument_name": "BTC-25DEC20-20000-C", "index_price": 23892.06, "direction": "buy", "amount": 3.0}, {"trade_seq": 9632, "trade_id": "109387867", "timestamp": 1608399428490, "tick_direction": 2, "price": 0.1685, "mark_price": 0.17014612, "iv": 88.52, "instrument_name": "BTC-25DEC20-20000-C", "index_price": 23891.09, "direction": "buy", "amount": 3.0}, {"trade_seq": 9631, "trade_id": "109387860", "timestamp": 1608399425907, "tick_direction": 2, "price": 0.169, "mark_price": 0.17040117, "iv": 90.76, "instrument_name": "BTC-25DEC20-20000-C", "index_price": 23891.67, "direction": "buy", "amount": 2.9}, {"trade_seq": 9630, "trade_id": "109387797", "timestamp": 1608399419446, "tick_direction": 2, "price": 0.1695, "mark_price": 0.17092642, "iv": 90.89, "instrument_name": "BTC-25DEC20-20000-C", "index_price": 23912.36, "direction": "buy", "amount": 0.5}, {"trade_seq": 9629, "trade_id": "109387110", "timestamp": 1608399245503, "tick_direction": 0, "price": 0.174, "mark_price": 0.17455859, "iv": 96.94, "instrument_name": "BTC-25DEC20-20000-C", "index_price": 24017.59, "direction": "buy", "amount": 3.5}, {"trade_seq": 9628, "trade_id": "109384726", "timestamp": 1608398386776, "tick_direction": 2, "price": 0.1695, "mark_price": 0.17298876, "iv": 41.35, "instrument_name": "BTC-25DEC20-20000-C", "index_price": 23964.14, "direction": "sell", "amount": 0.3}, {"trade_seq": 9627, "trade_id": "109384435", "timestamp": 1608398319680, "tick_direction": 0, "price": 0.174, "mark_price": 0.17470756, "iv": 95.98, "instrument_name": "BTC-25DEC20-20000-C", "index_price": 24008.78, "direction": "buy", "amount": 0.3}, {"trade_seq": 9626, "trade_id": "109384100", "timestamp": 1608398253449, "tick_direction": 0, "price": 0.173, "mark_price": 0.17299659, "iv": 101.09, "instrument_name": "BTC-25DEC20-20000-C", "index_price": 23959.35, "direction": "buy", "amount": 1.0}, {"trade_seq": 9625, "trade_id": "109383620", "timestamp": 1608398225017, "tick_direction": 2, "price": 0.172, "mark_price": 0.172387, "iv": 97.3, "instrument_name": "BTC-25DEC20-20000-C", "index_price": 23949.85, "direction": "buy", "amount": 5.0}, {"trade_seq": 9624, "trade_id": "109383108", "timestamp": 1608398210855, "tick_direction": 3, "price": 0.1725, "mark_price": 0.17432527, "iv": 86.81, "instrument_name": "BTC-25DEC20-20000-C", "index_price": 23993.72, "direction": "buy", "amount": 5.0}, {"trade_seq": 9623, "trade_id": "109383107", "timestamp": 1608398209593, "tick_direction": 3, "price": 0.1725, "mark_price": 0.17433076, "iv": 86.05, "instrument_name": "BTC-25DEC20-20000-C", "index_price": 23994.18, "direction": "buy", "amount": 1.7}, {"trade_seq": 9622, "trade_id": "109383106", "timestamp": 1608398209590, "tick_direction": 3, "price": 0.1725, "mark_price": 0.17433076, "iv": 86.05, "instrument_name": "BTC-25DEC20-20000-C", "index_price": 23994.18, "direction": "buy", "amount": 3.3}, {"trade_seq": 9621, "trade_id": "109383105", "timestamp": 1608398208039, "tick_direction": 2, "price": 0.1725, "mark_price": 0.17435952, "iv": 85.97, "instrument_name": "BTC-25DEC20-20000-C", "index_price": 23994.93, "direction": "buy", "amount": 5.0}, {"trade_seq": 9620, "trade_id": "109383089", "timestamp": 1608398203747, "tick_direction": 1, "price": 0.174, "mark_price": 0.17453351, "iv": 97.21, "instrument_name": "BTC-25DEC20-20000-C", "index_price": 24003.11, "direction": "buy", "amount": 0.2}, {"trade_seq": 9619, "trade_id": "109383085", "timestamp": 1608398201273, "tick_direction": 1, "price": 0.174, "mark_price": 0.17441709, "iv": 98.14, "instrument_name": "BTC-25DEC20-20000-C", "index_price": 23998.45, "direction": "buy", "amount": 0.8}, {"trade_seq": 9618, "trade_id": "109383082", "timestamp": 1608398200924, "tick_direction": 1, "price": 0.174, "mark_price": 0.17437301, "iv": 98.09, "instrument_name": "BTC-25DEC20-20000-C", "index_price": 23998.45, "direction": "buy", "amount": 0.1}, {"trade_seq": 9617, "trade_id": "109383076", "timestamp": 1608398200587, "tick_direction": 0, "price": 0.174, "mark_price": 0.17437301, "iv": 98.09, "instrument_name": "BTC-25DEC20-20000-C", "index_price": 23998.45, "direction": "buy", "amount": 0.1}, {"trade_seq": 9616, "trade_id": "109383046", "timestamp": 1608398191000, "tick_direction": 2, "price": 0.173, "mark_price": 0.17497672, "iv": 83.97, "instrument_name": "BTC-25DEC20-20000-C", "index_price": 24012.74, "direction": "buy", "amount": 5.0}, {"trade_seq": 9615, "trade_id": "109381310", "timestamp": 1608397931302, "tick_direction": 1, "price": 0.179, "mark_price": 0.17818433, "iv": 106.38, "instrument_name": "BTC-25DEC20-20000-C", "index_price": 24110.38, "direction": "sell", "amount": 0.2}, {"trade_seq": 9614, "trade_id": "109381309", "timestamp": 1608397930878, "tick_direction": 1, "price": 0.179, "mark_price": 0.17819334, "iv": 105.88, "instrument_name": "BTC-25DEC20-20000-C", "index_price": 24110.38, "direction": "sell", "amount": 0.8}, {"trade_seq": 9613, "trade_id": "109381307", "timestamp": 1608397930772, "tick_direction": 1, "price": 0.179, "mark_price": 0.17819334, "iv": 105.88, "instrument_name": "BTC-25DEC20-20000-C", "index_price": 24110.38, "direction": "sell", "amount": 0.2}, {"trade_seq": 9612, "trade_id": "109381304", "timestamp": 1608397930468, "tick_direction": 1, "price": 0.179, "mark_price": 0.17819334, "iv": 105.82, "instrument_name": "BTC-25DEC20-20000-C", "index_price": 24112.83, "direction": "sell", "amount": 0.2}, {"trade_seq": 9611, "trade_id": "109381303", "timestamp": 1608397930230, "tick_direction": 1, "price": 0.179, "mark_price": 0.17819334, "iv": 105.82, "instrument_name": "BTC-25DEC20-20000-C", "index_price": 24112.83, "direction": "sell", "amount": 0.7}, {"trade_seq": 9610, "trade_id": "109381302", "timestamp": 1608397929998, "tick_direction": 0, "price": 0.179, "mark_price": 0.17819334, "iv": 105.82, "instrument_name": "BTC-25DEC20-20000-C", "index_price": 24112.83, "direction": "sell", "amount": 0.3}, {"trade_seq": 9609, "trade_id": "109379982", "timestamp": 1608397287538, "tick_direction": 1, "price": 0.176, "mark_price": 0.17571307, "iv": 100.72, "instrument_name": "BTC-25DEC20-20000-C", "index_price": 24050.68, "direction": "buy", "amount": 0.5}, {"trade_seq": 9608, "trade_id": "109379958", "timestamp": 1608397282395, "tick_direction": 0, "price": 0.176, "mark_price": 0.17579685, "iv": 100.23, "instrument_name": "BTC-25DEC20-20000-C", "index_price": 24052.94, "direction": "buy", "amount": 0.5}, {"trade_seq": 9607, "trade_id": "109379703", "timestamp": 1608397206121, "tick_direction": 0, "price": 0.175, "mark_price": 0.17452647, "iv": 102.0, "instrument_name": "BTC-25DEC20-20000-C", "index_price": 24020.28, "direction": "buy", "amount": 1.0}, {"trade_seq": 9606, "trade_id": "109379381", "timestamp": 1608397124481, "tick_direction": 1, "price": 0.172, "mark_price": 0.17334175, "iv": 87.88, "instrument_name": "BTC-25DEC20-20000-C", "index_price": 23980.11, "direction": "buy", "amount": 1.0}, {"trade_seq": 9605, "trade_id": "109378913", "timestamp": 1608397075868, "tick_direction": 0, "price": 0.172, "mark_price": 0.17416176, "iv": 78.49, "instrument_name": "BTC-25DEC20-20000-C", "index_price": 24007.89, "direction": "buy", "amount": 1.0}, {"trade_seq": 9604, "trade_id": "109378905", "timestamp": 1608397056547, "tick_direction": 3, "price": 0.1715, "mark_price": 0.17414293, "iv": 69.93, "instrument_name": "BTC-25DEC20-20000-C", "index_price": 24007.64, "direction": "sell", "amount": 1.0}, {"trade_seq": 9603, "trade_id": "109378309", "timestamp": 1608396900971, "tick_direction": 2, "price": 0.1715, "mark_price": 0.17432229, "iv": 66.18, "instrument_name": "BTC-25DEC20-20000-C", "index_price": 24011.78, "direction": "sell", "amount": 1.0}, {"trade_seq": 9602, "trade_id": "109377462", "timestamp": 1608396769926, "tick_direction": 0, "price": 0.174, "mark_price": 0.17536294, "iv": 88.17, "instrument_name": "BTC-25DEC20-20000-C", "index_price": 24056.46, "direction": "buy", "amount": 1.0}, {"trade_seq": 9601, "trade_id": "109374672", "timestamp": 1608395983426, "tick_direction": 3, "price": 0.171, "mark_price": 0.1712358, "iv": 96.34, "instrument_name": "BTC-25DEC20-20000-C", "index_price": 23934.85, "direction": "buy", "amount": 0.3}, {"trade_seq": 9600, "trade_id": "109374671", "timestamp": 1608395983306, "tick_direction": 3, "price": 0.171, "mark_price": 0.1712358, "iv": 96.34, "instrument_name": "BTC-25DEC20-20000-C", "index_price": 23934.85, "direction": "buy", "amount": 0.9}, {"trade_seq": 9599, "trade_id": "109374670", "timestamp": 1608395983200, "tick_direction": 3, "price": 0.171, "mark_price": 0.1712358, "iv": 96.34, "instrument_name": "BTC-25DEC20-20000-C", "index_price": 23934.85, "direction": "buy", "amount": 0.4}, {"trade_seq": 9598, "trade_id": "109374575", "timestamp": 1608395944225, "tick_direction": 3, "price": 0.171, "mark_price": 0.17123768, "iv": 96.31, "instrument_name": "BTC-25DEC20-20000-C", "index_price": 23930.44, "direction": "buy", "amount": 0.1}, {"trade_seq": 9597, "trade_id": "109374574", "timestamp": 1608395944094, "tick_direction": 2, "price": 0.171, "mark_price": 0.17123768, "iv": 96.31, "instrument_name": "BTC-25DEC20-20000-C", "index_price": 23930.44, "direction": "buy", "amount": 0.3}, {"trade_seq": 9596, "trade_id": "109373687", "timestamp": 1608395668997, "tick_direction": 3, "price": 0.172, "mark_price": 0.17221993, "iv": 95.75, "instrument_name": "BTC-25DEC20-20000-C", "index_price": 23949.57, "direction": "buy", "amount": 0.1}, {"trade_seq": 9595, "trade_id": "109373664", "timestamp": 1608395659729, "tick_direction": 3, "price": 0.172, "mark_price": 0.1722785, "iv": 95.73, "instrument_name": "BTC-25DEC20-20000-C", "index_price": 23946.87, "direction": "buy", "amount": 0.2}, {"trade_seq": 9594, "trade_id": "109373663", "timestamp": 1608395659634, "tick_direction": 2, "price": 0.172, "mark_price": 0.1722785, "iv": 95.73, "instrument_name": "BTC-25DEC20-20000-C", "index_price": 23946.87, "direction": "buy", "amount": 0.7}, {"trade_seq": 9593, "trade_id": "109369860", "timestamp": 1608395108050, "tick_direction": 3, "price": 0.175, "mark_price": 0.17436948, "iv": 100.78, "instrument_name": "BTC-25DEC20-20000-C", "index_price": 24003.39, "direction": "buy", "amount": 0.4}, {"trade_seq": 9592, "trade_id": "109369857", "timestamp": 1608395107775, "tick_direction": 2, "price": 0.175, "mark_price": 0.17436948, "iv": 101.69, "instrument_name": "BTC-25DEC20-20000-C", "index_price": 24003.39, "direction": "buy", "amount": 0.1}, {"trade_seq": 9591, "trade_id": "109367569", "timestamp": 1608394942764, "tick_direction": 0, "price": 0.176, "mark_price": 0.17475833, "iv": 105.23, "instrument_name": "BTC-25DEC20-20000-C", "index_price": 24028.11, "direction": "buy", "amount": 0.1}, {"trade_seq": 9590, "trade_id": "109367488", "timestamp": 1608394933207, "tick_direction": 0, "price": 0.1745, "mark_price": 0.175968, "iv": 82.69, "instrument_name": "BTC-25DEC20-20000-C", "index_price": 24052.3, "direction": "buy", "amount": 1.0}, {"trade_seq": 9589, "trade_id": "109363670", "timestamp": 1608394646971, "tick_direction": 1, "price": 0.1735, "mark_price": 0.1735364, "iv": 94.75, "instrument_name": "BTC-25DEC20-20000-C", "index_price": 23967.17, "direction": "buy", "amount": 0.2}, {"trade_seq": 9588, "trade_id": "109363649", "timestamp": 1608394646245, "tick_direction": 1, "price": 0.1735, "mark_price": 0.1735364, "iv": 94.75, "instrument_name": "BTC-25DEC20-20000-C", "index_price": 23968.69, "direction": "buy", "amount": 0.8}, {"trade_seq": 9587, "trade_id": "109362179", "timestamp": 1608394580858, "tick_direction": 0, "price": 0.1735, "mark_price": 0.17294295, "iv": 98.68, "instrument_name": "BTC-25DEC20-20000-C", "index_price": 23970.59, "direction": "buy", "amount": 5.0}, {"trade_seq": 9586, "trade_id": "109361725", "timestamp": 1608394571299, "tick_direction": 1, "price": 0.172, "mark_price": 0.1714281, "iv": 98.43, "instrument_name": "BTC-25DEC20-20000-C", "index_price": 23935.57, "direction": "buy", "amount": 0.9}, {"trade_seq": 9585, "trade_id": "109361705", "timestamp": 1608394570408, "tick_direction": 0, "price": 0.172, "mark_price": 0.17117075, "iv": 100.35, "instrument_name": "BTC-25DEC20-20000-C", "index_price": 23928.42, "direction": "buy", "amount": 0.1}, {"trade_seq": 9584, "trade_id": "109359269", "timestamp": 1608394431489, "tick_direction": 0, "price": 0.17, "mark_price": 0.17038192, "iv": 90.93, "instrument_name": "BTC-25DEC20-20000-C", "index_price": 23904.66, "direction": "buy", "amount": 5.0}, {"trade_seq": 9583, "trade_id": "109359216", "timestamp": 1608394430210, "tick_direction": 1, "price": 0.169, "mark_price": 0.16982514, "iv": 81.65, "instrument_name": "BTC-25DEC20-20000-C", "index_price": 23898.08, "direction": "buy", "amount": 3.0}, {"trade_seq": 9582, "trade_id": "109359215", "timestamp": 1608394430210, "tick_direction": 0, "price": 0.169, "mark_price": 0.16982514, "iv": 81.65, "instrument_name": "BTC-25DEC20-20000-C", "index_price": 23898.08, "direction": "buy", "amount": 1.0}, {"trade_seq": 9581, "trade_id": "109353980", "timestamp": 1608393859719, "tick_direction": 3, "price": 0.16, "mark_price": 0.15963502, "iv": 94.98, "instrument_name": "BTC-25DEC20-20000-C", "index_price": 23577.51, "direction": "sell", "amount": 4.5}, {"trade_seq": 9580, "trade_id": "109353934", "timestamp": 1608393857972, "tick_direction": 2, "price": 0.16, "mark_price": 0.16016047, "iv": 92.99, "instrument_name": "BTC-25DEC20-20000-C", "index_price": 23583.61, "direction": "sell", "amount": 0.5}, {"trade_seq": 9579, "trade_id": "109351710", "timestamp": 1608393774571, "tick_direction": 0, "price": 0.165, "mark_price": 0.16446284, "iv": 95.35, "instrument_name": "BTC-25DEC20-20000-C", "index_price": 23744.77, "direction": "buy", "amount": 3.0}, {"trade_seq": 9578, "trade_id": "109340200", "timestamp": 1608391106320, "tick_direction": 1, "price": 0.161, "mark_price": 0.16110926, "iv": 91.26, "instrument_name": "BTC-25DEC20-20000-C", "index_price": 23642.25, "direction": "buy", "amount": 0.1}, {"trade_seq": 9577, "trade_id": "109340199", "timestamp": 1608391106011, "tick_direction": 1, "price": 0.161, "mark_price": 0.16110926, "iv": 91.4, "instrument_name": "BTC-25DEC20-20000-C", "index_price": 23639.66, "direction": "buy", "amount": 0.4}, {"trade_seq": 9576, "trade_id": "109340194", "timestamp": 1608391105785, "tick_direction": 1, "price": 0.161, "mark_price": 0.16110926, "iv": 91.4, "instrument_name": "BTC-25DEC20-20000-C", "index_price": 23639.66, "direction": "buy", "amount": 0.5}, {"trade_seq": 9575, "trade_id": "109340181", "timestamp": 1608391104258, "tick_direction": 1, "price": 0.161, "mark_price": 0.16103449, "iv": 91.9, "instrument_name": "BTC-25DEC20-20000-C", "index_price": 23637.45, "direction": "buy", "amount": 0.4}, {"trade_seq": 9574, "trade_id": "109340175", "timestamp": 1608391103140, "tick_direction": 1, "price": 0.161, "mark_price": 0.16100563, "iv": 91.9, "instrument_name": "BTC-25DEC20-20000-C", "index_price": 23636.37, "direction": "buy", "amount": 0.1}, {"trade_seq": 9573, "trade_id": "109340173", "timestamp": 1608391102673, "tick_direction": 1, "price": 0.161, "mark_price": 0.16097382, "iv": 92.09, "instrument_name": "BTC-25DEC20-20000-C", "index_price": 23636.37, "direction": "buy", "amount": 0.1}, {"trade_seq": 9572, "trade_id": "109340121", "timestamp": 1608391093042, "tick_direction": 0, "price": 0.161, "mark_price": 0.16047945, "iv": 95.4, "instrument_name": "BTC-25DEC20-20000-C", "index_price": 23625.39, "direction": "buy", "amount": 0.1}, {"trade_seq": 9571, "trade_id": "109332574", "timestamp": 1608388858978, "tick_direction": 0, "price": 0.147, "mark_price": 0.15029406, "iv": 60.81, "instrument_name": "BTC-25DEC20-20000-C", "index_price": 23326.38, "direction": "sell", "amount": 0.5}, {"trade_seq": 9570, "trade_id": "109331279", "timestamp": 1608388425721, "tick_direction": 2, "price": 0.1445, "mark_price": 0.14837307, "iv": 50.14, "instrument_name": "BTC-25DEC20-20000-C", "index_price": 23280.85, "direction": "sell", "amount": 0.5}, {"trade_seq": 9569, "trade_id": "109327050", "timestamp": 1608388034936, "tick_direction": 2, "price": 0.152, "mark_price": 0.15489425, "iv": 68.25, "instrument_name": "BTC-25DEC20-20000-C", "index_price": 23461.13, "direction": "buy", "amount": 1.0}, {"trade_seq": 9568, "trade_id": "109323766", "timestamp": 1608387389622, "tick_direction": 1, "price": 0.161, "mark_price": 0.16120495, "iv": 91.56, "instrument_name": "BTC-25DEC20-20000-C", "index_price": 23647.82, "direction": "buy", "amount": 0.5}, {"trade_seq": 9567, "trade_id": "109323703", "timestamp": 1608387377933, "tick_direction": 1, "price": 0.161, "mark_price": 0.16103195, "iv": 92.51, "instrument_name": "BTC-25DEC20-20000-C", "index_price": 23642.78, "direction": "buy", "amount": 0.5}, {"trade_seq": 9566, "trade_id": "109323658", "timestamp": 1608387375043, "tick_direction": 0, "price": 0.161, "mark_price": 0.16098297, "iv": 93.33, "instrument_name": "BTC-25DEC20-20000-C", "index_price": 23639.47, "direction": "buy", "amount": 0.3}, {"trade_seq": 9565, "trade_id": "109323229", "timestamp": 1608387330940, "tick_direction": 1, "price": 0.16, "mark_price": 0.15976596, "iv": 94.49, "instrument_name": "BTC-25DEC20-20000-C", "index_price": 23602.33, "direction": "buy", "amount": 0.2}, {"trade_seq": 9564, "trade_id": "109323228", "timestamp": 1608387330803, "tick_direction": 1, "price": 0.16, "mark_price": 0.15976596, "iv": 94.49, "instrument_name": "BTC-25DEC20-20000-C", "index_price": 23602.33, "direction": "buy", "amount": 0.6}, {"trade_seq": 9563, "trade_id": "109323214", "timestamp": 1608387329314, "tick_direction": 0, "price": 0.16, "mark_price": 0.15972867, "iv": 94.7, "instrument_name": "BTC-25DEC20-20000-C", "index_price": 23598.91, "direction": "buy", "amount": 0.2}, {"trade_seq": 9562, "trade_id": "109321735", "timestamp": 1608387147814, "tick_direction": 1, "price": 0.157, "mark_price": 0.15811171, "iv": 86.05, "instrument_name": "BTC-25DEC20-20000-C", "index_price": 23537.98, "direction": "buy", "amount": 1.5}, {"trade_seq": 9561, "trade_id": "109321619", "timestamp": 1608387128323, "tick_direction": 0, "price": 0.157, "mark_price": 0.1576058, "iv": 89.2, "instrument_name": "BTC-25DEC20-20000-C", "index_price": 23521.01, "direction": "buy", "amount": 1.5}, {"trade_seq": 9560, "trade_id": "109318970", "timestamp": 1608386748222, "tick_direction": 2, "price": 0.1515, "mark_price": 0.15478941, "iv": 61.48, "instrument_name": "BTC-25DEC20-20000-C", "index_price": 23449.03, "direction": "sell", "amount": 0.1}, {"trade_seq": 9559, "trade_id": "109318289", "timestamp": 1608386676230, "tick_direction": 1, "price": 0.153, "mark_price": 0.1538052, "iv": 86.39, "instrument_name": "BTC-25DEC20-20000-C", "index_price": 23413.51, "direction": "buy", "amount": 1.0}, {"trade_seq": 9558, "trade_id": "109318241", "timestamp": 1608386674611, "tick_direction": 1, "price": 0.153, "mark_price": 0.15374617, "iv": 86.78, "instrument_name": "BTC-25DEC20-20000-C", "index_price": 23411.59, "direction": "buy", "amount": 1.0}, {"trade_seq": 9557, "trade_id": "109318240", "timestamp": 1608386674600, "tick_direction": 1, "price": 0.153, "mark_price": 0.15374617, "iv": 86.78, "instrument_name": "BTC-25DEC20-20000-C", "index_price": 23411.59, "direction": "buy", "amount": 0.2}, {"trade_seq": 9556, "trade_id": "109318205", "timestamp": 1608386672516, "tick_direction": 1, "price": 0.153, "mark_price": 0.1534982, "iv": 88.14, "instrument_name": "BTC-25DEC20-20000-C", "index_price": 23405.34, "direction": "buy", "amount": 0.1}, {"trade_seq": 9555, "trade_id": "109318204", "timestamp": 1608386672447, "tick_direction": 1, "price": 0.153, "mark_price": 0.1534982, "iv": 88.14, "instrument_name": "BTC-25DEC20-20000-C", "index_price": 23405.34, "direction": "buy", "amount": 0.4}, {"trade_seq": 9554, "trade_id": "109318202", "timestamp": 1608386672210, "tick_direction": 0, "price": 0.153, "mark_price": 0.1534982, "iv": 88.14, "instrument_name": "BTC-25DEC20-20000-C", "index_price": 23405.34, "direction": "buy", "amount": 0.3}, {"trade_seq": 9553, "trade_id": "109317981", "timestamp": 1608386639658, "tick_direction": 1, "price": 0.152, "mark_price": 0.15258014, "iv": 87.04, "instrument_name": "BTC-25DEC20-20000-C", "index_price": 23377.02, "direction": "buy", "amount": 0.2}, {"trade_seq": 9552, "trade_id": "109317978", "timestamp": 1608386639422, "tick_direction": 1, "price": 0.152, "mark_price": 0.15258014, "iv": 87.32, "instrument_name": "BTC-25DEC20-20000-C", "index_price": 23375.72, "direction": "buy", "amount": 0.3}, {"trade_seq": 9551, "trade_id": "109317966", "timestamp": 1608386636365, "tick_direction": 1, "price": 0.152, "mark_price": 0.1524617, "iv": 87.93, "instrument_name": "BTC-25DEC20-20000-C", "index_price": 23372.65, "direction": "buy", "amount": 0.1}, {"trade_seq": 9550, "trade_id": "109317964", "timestamp": 1608386635973, "tick_direction": 1, "price": 0.152, "mark_price": 0.15239945, "iv": 88.47, "instrument_name": "BTC-25DEC20-20000-C", "index_price": 23372.65, "direction": "buy", "amount": 0.2}, {"trade_seq": 9549, "trade_id": "109317933", "timestamp": 1608386630464, "tick_direction": 0, "price": 0.152, "mark_price": 0.15224311, "iv": 89.67, "instrument_name": "BTC-25DEC20-20000-C", "index_price": 23365.27, "direction": "buy", "amount": 0.2}, {"trade_seq": 9548, "trade_id": "109316109", "timestamp": 1608386502473, "tick_direction": 1, "price": 0.149, "mark_price": 0.14943573, "iv": 88.1, "instrument_name": "BTC-25DEC20-20000-C", "index_price": 23286.64, "direction": "buy", "amount": 1.2}, {"trade_seq": 9547, "trade_id": "109316029", "timestamp": 1608386499992, "tick_direction": 1, "price": 0.149, "mark_price": 0.14931951, "iv": 88.78, "instrument_name": "BTC-25DEC20-20000-C", "index_price": 23281.69, "direction": "buy", "amount": 0.5}, {"trade_seq": 9546, "trade_id": "109315978", "timestamp": 1608386498307, "tick_direction": 1, "price": 0.149, "mark_price": 0.14929806, "iv": 88.84, "instrument_name": "BTC-25DEC20-20000-C", "index_price": 23283.33, "direction": "buy", "amount": 0.1}, {"trade_seq": 9545, "trade_id": "109315977", "timestamp": 1608386498185, "tick_direction": 1, "price": 0.149, "mark_price": 0.14929806, "iv": 88.84, "instrument_name": "BTC-25DEC20-20000-C", "index_price": 23283.33, "direction": "buy", "amount": 0.2}, {"trade_seq": 9544, "trade_id": "109315974", "timestamp": 1608386496532, "tick_direction": 1, "price": 0.149, "mark_price": 0.14932731, "iv": 88.73, "instrument_name": "BTC-25DEC20-20000-C", "index_price": 23283.56, "direction": "buy", "amount": 0.2}, {"trade_seq": 9543, "trade_id": "109315966", "timestamp": 1608386495933, "tick_direction": 1, "price": 0.149, "mark_price": 0.14928311, "iv": 88.73, "instrument_name": "BTC-25DEC20-20000-C", "index_price": 23283.56, "direction": "buy", "amount": 0.2}, {"trade_seq": 9542, "trade_id": "109315958", "timestamp": 1608386495325, "tick_direction": 1, "price": 0.149, "mark_price": 0.14928311, "iv": 88.73, "instrument_name": "BTC-25DEC20-20000-C", "index_price": 23283.97, "direction": "buy", "amount": 0.1}, {"trade_seq": 9541, "trade_id": "109315957", "timestamp": 1608386495041, "tick_direction": 1, "price": 0.149, "mark_price": 0.14928311, "iv": 88.73, "instrument_name": "BTC-25DEC20-20000-C", "index_price": 23283.97, "direction": "buy", "amount": 0.1}, {"trade_seq": 9540, "trade_id": "109315956", "timestamp": 1608386494905, "tick_direction": 0, "price": 0.149, "mark_price": 0.14914182, "iv": 88.98, "instrument_name": "BTC-25DEC20-20000-C", "index_price": 23283.97, "direction": "buy", "amount": 0.4}