{
  "trades": [
    {
      "trade_seq": 567,
      "trade_id": "110516915",
      "timestamp": 1608846503238,
      "tick_direction": 0,
      "price": 0.614,
      "mark_price": 0.61517016,
      "iv": 0.0,
      "instrument_name": "BTC-25DEC20-9000-C",
      "index_price": 23449.71,
      "direction": "sell",
      "amount": 1.0
    },
    {
      "trade_seq": 566,
      "trade_id": "110446342",
      "timestamp": 1608812507233,
      "tick_direction": 2,
      "price": 0.613,
      "mark_price": 0.60998457,
      "iv": 500.0,
      "instrument_name": "BTC-25DEC20-9000-C",
      "index_price": 23142.12,
      "direction": "sell",
      "amount": 1.0
    },
    {
      "trade_seq": 565,
      "trade_id": "110006514",
      "timestamp": 1608645961260,
      "tick_direction": 0,
      "price": 0.619,
      "mark_price": 0.61840266,
      "iv": 462.35,
      "instrument_name": "BTC-25DEC20-9000-C",
      "index_price": 23561.58,
      "direction": "sell",
      "amount": 0.2
    },
    {
      "trade_seq": 564,
      "trade_id": "108951591",
      "timestamp": 1608229538230,
      "tick_direction": 2,
      "price": 0.615,
      "mark_price": 0.60974973,
      "iv": 373.07,
      "instrument_name": "BTC-25DEC20-9000-C",
      "index_price": 22914.42,
      "direction": "buy",
      "amount": 5.0
    },
    {
      "trade_seq": 563,
      "trade_id": "108768002",
      "timestamp": 1608196683929,
      "tick_direction": 0,
      "price": 0.624,
      "mark_price": 0.62338119,
      "iv": 281.08,
      "instrument_name": "BTC-25DEC20-9000-C",
      "index_price": 23711.55,
      "direction": "sell",
      "amount": 0.2
    },
    {
      "trade_seq": 562,
      "trade_id": "108725542",
      "timestamp": 1608191085418,
      "tick_direction": 0,
      "price": 0.6,
      "mark_price": 0.60018962,
      "iv": 0.0,
      "instrument_name": "BTC-25DEC20-9000-C",
      "index_price": 22365.47,
      "direction": "buy",
      "amount": 0.1
    },
    {
      "trade_seq": 561,
      "trade_id": "108649135",
      "timestamp": 1608170409892,
      "tick_direction": 0,
      "price": 0.5905,
      "mark_price": 0.58820818,
      "iv": 293.52,
      "instrument_name": "BTC-25DEC20-9000-C",
      "index_price": 21738.09,
      "direction": "buy",
      "amount": 0.2
    },
    {
      "trade_seq": 560,
      "trade_id": "108585138",
      "timestamp": 1608156483519,
      "tick_direction": 0,
      "price": 0.582,
      "mark_price": 0.57977213,
      "iv": 283.15,
      "instrument_name": "BTC-25DEC20-9000-C",
      "index_price": 21295.16,
      "direction": "buy",
      "amount": 0.3
    },
    {
      "trade_seq": 559,
      "trade_id": "108550105",
      "timestamp": 1608144560277,
      "tick_direction": 0,
      "price": 0.5685,
      "mark_price": 0.56752152,
      "iv": 242.02,
      "instrument_name": "BTC-25DEC20-9000-C",
      "index_price": 20676.07,
      "direction": "buy",
      "amount": 3.5
    },
    {
      "trade_seq": 558,
      "trade_id": "108455753",
      "timestamp": 1608127863161,
      "tick_direction": 0,
      "price": 0.5635,
      "mark_price": 0.56386942,
      "iv": 0.0,
      "instrument_name": "BTC-25DEC20-9000-C",
      "index_price": 20484.04,
      "direction": "buy",
      "amount": 0.1
    },
    {
      "trade_seq": 557,
      "trade_id": "108448402",
      "timestamp": 1608127255533,
      "tick_direction": 1,
      "price": 0.5535,
      "mark_price": 0.55848082,
      "iv": 0.0,
      "instrument_name": "BTC-25DEC20-9000-C",
      "index_price": 20267.8,
      "direction": "buy",
      "amount": 0.8
    },
    {
      "trade_seq": 556,
      "trade_id": "108448401",
      "timestamp": 1608127255525,
      "tick_direction": 0,
      "price": 0.5535,
      "mark_price": 0.55848082,
      "iv": 0.0,
      "instrument_name": "BTC-25DEC20-9000-C",
      "index_price": 20267.8,
      "direction": "sell",
      "amount": 8.0
    },
    {
      "trade_seq": 555,
      "trade_id": "108421616",
      "timestamp": 1608126106370,
      "tick_direction": 0,
      "price": 0.5495,
      "mark_price": 0.55037898,
      "iv": 0.0,
      "instrument_name": "BTC-25DEC20-9000-C",
      "index_price": 19901.31,
      "direction": "buy",
      "amount": 0.2
    },
    {
      "trade_seq": 554,
      "trade_id": "105969393",
      "timestamp": 1606924871522,
      "tick_direction": 2,
      "price": 0.5295,
      "mark_price": 0.52915264,
      "iv": 144.53,
      "instrument_name": "BTC-25DEC20-9000-C",
      "index_price": 18876.76,
      "direction": "sell",
      "amount": 0.2
    },
    {
      "trade_seq": 553,
      "trade_id": "105897901",
      "timestamp": 1606910442012,
      "tick_direction": 2,
      "price": 0.534,
      "mark_price": 0.53314531,
      "iv": 151.1,
      "instrument_name": "BTC-25DEC20-9000-C",
      "index_price": 19033.63,
      "direction": "buy",
      "amount": 0.2
    },
    {
      "trade_seq": 552,
      "trade_id": "105847965",
      "timestamp": 1606900162024,
      "tick_direction": 2,
      "price": 0.5345,
      "mark_price": 0.53678118,
      "iv": 0.0,
      "instrument_name": "BTC-25DEC20-9000-C",
      "index_price": 19187.06,
      "direction": "sell",
      "amount": 0.1
    },
    {
      "trade_seq": 551,
      "trade_id": "105462891",
      "timestamp": 1606821931010,
      "tick_direction": 0,
      "price": 0.5455,
      "mark_price": 0.54585986,
      "iv": 125.19,
      "instrument_name": "BTC-25DEC20-9000-C",
      "index_price": 19464.18,
      "direction": "sell",
      "amount": 1.5
    },
    {
      "trade_seq": 550,
      "trade_id": "105253471",
      "timestamp": 1606754307103,
      "tick_direction": 2,
      "price": 0.5435,
      "mark_price": 0.54256439,
      "iv": 144.41,
      "instrument_name": "BTC-25DEC20-9000-C",
      "index_price": 19342.68,
      "direction": "sell",
      "amount": 0.2
    },
    {
      "trade_seq": 549,
      "trade_id": "105248748",
      "timestamp": 1606753357480,
      "tick_direction": 0,
      "price": 0.5465,
      "mark_price": 0.5457049,
      "iv": 143.44,
      "instrument_name": "BTC-25DEC20-9000-C",
      "index_price": 19462.69,
      "direction": "sell",
      "amount": 0.2
    },
    {
      "trade_seq": 548,
      "trade_id": "105224638",
      "timestamp": 1606750400152,
      "tick_direction": 1,
      "price": 0.5435,
      "mark_price": 0.54469592,
      "iv": 0.0,
      "instrument_name": "BTC-25DEC20-9000-C",
      "index_price": 19329.2,
      "direction": "buy",
      "amount": 0.2
    },
    {
      "trade_seq": 547,
      "trade_id": "105224575",
      "timestamp": 1606750397937,
      "tick_direction": 0,
      "price": 0.5435,
      "mark_price": 0.54378305,
      "iv": 124.34,
      "instrument_name": "BTC-25DEC20-9000-C",
      "index_price": 19310.4,
      "direction": "buy",
      "amount": 0.2
    },
    {
      "trade_seq": 546,
      "trade_id": "104495124",
      "timestamp": 1606482629701,
      "tick_direction": 0,
      "price": 0.479,
      "mark_price": 0.47944874,
      "iv": 125.5,
      "instrument_name": "BTC-25DEC20-9000-C",
      "index_price": 17040.47,
      "direction": "buy",
      "amount": 0.1
    },
    {
      "trade_seq": 545,
      "trade_id": "104494668",
      "timestamp": 1606482457255,
      "tick_direction": 1,
      "price": 0.4785,
      "mark_price": 0.47896573,
      "iv": 124.99,
      "instrument_name": "BTC-25DEC20-9000-C",
      "index_price": 17026.72,
      "direction": "buy",
      "amount": 0.1
    },
    {
      "trade_seq": 544,
      "trade_id": "104493989",
      "timestamp": 1606482249323,
      "tick_direction": 1,
      "price": 0.4785,
      "mark_price": 0.47903951,
      "iv": 124.74,
      "instrument_name": "BTC-25DEC20-9000-C",
      "index_price": 17024.53,
      "direction": "buy",
      "amount": 0.1
    },
    {
      "trade_seq": 543,
      "trade_id": "104493962",
      "timestamp": 1606482223772,
      "tick_direction": 0,
      "price": 0.4785,
      "mark_price": 0.47902008,
      "iv": 124.82,
      "instrument_name": "BTC-25DEC20-9000-C",
      "index_price": 17023.52,
      "direction": "buy",
      "amount": 0.1
    },
    {
      "trade_seq": 542,
      "trade_id": "104463508",
      "timestamp": 1606473754366,
      "tick_direction": 1,
      "price": 0.472,
      "mark_price": 0.47208207,
      "iv": 124.71,
      "instrument_name": "BTC-25DEC20-9000-C",
      "index_price": 16792.86,
      "direction": "buy",
      "amount": 0.1
    },
    {
      "trade_seq": 541,
      "trade_id": "104463502",
      "timestamp": 1606473754308,
      "tick_direction": 0,
      "price": 0.472,
      "mark_price": 0.47208207,
      "iv": 124.71,
      "instrument_name": "BTC-25DEC20-9000-C",
      "index_price": 16792.86,
      "direction": "buy",
      "amount": 0.1
    },
    {
      "trade_seq": 540,
      "trade_id": "104462498",
      "timestamp": 1606473611759,
      "tick_direction": 2,
      "price": 0.47,
      "mark_price": 0.47030165,
      "iv": 122.65,
      "instrument_name": "BTC-25DEC20-9000-C",
      "index_price": 16732.23,
      "direction": "buy",
      "amount": 0.1
    },
    {
      "trade_seq": 539,
      "trade_id": "104382756",
      "timestamp": 1606462126289,
      "tick_direction": 1,
      "price": 0.484,
      "mark_price": 0.48328037,
      "iv": 133.98,
      "instrument_name": "BTC-25DEC20-9000-C",
      "index_price": 17114.35,
      "direction": "sell",
      "amount": 0.2
    },
    {
      "trade_seq": 538,
      "trade_id": "104355212",
      "timestamp": 1606450042990,
      "tick_direction": 0,
      "price": 0.484,
      "mark_price": 0.48393361,
      "iv": 126.96,
      "instrument_name": "BTC-25DEC20-9000-C",
      "index_price": 17153.74,
      "direction": "buy",
      "amount": 0.1
    },
    {
      "trade_seq": 537,
      "trade_id": "104258134",
      "timestamp": 1606416947437,
      "tick_direction": 2,
      "price": 0.467,
      "mark_price": 0.46957349,
      "iv": 106.14,
      "instrument_name": "BTC-25DEC20-9000-C",
      "index_price": 16628.85,
      "direction": "sell",
      "amount": 0.1
    },
    {
      "trade_seq": 536,
      "trade_id": "103608500",
      "timestamp": 1606293162772,
      "tick_direction": 2,
      "price": 0.539,
      "mark_price": 0.53919049,
      "iv": 126.83,
      "instrument_name": "BTC-25DEC20-9000-C",
      "index_price": 19235.29,
      "direction": "buy",
      "amount": 0.6
    },
    {
      "trade_seq": 535,
      "trade_id": "103533456",
      "timestamp": 1606264846752,
      "tick_direction": 0,
      "price": 0.55,
      "mark_price": 0.54031062,
      "iv": 184.44,
      "instrument_name": "BTC-25DEC20-9000-C",
      "index_price": 19227.38,
      "direction": "buy",
      "amount": 0.1
    },
    {
      "trade_seq": 534,
      "trade_id": "103532004",
      "timestamp": 1606263556378,
      "tick_direction": 0,
      "price": 0.537,
      "mark_price": 0.53951586,
      "iv": 0.0,
      "instrument_name": "BTC-25DEC20-9000-C",
      "index_price": 19189.79,
      "direction": "sell",
      "amount": 0.6
    },
    {
      "trade_seq": 533,
      "trade_id": "103524170",
      "timestamp": 1606258970092,
      "tick_direction": 0,
      "price": 0.536,
      "mark_price": 0.53783613,
      "iv": 0.0,
      "instrument_name": "BTC-25DEC20-9000-C",
      "index_price": 19139.04,
      "direction": "sell",
      "amount": 0.1
    },
    {
      "trade_seq": 532,
      "trade_id": "102309847",
      "timestamp": 1605839737809,
      "tick_direction": 2,
      "price": 0.5035,
      "mark_price": 0.50736813,
      "iv": 0.0,
      "instrument_name": "BTC-25DEC20-9000-C",
      "index_price": 17991.85,
      "direction": "sell",
      "amount": 0.1
    },
    {
      "trade_seq": 531,
      "trade_id": "102309846",
      "timestamp": 1605839737809,
      "tick_direction": 2,
      "price": 0.5045,
      "mark_price": 0.50736813,
      "iv": 84.35,
      "instrument_name": "BTC-25DEC20-9000-C",
      "index_price": 17991.85,
      "direction": "sell",
      "amount": 1.0
    },
    {
      "trade_seq": 530,
      "trade_id": "102210580",
      "timestamp": 1605798776210,
      "tick_direction": 0,
      "price": 0.511,
      "mark_price": 0.51165301,
      "iv": 116.05,
      "instrument_name": "BTC-25DEC20-9000-C",
      "index_price": 18122.85,
      "direction": "buy",
      "amount": 0.3
    },
    {
      "trade_seq": 529,
      "trade_id": "102165984",
      "timestamp": 1605783485366,
      "tick_direction": 2,
      "price": 0.493,
      "mark_price": 0.49598228,
      "iv": 86.56,
      "instrument_name": "BTC-25DEC20-9000-C",
      "index_price": 17590.08,
      "direction": "sell",
      "amount": 1.0
    },
    {
      "trade_seq": 528,
      "trade_id": "102165576",
      "timestamp": 1605783382581,
      "tick_direction": 1,
      "price": 0.4935,
      "mark_price": 0.49634203,
      "iv": 90.24,
      "instrument_name": "BTC-25DEC20-9000-C",
      "index_price": 17606.24,
      "direction": "buy",
      "amount": 0.1
    },
    {
      "trade_seq": 527,
      "trade_id": "102165575",
      "timestamp": 1605783382571,
      "tick_direction": 0,
      "price": 0.4935,
      "mark_price": 0.49634203,
      "iv": 90.24,
      "instrument_name": "BTC-25DEC20-9000-C",
      "index_price": 17606.24,
      "direction": "sell",
      "amount": 0.9
    },
    {
      "trade_seq": 526,
      "trade_id": "101375398",
      "timestamp": 1605548044731,
      "tick_direction": 0,
      "price": 0.474,
      "mark_price": 0.47266758,
      "liquidation": "M",
      "iv": 113.99,
      "instrument_name": "BTC-25DEC20-9000-C",
      "index_price": 16751.6,
      "direction": "sell",
      "amount": 1.0
    },
    {
      "trade_seq": 525,
      "trade_id": "100409200",
      "timestamp": 1605035686142,
      "tick_direction": 2,
      "price": 0.422,
      "mark_price": 0.42271161,
      "iv": 88.52,
      "instrument_name": "BTC-25DEC20-9000-C",
      "index_price": 15304.05,
      "direction": "buy",
      "amount": 0.4
    },
    {
      "trade_seq": 524,
      "trade_id": "100261746",
      "timestamp": 1604973564171,
      "tick_direction": 2,
      "price": 0.424,
      "mark_price": 0.42924836,
      "iv": 57.4,
      "instrument_name": "BTC-25DEC20-9000-C",
      "index_price": 15401.66,
      "direction": "sell",
      "amount": 3.3
    },
    {
      "trade_seq": 523,
      "trade_id": "99370825",
      "timestamp": 1604668415449,
      "tick_direction": 2,
      "price": 0.4305,
      "mark_price": 0.43515182,
      "iv": 63.99,
      "instrument_name": "BTC-25DEC20-9000-C",
      "index_price": 15534.57,
      "direction": "sell",
      "amount": 0.1
    },
    {
      "trade_seq": 522,
      "trade_id": "99350239",
      "timestamp": 1604661350779,
      "tick_direction": 0,
      "price": 0.433,
      "mark_price": 0.43606253,
      "iv": 80.05,
      "instrument_name": "BTC-25DEC20-9000-C",
      "index_price": 15542.93,
      "direction": "sell",
      "amount": 0.2
    },
    {
      "trade_seq": 521,
      "trade_id": "99350135",
      "timestamp": 1604661319821,
      "tick_direction": 0,
      "price": 0.4315,
      "mark_price": 0.43583293,
      "iv": 71.02,
      "instrument_name": "BTC-25DEC20-9000-C",
      "index_price": 15540.79,
      "direction": "buy",
      "amount": 0.2
    },
    {
      "trade_seq": 520,
      "trade_id": "99087289",
      "timestamp": 1604597577296,
      "tick_direction": 2,
      "price": 0.413,
      "mark_price": 0.41316765,
      "iv": 91.41,
      "instrument_name": "BTC-25DEC20-9000-C",
      "index_price": 14937.94,
      "direction": "sell",
      "amount": 0.1
    },
    {
      "trade_seq": 519,
      "trade_id": "99071427",
      "timestamp": 1604594097168,
      "tick_direction": 0,
      "price": 0.424,
      "mark_price": 0.42433063,
      "iv": 91.38,
      "instrument_name": "BTC-25DEC20-9000-C",
      "index_price": 15260.72,
      "direction": "buy",
      "amount": 0.2
    },
    {
      "trade_seq": 518,
      "trade_id": "98123376",
      "timestamp": 1604219604555,
      "tick_direction": 2,
      "price": 0.362,
      "mark_price": 0.36219479,
      "iv": 78.9,
      "instrument_name": "BTC-25DEC20-9000-C",
      "index_price": 13759.21,
      "direction": "sell",
      "amount": 0.2
    },
    {
      "trade_seq": 517,
      "trade_id": "98121463",
      "timestamp": 1604218015796,
      "tick_direction": 3,
      "price": 0.3645,
      "mark_price": 0.36492131,
      "iv": 78.8,
      "instrument_name": "BTC-25DEC20-9000-C",
      "index_price": 13821.84,
      "direction": "sell",
      "amount": 0.3
    },
    {
      "trade_seq": 516,
      "trade_id": "98081397",
      "timestamp": 1604188809171,
      "tick_direction": 2,
      "price": 0.3645,
      "mark_price": 0.36434696,
      "iv": 80.52,
      "instrument_name": "BTC-25DEC20-9000-C",
      "index_price": 13790.75,
      "direction": "sell",
      "amount": 0.1
    },
    {
      "trade_seq": 515,
      "trade_id": "98081045",
      "timestamp": 1604188710060,
      "tick_direction": 3,
      "price": 0.365,
      "mark_price": 0.36488927,
      "iv": 80.19,
      "instrument_name": "BTC-25DEC20-9000-C",
      "index_price": 13811.42,
      "direction": "buy",
      "amount": 5.6
    },
    {
      "trade_seq": 514,
      "trade_id": "98081044",
      "timestamp": 1604188709240,
      "tick_direction": 3,
      "price": 0.365,
      "mark_price": 0.36489948,
      "iv": 80.19,
      "instrument_name": "BTC-25DEC20-9000-C",
      "index_price": 13811.42,
      "direction": "buy",
      "amount": 10.0
    },
    {
      "trade_seq": 513,
      "trade_id": "98080688",
      "timestamp": 1604188406980,
      "tick_direction": 2,
      "price": 0.365,
      "mark_price": 0.36487737,
      "iv": 80.37,
      "instrument_name": "BTC-25DEC20-9000-C",
      "index_price": 13803.38,
      "direction": "buy",
      "amount": 0.1
    },
    {
      "trade_seq": 512,
      "trade_id": "98072021",
      "timestamp": 1604184443554,
      "tick_direction": 1,
      "price": 0.3695,
      "mark_price": 0.36964921,
      "iv": 80.51,
      "instrument_name": "BTC-25DEC20-9000-C",
      "index_price": 13898.03,
      "direction": "buy",
      "amount": 0.3
    },
    {
      "trade_seq": 511,
      "trade_id": "98071909",
      "timestamp": 1604184389945,
      "tick_direction": 1,
      "price": 0.3695,
      "mark_price": 0.36957006,
      "iv": 80.75,
      "instrument_name": "BTC-25DEC20-9000-C",
      "index_price": 13894.85,
      "direction": "buy",
      "amount": 0.3
    },
    {
      "trade_seq": 510,
      "trade_id": "98071874",
      "timestamp": 1604184372833,
      "tick_direction": 1,
      "price": 0.3695,
      "mark_price": 0.36967385,
      "iv": 80.49,
      "instrument_name": "BTC-25DEC20-9000-C",
      "index_price": 13898.05,
      "direction": "buy",
      "amount": 0.3
    },
    {
      "trade_seq": 509,
      "trade_id": "98071736",
      "timestamp": 1604184357739,
      "tick_direction": 0,
      "price": 0.3695,
      "mark_price": 0.3697582,
      "iv": 80.26,
      "instrument_name": "BTC-25DEC20-9000-C",
      "index_price": 13900.68,
      "direction": "buy",
      "amount": 0.3
    },
    {
      "trade_seq": 508,
      "trade_id": "98070550",
      "timestamp": 1604183065534,
      "tick_direction": 1,
      "price": 0.368,
      "mark_price": 0.36798949,
      "iv": 80.1,
      "instrument_name": "BTC-25DEC20-9000-C",
      "index_price": 13858.92,
      "direction": "buy",
      "amount": 0.1
    },
    {
      "trade_seq": 507,
      "trade_id": "98070548",
      "timestamp": 1604183061032,
      "tick_direction": 1,
      "price": 0.368,
      "mark_price": 0.36800387,
      "iv": 80.08,
      "instrument_name": "BTC-25DEC20-9000-C",
      "index_price": 13858.86,
      "direction": "buy",
      "amount": 0.2
    },
    {
      "trade_seq": 506,
      "trade_id": "98070547",
      "timestamp": 1604183058808,
      "tick_direction": 1,
      "price": 0.368,
      "mark_price": 0.36800285,
      "iv": 80.08,
      "instrument_name": "BTC-25DEC20-9000-C",
      "index_price": 13858.72,
      "direction": "buy",
      "amount": 0.1
    },
    {
      "trade_seq": 505,
      "trade_id": "98070546",
      "timestamp": 1604183056517,
      "tick_direction": 0,
      "price": 0.368,
      "mark_price": 0.36800962,
      "iv": 80.07,
      "instrument_name": "BTC-25DEC20-9000-C",
      "index_price": 13858.62,
      "direction": "buy",
      "amount": 0.1
    },
    {
      "trade_seq": 504,
      "trade_id": "98053637",
      "timestamp": 1604167750872,
      "tick_direction": 2,
      "price": 0.362,
      "mark_price": 0.36231904,
      "iv": 78.97,
      "instrument_name": "BTC-25DEC20-9000-C",
      "index_price": 13723.7,
      "direction": "sell",
      "amount": 0.1
    },
    {
      "trade_seq": 503,
      "trade_id": "98053195",
      "timestamp": 1604167653080,
      "tick_direction": 2,
      "price": 0.3625,
      "mark_price": 0.36279447,
      "iv": 78.88,
      "instrument_name": "BTC-25DEC20-9000-C",
      "index_price": 13737.32,
      "direction": "sell",
      "amount": 0.1
    },
    {
      "trade_seq": 502,
      "trade_id": "98048435",
      "timestamp": 1604164864128,
      "tick_direction": 3,
      "price": 0.3655,
      "mark_price": 0.3656316,
      "iv": 79.12,
      "instrument_name": "BTC-25DEC20-9000-C",
      "index_price": 13796.48,
      "direction": "sell",
      "amount": 0.1
    },
    {
      "trade_seq": 501,
      "trade_id": "98048433",
      "timestamp": 1604164862325,
      "tick_direction": 3,
      "price": 0.3655,
      "mark_price": 0.36567665,
      "iv": 78.87,
      "instrument_name": "BTC-25DEC20-9000-C",
      "index_price": 13798.36,
      "direction": "sell",
      "amount": 0.2
    },
    {
      "trade_seq": 500,
      "trade_id": "98048422",
      "timestamp": 1604164860837,
      "tick_direction": 3,
      "price": 0.3655,
      "mark_price": 0.36590211,
      "iv": 78.66,
      "instrument_name": "BTC-25DEC20-9000-C",
      "index_price": 13798.83,
      "direction": "sell",
      "amount": 0.9
    },
    {
      "trade_seq": 499,
      "trade_id": "98032503",
      "timestamp": 1604157110844,
      "tick_direction": 3,
      "price": 0.3655,
      "mark_price": 0.36570126,
      "iv": 78.95,
      "instrument_name": "BTC-25DEC20-9000-C",
      "index_price": 13763.99,
      "direction": "sell",
      "amount": 0.1
    },
    {
      "trade_seq": 498,
      "trade_id": "98032502",
      "timestamp": 1604157110726,
      "tick_direction": 2,
      "price": 0.3655,
      "mark_price": 0.36570126,
      "iv": 78.95,
      "instrument_name": "BTC-25DEC20-9000-C",
      "index_price": 13763.99,
      "direction": "sell",
      "amount": 0.1
    },
    {
      "trade_seq": 497,
      "trade_id": "98031546",
      "timestamp": 1604156894245,
      "tick_direction": 2,
      "price": 0.366,
      "mark_price": 0.36659109,
      "iv": 77.97,
      "instrument_name": "BTC-25DEC20-9000-C",
      "index_price": 13784.46,
      "direction": "sell",
      "amount": 2.5
    },
    {
      "trade_seq": 496,
      "trade_id": "98031004",
      "timestamp": 1604156758391,
      "tick_direction": 2,
      "price": 0.3665,
      "mark_price": 0.36671626,
      "iv": 79.03,
      "instrument_name": "BTC-25DEC20-9000-C",
      "index_price": 13791.36,
      "direction": "sell",
      "amount": 0.4
    },
    {
      "trade_seq": 495,
      "trade_id": "97954195",
      "timestamp": 1604138843854,
      "tick_direction": 1,
      "price": 0.377,
      "mark_price": 0.37665708,
      "iv": 80.44,
      "instrument_name": "BTC-25DEC20-9000-C",
      "index_price": 14019.87,
      "direction": "buy",
      "amount": 4.8
    },
    {
      "trade_seq": 494,
      "trade_id": "97953466",
      "timestamp": 1604138834536,
      "tick_direction": 0,
      "price": 0.377,
      "mark_price": 0.37672655,
      "iv": 80.26,
      "instrument_name": "BTC-25DEC20-9000-C",
      "index_price": 14019.39,
      "direction": "buy",
      "amount": 0.2
    },
    {
      "trade_seq": 493,
      "trade_id": "97935618",
      "timestamp": 1604138137168,
      "tick_direction": 0,
      "price": 0.373,
      "mark_price": 0.37205996,
      "iv": 80.13,
      "instrument_name": "BTC-25DEC20-9000-C",
      "index_price": 13928.34,
      "direction": "buy",
      "amount": 5.2
    },
    {
      "trade_seq": 492,
      "trade_id": "97924647",
      "timestamp": 1604135191419,
      "tick_direction": 2,
      "price": 0.3625,
      "mark_price": 0.36423775,
      "iv": 74.1,
      "instrument_name": "BTC-25DEC20-9000-C",
      "index_price": 13767.66,
      "direction": "buy",
      "amount": 0.2
    },
    {
      "trade_seq": 491,
      "trade_id": "97915370",
      "timestamp": 1604133093811,
      "tick_direction": 3,
      "price": 0.366,
      "mark_price": 0.36588372,
      "iv": 80.43,
      "instrument_name": "BTC-25DEC20-9000-C",
      "index_price": 13805.41,
      "direction": "buy",
      "amount": 0.1
    },
    {
      "trade_seq": 490,
      "trade_id": "97915365",
      "timestamp": 1604133093435,
      "tick_direction": 3,
      "price": 0.366,
      "mark_price": 0.36588372,
      "iv": 80.43,
      "instrument_name": "BTC-25DEC20-9000-C",
      "index_price": 13805.41,
      "direction": "buy",
      "amount": 0.3
    },
    {
      "trade_seq": 489,
      "trade_id": "97915364",
      "timestamp": 1604133093294,
      "tick_direction": 3,
      "price": 0.366,
      "mark_price": 0.36588372,
      "iv": 80.43,
      "instrument_name": "BTC-25DEC20-9000-C",
      "index_price": 13805.41,
      "direction": "buy",
      "amount": 0.4
    },
    {
      "trade_seq": 488,
      "trade_id": "97915354",
      "timestamp": 1604133093079,
      "tick_direction": 2,
      "price": 0.366,
      "mark_price": 0.36584972,
      "iv": 80.43,
      "instrument_name": "BTC-25DEC20-9000-C",
      "index_price": 13805.41,
      "direction": "buy",
      "amount": 1.3
    },
    {
      "trade_seq": 487,
      "trade_id": "97914141",
      "timestamp": 1604132950787,
      "tick_direction": 1,
      "price": 0.3665,
      "mark_price": 0.36629841,
      "iv": 80.26,
      "instrument_name": "BTC-25DEC20-9000-C",
      "index_price": 13809.7,
      "direction": "buy",
      "amount": 0.2
    },
    {
      "trade_seq": 486,
      "trade_id": "97914139",
      "timestamp": 1604132950436,
      "tick_direction": 0,
      "price": 0.3665,
      "mark_price": 0.36629841,
      "iv": 80.26,
      "instrument_name": "BTC-25DEC20-9000-C",
      "index_price": 13809.7,
      "direction": "buy",
      "amount": 0.3
    },
    {
      "trade_seq": 485,
      "trade_id": "97913999",
      "timestamp": 1604132944109,
      "tick_direction": 0,
      "price": 0.366,
      "mark_price": 0.36593365,
      "iv": 79.68,
      "instrument_name": "BTC-25DEC20-9000-C",
      "index_price": 13805.1,
      "direction": "buy",
      "amount": 0.1
    },
    {
      "trade_seq": 484,
      "trade_id": "97912629",
      "timestamp": 1604132849987,
      "tick_direction": 1,
      "price": 0.364,
      "mark_price": 0.36359756,
      "iv": 80.6,
      "instrument_name": "BTC-25DEC20-9000-C",
      "index_price": 13756.22,
      "direction": "buy",
      "amount": 0.4
    },
    {
      "trade_seq": 483,
      "trade_id": "97912598",
      "timestamp": 1604132849584,
      "tick_direction": 0,
      "price": 0.364,
      "mark_price": 0.36344807,
      "iv": 80.6,
      "instrument_name": "BTC-25DEC20-9000-C",
      "index_price": 13756.22,
      "direction": "buy",
      "amount": 0.3
    },
    {
      "trade_seq": 482,
      "trade_id": "97854286",
      "timestamp": 1604107077770,
      "tick_direction": 0,
      "price": 0.355,
      "mark_price": 0.35577252,
      "iv": 74.28,
      "instrument_name": "BTC-25DEC20-9000-C",
      "index_price": 13606.4,
      "direction": "buy",
      "amount": 1.0
    },
    {
      "trade_seq": 481,
      "trade_id": "97812506",
      "timestamp": 1604085529100,
      "tick_direction": 0,
      "price": 0.347,
      "mark_price": 0.3499819,
      "iv": 66.36,
      "instrument_name": "BTC-25DEC20-9000-C",
      "index_price": 13514.39,
      "direction": "sell",
      "amount": 4.0
    },
    {
      "trade_seq": 480,
      "trade_id": "97694770",
      "timestamp": 1604039293727,
      "tick_direction": 2,
      "price": 0.334,
      "mark_price": 0.33557462,
      "iv": 67.83,
      "instrument_name": "BTC-25DEC20-9000-C",
      "index_price": 13212.45,
      "direction": "buy",
      "amount": 1.0
    },
    {
      "trade_seq": 479,
      "trade_id": "97694134",
      "timestamp": 1604039106397,
      "tick_direction": 3,
      "price": 0.335,
      "mark_price": 0.33536524,
      "iv": 70.46,
      "instrument_name": "BTC-25DEC20-9000-C",
      "index_price": 13208.87,
      "direction": "buy",
      "amount": 0.2
    },
    {
      "trade_seq": 478,
      "trade_id": "97694123",
      "timestamp": 1604039105433,
      "tick_direction": 3,
      "price": 0.335,
      "mark_price": 0.33535767,
      "iv": 70.61,
      "instrument_name": "BTC-25DEC20-9000-C",
      "index_price": 13208.2,
      "direction": "buy",
      "amount": 0.2
    },
    {
      "trade_seq": 477,
      "trade_id": "97694122",
      "timestamp": 1604039105416,
      "tick_direction": 2,
      "price": 0.335,
      "mark_price": 0.33535767,
      "iv": 70.61,
      "instrument_name": "BTC-25DEC20-9000-C",
      "index_price": 13208.2,
      "direction": "buy",
      "amount": 0.1
    },
    {
      "trade_seq": 476,
      "trade_id": "97611788",
      "timestamp": 1604003491370,
      "tick_direction": 0,
      "price": 0.352,
      "mark_price": 0.34915897,
      "iv": 79.02,
      "instrument_name": "BTC-25DEC20-9000-C",
      "index_price": 13500.73,
      "direction": "buy",
      "amount": 0.4
    },
    {
      "trade_seq": 475,
      "trade_id": "97465883",
      "timestamp": 1603942601708,
      "tick_direction": 0,
      "price": 0.3335,
      "mark_price": 0.33604086,
      "iv": 64.71,
      "instrument_name": "BTC-25DEC20-9000-C",
      "index_price": 13242.24,
      "direction": "buy",
      "amount": 0.5
    },
    {
      "trade_seq": 474,
      "trade_id": "97417208",
      "timestamp": 1603906865859,
      "tick_direction": 0,
      "price": 0.332,
      "mark_price": 0.33536518,
      "iv": 64.26,
      "instrument_name": "BTC-25DEC20-9000-C",
      "index_price": 13197.85,
      "direction": "sell",
      "amount": 0.1
    },
    {
      "trade_seq": 473,
      "trade_id": "97411541",
      "timestamp": 1603904876663,
      "tick_direction": 3,
      "price": 0.33,
      "mark_price": 0.33034436,
      "iv": 70.68,
      "instrument_name": "BTC-25DEC20-9000-C",
      "index_price": 13095.41,
      "direction": "buy",
      "amount": 0.1
    },
    {
      "trade_seq": 472,
      "trade_id": "97411529",
      "timestamp": 1603904871988,
      "tick_direction": 3,
      "price": 0.33,
      "mark_price": 0.3303183,
      "iv": 70.71,
      "instrument_name": "BTC-25DEC20-9000-C",
      "index_price": 13095.76,
      "direction": "buy",
      "amount": 0.1
    },
    {
      "trade_seq": 471,
      "trade_id": "97411507",
      "timestamp": 1603904870999,
      "tick_direction": 3,
      "price": 0.33,
      "mark_price": 0.33029815,
      "iv": 70.75,
      "instrument_name": "BTC-25DEC20-9000-C",
      "index_price": 13095.12,
      "direction": "buy",
      "amount": 0.2
    },
    {
      "trade_seq": 470,
      "trade_id": "97411502",
      "timestamp": 1603904870810,
      "tick_direction": 2,
      "price": 0.33,
      "mark_price": 0.33029815,
      "iv": 70.75,
      "instrument_name": "BTC-25DEC20-9000-C",
      "index_price": 13095.12,
      "direction": "buy",
      "amount": 0.6
    },
    {
      "trade_seq": 469,
      "trade_id": "97117416",
      "timestamp": 1603808879867,
      "tick_direction": 1,
      "price": 0.3515,
      "mark_price": 0.34553382,
      "iv": 82.06,
      "instrument_name": "BTC-25DEC20-9000-C",
      "index_price": 13382.24,
      "direction": "buy",
      "amount": 0.4
    },
    {
      "trade_seq": 468,
      "trade_id": "97117371",
      "timestamp": 1603808859019,
      "tick_direction": 0,
      "price": 0.3515,
      "mark_price": 0.34596901,
      "iv": 81.35,
      "instrument_name": "BTC-25DEC20-9000-C",
      "index_price": 13390.33,
      "direction": "buy",
      "amount": 0.4
    },
    {
      "trade_seq": 467,
      "trade_id": "97114406",
      "timestamp": 1603807338300,
      "tick_direction": 0,
      "price": 0.34,
      "mark_price": 0.3470589,
      "iv": 37.98,
      "instrument_name": "BTC-25DEC20-9000-C",
      "index_price": 13404.47,
      "direction": "sell",
      "amount": 0.4
    },
    {
      "trade_seq": 466,
      "trade_id": "96664302",
      "timestamp": 1603495075095,
      "tick_direction": 0,
      "price": 0.326,
      "mark_price": 0.32722938,
      "iv": 62.98,
      "instrument_name": "BTC-25DEC20-9000-C",
      "index_price": 12970.54,
      "direction": "buy",
      "amount": 0.1
    },
    {
      "trade_seq": 465,
      "trade_id": "96611846",
      "timestamp": 1603463294311,
      "tick_direction": 0,
      "price": 0.324,
      "mark_price": 0.32643987,
      "iv": 61.2,
      "instrument_name": "BTC-25DEC20-9000-C",
      "index_price": 12949.57,
      "direction": "sell",
      "amount": 0.1
    },
    {
      "trade_seq": 464,
      "trade_id": "96611401",
      "timestamp": 1603463081566,
      "tick_direction": 0,
      "price": 0.3235,
      "mark_price": 0.32623791,
      "iv": 60.48,
      "instrument_name": "BTC-25DEC20-9000-C",
      "index_price": 12947.22,
      "direction": "sell",
      "amount": 0.3
    },
    {
      "trade_seq": 463,
      "trade_id": "96196061",
      "timestamp": 1603297446510,
      "tick_direction": 2,
      "price": 0.323,
      "mark_price": 0.32396473,
      "iv": 65.5,
      "instrument_name": "BTC-25DEC20-9000-C",
      "index_price": 12875.67,
      "direction": "buy",
      "amount": 0.1
    },
    {
      "trade_seq": 462,
      "trade_id": "96194387",
      "timestamp": 1603297307569,
      "tick_direction": 0,
      "price": 0.3245,
      "mark_price": 0.32338144,
      "iv": 68.62,
      "instrument_name": "BTC-25DEC20-9000-C",
      "index_price": 12870.78,
      "direction": "buy",
      "amount": 1.3
    },
    {
      "trade_seq": 461,
      "trade_id": "96107041",
      "timestamp": 1603282907886,
      "tick_direction": 1,
      "price": 0.3,
      "mark_price": 0.29480512,
      "iv": 69.97,
      "instrument_name": "BTC-25DEC20-9000-C",
      "index_price": 12321.84,
      "direction": "sell",
      "amount": 4.0
    },
    {
      "trade_seq": 460,
      "trade_id": "96107040",
      "timestamp": 1603282907884,
      "tick_direction": 0,
      "price": 0.3,
      "mark_price": 0.29480512,
      "iv": 69.97,
      "instrument_name": "BTC-25DEC20-9000-C",
      "index_price": 12321.84,
      "direction": "buy",
      "amount": 6.0
    },
    {
      "trade_seq": 459,
      "trade_id": "96103254",
      "timestamp": 1603281801057,
      "tick_direction": 0,
      "price": 0.2995,
      "mark_price": 0.29630578,
      "iv": 67.33,
      "instrument_name": "BTC-25DEC20-9000-C",
      "index_price": 12350.33,
      "direction": "sell",
      "amount": 0.2
    },
    {
      "trade_seq": 458,
      "trade_id": "95992919",
      "timestamp": 1603224234278,
      "tick_direction": 2,
      "price": 0.2715,
      "mark_price": 0.27067321,
      "iv": 60.48,
      "instrument_name": "BTC-25DEC20-9000-C",
      "index_price": 11906.71,
      "direction": "sell",
      "amount": 1.5
    },
    {
      "trade_seq": 457,
      "trade_id": "95973045",
      "timestamp": 1603216117352,
      "tick_direction": 0,
      "price": 0.277,
      "mark_price": 0.27824272,
      "iv": 57.01,
      "instrument_name": "BTC-25DEC20-9000-C",
      "index_price": 12045.46,
      "direction": "buy",
      "amount": 1.5
    },
    {
      "trade_seq": 456,
      "trade_id": "95773191",
      "timestamp": 1603112618506,
      "tick_direction": 0,
      "price": 0.25,
      "mark_price": 0.25040817,
      "iv": 56.19,
      "instrument_name": "BTC-25DEC20-9000-C",
      "index_price": 11571.6,
      "direction": "buy",
      "amount": 1.1
    },
    {
      "trade_seq": 455,
      "trade_id": "95620549",
      "timestamp": 1602858606878,
      "tick_direction": 2,
      "price": 0.2355,
      "mark_price": 0.24163727,
      "iv": 50.99,
      "instrument_name": "BTC-25DEC20-9000-C",
      "index_price": 11391.29,
      "direction": "buy",
      "amount": 0.4
    },
    {
      "trade_seq": 454,
      "trade_id": "95175062",
      "timestamp": 1602535158727,
      "tick_direction": 0,
      "price": 0.26,
      "mark_price": 0.25729905,
      "iv": 62.36,
      "instrument_name": "BTC-25DEC20-9000-C",
      "index_price": 11578.29,
      "direction": "buy",
      "amount": 2.0
    },
    {
      "trade_seq": 453,
      "trade_id": "94873215",
      "timestamp": 1602295617096,
      "tick_direction": 0,
      "price": 0.2535,
      "mark_price": 0.24810727,
      "iv": 67.33,
      "instrument_name": "BTC-25DEC20-9000-C",
      "index_price": 11352.36,
      "direction": "sell",
      "amount": 0.4
    },
    {
      "trade_seq": 452,
      "trade_id": "94795454",
      "timestamp": 1602231041937,
      "tick_direction": 2,
      "price": 0.2205,
      "mark_price": 0.22309494,
      "iv": 60.98,
      "instrument_name": "BTC-25DEC20-9000-C",
      "index_price": 10894.89,
      "direction": "sell",
      "amount": 0.4
    },
    {
      "trade_seq": 451,
      "trade_id": "94722853",
      "timestamp": 1602167872990,
      "tick_direction": 0,
      "price": 0.223,
      "mark_price": 0.22290768,
      "iv": 65.04,
      "instrument_name": "BTC-25DEC20-9000-C",
      "index_price": 10843.47,
      "direction": "buy",
      "amount": 0.1
    },
    {
      "trade_seq": 450,
      "trade_id": "94576551",
      "timestamp": 1602011148068,
      "tick_direction": 2,
      "price": 0.208,
      "mark_price": 0.2074054,
      "iv": 64.18,
      "instrument_name": "BTC-25DEC20-9000-C",
      "index_price": 10567.59,
      "direction": "sell",
      "amount": 1.3
    },
    {
      "trade_seq": 449,
      "trade_id": "94463916",
      "timestamp": 1601927676749,
      "tick_direction": 0,
      "price": 0.216,
      "mark_price": 0.2178334,
      "iv": 63.35,
      "instrument_name": "BTC-25DEC20-9000-C",
      "index_price": 10737.1,
      "direction": "buy",
      "amount": 0.1
    },
    {
      "trade_seq": 448,
      "trade_id": "94463915",
      "timestamp": 1601927643038,
      "tick_direction": 0,
      "price": 0.2155,
      "mark_price": 0.21800249,
      "iv": 62.97,
      "instrument_name": "BTC-25DEC20-9000-C",
      "index_price": 10737.53,
      "direction": "buy",
      "amount": 0.1
    },
    {
      "trade_seq": 447,
      "trade_id": "94387909",
      "timestamp": 1601835032563,
      "tick_direction": 0,
      "price": 0.212,
      "mark_price": 0.21161536,
      "iv": 64.39,
      "instrument_name": "BTC-25DEC20-9000-C",
      "index_price": 10622.0,
      "direction": "buy",
      "amount": 0.2
    },
    {
      "trade_seq": 446,
      "trade_id": "94250516",
      "timestamp": 1601635529492,
      "tick_direction": 2,
      "price": 0.1975,
      "mark_price": 0.19957874,
      "iv": 60.5,
      "instrument_name": "BTC-25DEC20-9000-C",
      "index_price": 10450.71,
      "direction": "buy",
      "amount": 0.4
    },
    {
      "trade_seq": 445,
      "trade_id": "94046222",
      "timestamp": 1601506826204,
      "tick_direction": 1,
      "price": 0.217,
      "mark_price": 0.21893837,
      "iv": 61.11,
      "instrument_name": "BTC-25DEC20-9000-C",
      "index_price": 10748.07,
      "direction": "buy",
      "amount": 5.0
    },
    {
      "trade_seq": 444,
      "trade_id": "93950547",
      "timestamp": 1601398200058,
      "tick_direction": 0,
      "price": 0.217,
      "mark_price": 0.21476888,
      "iv": 63.29,
      "instrument_name": "BTC-25DEC20-9000-C",
      "index_price": 10690.72,
      "direction": "sell",
      "amount": 0.1
    },
    {
      "trade_seq": 443,
      "trade_id": "93950479",
      "timestamp": 1601398079677,
      "tick_direction": 2,
      "price": 0.2155,
      "mark_price": 0.21450842,
      "iv": 62.46,
      "instrument_name": "BTC-25DEC20-9000-C",
      "index_price": 10682.61,
      "direction": "sell",
      "amount": 0.2
    },
    {
      "trade_seq": 442,
      "trade_id": "93933725",
      "timestamp": 1601383591405,
      "tick_direction": 2,
      "price": 0.217,
      "mark_price": 0.21750294,
      "iv": 61.21,
      "instrument_name": "BTC-25DEC20-9000-C",
      "index_price": 10748.47,
      "direction": "sell",
      "amount": 2.0
    },
    {
      "trade_seq": 441,
      "trade_id": "93808805",
      "timestamp": 1601251287503,
      "tick_direction": 0,
      "price": 0.2285,
      "mark_price": 0.22892288,
      "iv": 63.41,
      "instrument_name": "BTC-25DEC20-9000-C",
      "index_price": 10850.31,
      "direction": "buy",
      "amount": 1.0
    },
    {
      "trade_seq": 440,
      "trade_id": "93720847",
      "timestamp": 1601117781350,
      "tick_direction": 0,
      "price": 0.2195,
      "mark_price": 0.22176974,
      "iv": 62.05,
      "instrument_name": "BTC-25DEC20-9000-C",
      "index_price": 10726.9,
      "direction": "buy",
      "amount": 0.2
    },
    {
      "trade_seq": 439,
      "trade_id": "93641749",
      "timestamp": 1601036405512,
      "tick_direction": 0,
      "price": 0.216,
      "mark_price": 0.22053064,
      "iv": 62.45,
      "instrument_name": "BTC-25DEC20-9000-C",
      "index_price": 10635.51,
      "direction": "sell",
      "amount": 0.4
    },
    {
      "trade_seq": 438,
      "trade_id": "93357499",
      "timestamp": 1600845419149,
      "tick_direction": 2,
      "price": 0.2015,
      "mark_price": 0.20324933,
      "iv": 61.79,
      "instrument_name": "BTC-25DEC20-9000-C",
      "index_price": 10411.09,
      "direction": "sell",
      "amount": 0.2
    },
    {
      "trade_seq": 437,
      "trade_id": "93149293",
      "timestamp": 1600687445267,
      "tick_direction": 2,
      "price": 0.2165,
      "mark_price": 0.21938833,
      "iv": 61.15,
      "instrument_name": "BTC-25DEC20-9000-C",
      "index_price": 10619.2,
      "direction": "sell",
      "amount": 1.0
    },
    {
      "trade_seq": 436,
      "trade_id": "93148349",
      "timestamp": 1600687282861,
      "tick_direction": 2,
      "price": 0.222,
      "mark_price": 0.22071559,
      "iv": 63.94,
      "instrument_name": "BTC-25DEC20-9000-C",
      "index_price": 10638.17,
      "direction": "sell",
      "amount": 0.5
    },
    {
      "trade_seq": 435,
      "trade_id": "93051840",
      "timestamp": 1600607549131,
      "tick_direction": 2,
      "price": 0.232,
      "mark_price": 0.2343174,
      "iv": 62.9,
      "instrument_name": "BTC-25DEC20-9000-C",
      "index_price": 10839.24,
      "direction": "sell",
      "amount": 1.0
    },
    {
      "trade_seq": 434,
      "trade_id": "92932983",
      "timestamp": 1600460265735,
      "tick_direction": 2,
      "price": 0.236,
      "mark_price": 0.23984026,
      "iv": 63.36,
      "instrument_name": "BTC-25DEC20-9000-C",
      "index_price": 10867.9,
      "direction": "buy",
      "amount": 0.4
    },
    {
      "trade_seq": 433,
      "trade_id": "92924817",
      "timestamp": 1600451157820,
      "tick_direction": 2,
      "price": 0.238,
      "mark_price": 0.23916625,
      "iv": 65.5,
      "instrument_name": "BTC-25DEC20-9000-C",
      "index_price": 10834.8,
      "direction": "buy",
      "amount": 0.1
    },
    {
      "trade_seq": 432,
      "trade_id": "92657505",
      "timestamp": 1600232419290,
      "tick_direction": 0,
      "price": 0.24,
      "mark_price": 0.24284697,
      "iv": 68.33,
      "instrument_name": "BTC-25DEC20-9000-C",
      "index_price": 10794.78,
      "direction": "buy",
      "amount": 0.5
    },
    {
      "trade_seq": 431,
      "trade_id": "92167871",
      "timestamp": 1599743965079,
      "tick_direction": 1,
      "price": 0.2345,
      "mark_price": 0.23632266,
      "iv": 76.2,
      "instrument_name": "BTC-25DEC20-9000-C",
      "index_price": 10372.3,
      "direction": "buy",
      "amount": 0.5
    },
    {
      "trade_seq": 430,
      "trade_id": "92167816",
      "timestamp": 1599743913426,
      "tick_direction": 0,
      "price": 0.2345,
      "mark_price": 0.23604008,
      "iv": 76.35,
      "instrument_name": "BTC-25DEC20-9000-C",
      "index_price": 10366.26,
      "direction": "buy",
      "amount": 0.1
    },
    {
      "trade_seq": 429,
      "trade_id": "91732138",
      "timestamp": 1599476635326,
      "tick_direction": 2,
      "price": 0.2225,
      "mark_price": 0.22248189,
      "iv": 74.94,
      "instrument_name": "BTC-25DEC20-9000-C",
      "index_price": 10116.18,
      "direction": "buy",
      "amount": 0.1
    },
    {
      "trade_seq": 428,
      "trade_id": "91670099",
      "timestamp": 1599428538994,
      "tick_direction": 0,
      "price": 0.236,
      "mark_price": 0.23496026,
      "iv": 77.31,
      "instrument_name": "BTC-25DEC20-9000-C",
      "index_price": 10344.16,
      "direction": "buy",
      "amount": 0.1
    },
    {
      "trade_seq": 427,
      "trade_id": "91052925",
      "timestamp": 1599207617346,
      "tick_direction": 2,
      "price": 0.1945,
      "mark_price": 0.23595872,
      "iv": 51.83,
      "instrument_name": "BTC-25DEC20-9000-C",
      "index_price": 10402.56,
      "direction": "sell",
      "amount": 1.0
    },
    {
      "trade_seq": 426,
      "trade_id": "90713819",
      "timestamp": 1599136741904,
      "tick_direction": 0,
      "price": 0.248,
      "mark_price": 0.25108018,
      "iv": 69.95,
      "instrument_name": "BTC-25DEC20-9000-C",
      "index_price": 10829.79,
      "direction": "buy",
      "amount": 0.1
    },
    {
      "trade_seq": 425,
      "trade_id": "90713737",
      "timestamp": 1599136731222,
      "tick_direction": 2,
      "price": 0.2475,
      "mark_price": 0.25066666,
      "iv": 69.85,
      "instrument_name": "BTC-25DEC20-9000-C",
      "index_price": 10823.76,
      "direction": "buy",
      "amount": 0.1
    },
    {
      "trade_seq": 424,
      "trade_id": "90268351",
      "timestamp": 1598953356489,
      "tick_direction": 0,
      "price": 0.3085,
      "mark_price": 0.30850545,
      "iv": 69.16,
      "instrument_name": "BTC-25DEC20-9000-C",
      "index_price": 11951.48,
      "direction": "buy",
      "amount": 0.4
    },
    {
      "trade_seq": 423,
      "trade_id": "90012604",
      "timestamp": 1598685345799,
      "tick_direction": 0,
      "price": 0.2915,
      "mark_price": 0.28865474,
      "iv": 71.86,
      "instrument_name": "BTC-25DEC20-9000-C",
      "index_price": 11525.62,
      "direction": "sell",
      "amount": 1.0
    },
    {
      "trade_seq": 422,
      "trade_id": "89973083",
      "timestamp": 1598629413486,
      "tick_direction": 0,
      "price": 0.288,
      "mark_price": 0.28888786,
      "iv": 70.01,
      "instrument_name": "BTC-25DEC20-9000-C",
      "index_price": 11512.54,
      "direction": "buy",
      "amount": 0.5
    },
    {
      "trade_seq": 421,
      "trade_id": "89971078",
      "timestamp": 1598628471534,
      "tick_direction": 0,
      "price": 0.2875,
      "mark_price": 0.28852589,
      "iv": 69.99,
      "instrument_name": "BTC-25DEC20-9000-C",
      "index_price": 11500.12,
      "direction": "buy",
      "amount": 0.1
    },
    {
      "trade_seq": 420,
      "trade_id": "89942685",
      "timestamp": 1598606060218,
      "tick_direction": 0,
      "price": 0.2815,
      "mark_price": 0.28569207,
      "iv": 67.75,
      "instrument_name": "BTC-25DEC20-9000-C",
      "index_price": 11432.58,
      "direction": "sell",
      "amount": 0.4
    },
    {
      "trade_seq": 419,
      "trade_id": "89592804",
      "timestamp": 1598378935549,
      "tick_direction": 2,
      "price": 0.2785,
      "mark_price": 0.27551955,
      "iv": 73.8,
      "instrument_name": "BTC-25DEC20-9000-C",
      "index_price": 11151.91,
      "direction": "sell",
      "amount": 6.8
    },
    {
      "trade_seq": 418,
      "trade_id": "88797457",
      "timestamp": 1597740416307,
      "tick_direction": 0,
      "price": 0.343,
      "mark_price": 0.34680335,
      "iv": 75.66,
      "instrument_name": "BTC-25DEC20-9000-C",
      "index_price": 12264.19,
      "direction": "buy",
      "amount": 0.5
    },
    {
      "trade_seq": 417,
      "trade_id": "88797212",
      "timestamp": 1597739994219,
      "tick_direction": 0,
      "price": 0.34,
      "mark_price": 0.34755455,
      "iv": 73.12,
      "instrument_name": "BTC-25DEC20-9000-C",
      "index_price": 12279.29,
      "direction": "buy",
      "amount": 0.5
    },
    {
      "trade_seq": 416,
      "trade_id": "88443767",
      "timestamp": 1597507716455,
      "tick_direction": 0,
      "price": 0.3315,
      "mark_price": 0.33154307,
      "iv": 78.01,
      "instrument_name": "BTC-25DEC20-9000-C",
      "index_price": 11902.77,
      "direction": "buy",
      "amount": 0.9
    },
    {
      "trade_seq": 415,
      "trade_id": "88183245",
      "timestamp": 1597317832092,
      "tick_direction": 2,
      "price": 0.3,
      "mark_price": 0.301266,
      "iv": 67.0,
      "instrument_name": "BTC-25DEC20-9000-C",
      "index_price": 11608.79,
      "direction": "buy",
      "amount": 0.8
    },
    {
      "trade_seq": 414,
      "trade_id": "87850807",
      "timestamp": 1597151020198,
      "tick_direction": 0,
      "price": 0.305,
      "mark_price": 0.30688758,
      "iv": 67.91,
      "instrument_name": "BTC-25DEC20-9000-C",
      "index_price": 11661.24,
      "direction": "buy",
      "amount": 0.3
    },
    {
      "trade_seq": 413,
      "trade_id": "87460711",
      "timestamp": 1596825435996,
      "tick_direction": 2,
      "price": 0.295,
      "mark_price": 0.29829717,
      "iv": 68.73,
      "instrument_name": "BTC-25DEC20-9000-C",
      "index_price": 11399.9,
      "direction": "buy",
      "amount": 0.5
    },
    {
      "trade_seq": 412,
      "trade_id": "87454344",
      "timestamp": 1596824826673,
      "tick_direction": 2,
      "price": 0.3,
      "mark_price": 0.30018029,
      "iv": 70.53,
      "instrument_name": "BTC-25DEC20-9000-C",
      "index_price": 11439.43,
      "direction": "sell",
      "amount": 0.3
    },
    {
      "trade_seq": 411,
      "trade_id": "87311959",
      "timestamp": 1596738399816,
      "tick_direction": 0,
      "price": 0.3165,
      "mark_price": 0.32107744,
      "iv": 68.08,
      "instrument_name": "BTC-25DEC20-9000-C",
      "index_price": 11852.82,
      "direction": "sell",
      "amount": 3.0
    },
    {
      "trade_seq": 410,
      "trade_id": "86870487",
      "timestamp": 1596450746672,
      "tick_direction": 2,
      "price": 0.27,
      "mark_price": 0.28949357,
      "iv": 58.06,
      "instrument_name": "BTC-25DEC20-9000-C",
      "index_price": 11172.02,
      "direction": "buy",
      "amount": 0.1
    },
    {
      "trade_seq": 409,
      "trade_id": "86341624",
      "timestamp": 1596211260865,
      "tick_direction": 0,
      "price": 0.296,
      "mark_price": 0.29710357,
      "iv": 64.97,
      "instrument_name": "BTC-25DEC20-9000-C",
      "index_price": 11388.08,
      "direction": "buy",
      "amount": 1.0
    },
    {
      "trade_seq": 408,
      "trade_id": "86236172",
      "timestamp": 1596138432151,
      "tick_direction": 2,
      "price": 0.275,
      "mark_price": 0.28374244,
      "iv": 61.07,
      "instrument_name": "BTC-25DEC20-9000-C",
      "index_price": 11119.78,
      "direction": "buy",
      "amount": 0.1
    },
    {
      "trade_seq": 407,
      "trade_id": "85613860",
      "timestamp": 1595869257905,
      "tick_direction": 0,
      "price": 0.283,
      "mark_price": 0.28572486,
      "liquidation": "T",
      "iv": 72.44,
      "instrument_name": "BTC-25DEC20-9000-C",
      "index_price": 10820.49,
      "direction": "buy",
      "amount": 0.6
    },
    {
      "trade_seq": 406,
      "trade_id": "85527511",
      "timestamp": 1595853729254,
      "tick_direction": 0,
      "price": 0.2455,
      "mark_price": 0.24636391,
      "iv": 65.64,
      "instrument_name": "BTC-25DEC20-9000-C",
      "index_price": 10289.3,
      "direction": "sell",
      "amount": 0.1
    },
    {
      "trade_seq": 405,
      "trade_id": "85499032",
      "timestamp": 1595841819695,
      "tick_direction": 2,
      "price": 0.24,
      "mark_price": 0.24263346,
      "iv": 65.09,
      "instrument_name": "BTC-25DEC20-9000-C",
      "index_price": 10186.96,
      "direction": "sell",
      "amount": 0.1
    },
    {
      "trade_seq": 404,
      "trade_id": "85463854",
      "timestamp": 1595829248198,
      "tick_direction": 0,
      "price": 0.25,
      "mark_price": 0.2523398,
      "iv": 66.12,
      "instrument_name": "BTC-25DEC20-9000-C",
      "index_price": 10313.4,
      "direction": "buy",
      "amount": 0.2
    },
    {
      "trade_seq": 403,
      "trade_id": "85371638",
      "timestamp": 1595791883945,
      "tick_direction": 0,
      "price": 0.223,
      "mark_price": 0.21989653,
      "iv": 65.08,
      "instrument_name": "BTC-25DEC20-9000-C",
      "index_price": 9901.92,
      "direction": "buy",
      "amount": 3.0
    },
    {
      "trade_seq": 402,
      "trade_id": "85371615",
      "timestamp": 1595791699170,
      "tick_direction": 1,
      "price": 0.2225,
      "mark_price": 0.22002206,
      "iv": 64.86,
      "instrument_name": "BTC-25DEC20-9000-C",
      "index_price": 9901.5,
      "direction": "buy",
      "amount": 3.0
    },
    {
      "trade_seq": 401,
      "trade_id": "85371613",
      "timestamp": 1595791684857,
      "tick_direction": 0,
      "price": 0.2225,
      "mark_price": 0.2200475,
      "iv": 64.86,
      "instrument_name": "BTC-25DEC20-9000-C",
      "index_price": 9901.11,
      "direction": "buy",
      "amount": 3.0
    },
    {
      "trade_seq": 400,
      "trade_id": "85371608",
      "timestamp": 1595791661980,
      "tick_direction": 2,
      "price": 0.2165,
      "mark_price": 0.22012852,
      "iv": 62.2,
      "instrument_name": "BTC-25DEC20-9000-C",
      "index_price": 9900.98,
      "direction": "sell",
      "amount": 1.5
    },
    {
      "trade_seq": 399,
      "trade_id": "85371607",
      "timestamp": 1595791661980,
      "tick_direction": 2,
      "price": 0.217,
      "mark_price": 0.22012852,
      "iv": 62.42,
      "instrument_name": "BTC-25DEC20-9000-C",
      "index_price": 9900.98,
      "direction": "sell",
      "amount": 1.5
    },
    {
      "trade_seq": 398,
      "trade_id": "85371433",
      "timestamp": 1595791065304,
      "tick_direction": 1,
      "price": 0.2235,
      "mark_price": 0.22033513,
      "iv": 65.29,
      "instrument_name": "BTC-25DEC20-9000-C",
      "index_price": 9902.83,
      "direction": "buy",
      "amount": 3.0
    },
    {
      "trade_seq": 397,
      "trade_id": "85371411",
      "timestamp": 1595791017251,
      "tick_direction": 0,
      "price": 0.2235,
      "mark_price": 0.22049008,
      "iv": 65.28,
      "instrument_name": "BTC-25DEC20-9000-C",
      "index_price": 9903.88,
      "direction": "buy",
      "amount": 3.0
    },
    {
      "trade_seq": 396,
      "trade_id": "85354624",
      "timestamp": 1595777818401,
      "tick_direction": 2,
      "price": 0.2195,
      "mark_price": 0.22138984,
      "iv": 62.9,
      "instrument_name": "BTC-25DEC20-9000-C",
      "index_price": 9933.23,
      "direction": "sell",
      "amount": 0.3
    },
    {
      "trade_seq": 395,
      "trade_id": "85334144",
      "timestamp": 1595766169663,
      "tick_direction": 0,
      "price": 0.225,
      "mark_price": 0.22379874,
      "iv": 64.16,
      "instrument_name": "BTC-25DEC20-9000-C",
      "index_price": 9980.36,
      "direction": "buy",
      "amount": 2.0
    },
    {
      "trade_seq": 394,
      "trade_id": "85332697",
      "timestamp": 1595764491757,
      "tick_direction": 0,
      "price": 0.2235,
      "mark_price": 0.22274609,
      "iv": 63.54,
      "instrument_name": "BTC-25DEC20-9000-C",
      "index_price": 9975.89,
      "direction": "buy",
      "amount": 4.0
    },
    {
      "trade_seq": 393,
      "trade_id": "85240232",
      "timestamp": 1595706844490,
      "tick_direction": 2,
      "price": 0.21,
      "mark_price": 0.21195614,
      "iv": 64.87,
      "instrument_name": "BTC-25DEC20-9000-C",
      "index_price": 9682.44,
      "direction": "sell",
      "amount": 0.5
    },
    {
      "trade_seq": 392,
      "trade_id": "85115650",
      "timestamp": 1595533781648,
      "tick_direction": 0,
      "price": 0.2155,
      "mark_price": 0.21013236,
      "iv": 68.99,
      "instrument_name": "BTC-25DEC20-9000-C",
      "index_price": 9600.97,
      "direction": "buy",
      "amount": 0.1
    },
    {
      "trade_seq": 391,
      "trade_id": "85064595",
      "timestamp": 1595509226178,
      "tick_direction": 2,
      "price": 0.2095,
      "mark_price": 0.20655949,
      "iv": 68.07,
      "instrument_name": "BTC-25DEC20-9000-C",
      "index_price": 9493.64,
      "direction": "buy",
      "amount": 0.1
    },
    {
      "trade_seq": 390,
      "trade_id": "85030715",
      "timestamp": 1595457905299,
      "tick_direction": 0,
      "price": 0.214,
      "mark_price": 0.21358586,
      "iv": 69.14,
      "instrument_name": "BTC-25DEC20-9000-C",
      "index_price": 9544.07,
      "direction": "buy",
      "amount": 0.1
    },
    {
      "trade_seq": 389,
      "trade_id": "85002015",
      "timestamp": 1595424239398,
      "tick_direction": 0,
      "price": 0.2,
      "mark_price": 0.20216958,
      "iv": 67.53,
      "instrument_name": "BTC-25DEC20-9000-C",
      "index_price": 9339.65,
      "direction": "sell",
      "amount": 0.2
    },
    {
      "trade_seq": 388,
      "trade_id": "84922138",
      "timestamp": 1595317392443,
      "tick_direction": 1,
      "price": 0.199,
      "mark_price": 0.19996597,
      "iv": 68.06,
      "instrument_name": "BTC-25DEC20-9000-C",
      "index_price": 9292.05,
      "direction": "sell",
      "amount": 0.1
    },
    {
      "trade_seq": 387,
      "trade_id": "84922085",
      "timestamp": 1595317351500,
      "tick_direction": 1,
      "price": 0.199,
      "mark_price": 0.19943844,
      "iv": 68.04,
      "instrument_name": "BTC-25DEC20-9000-C",
      "index_price": 9294.09,
      "direction": "sell",
      "amount": 0.1
    },
    {
      "trade_seq": 386,
      "trade_id": "84921902",
      "timestamp": 1595317300790,
      "tick_direction": 0,
      "price": 0.199,
      "mark_price": 0.20003601,
      "iv": 67.98,
      "instrument_name": "BTC-25DEC20-9000-C",
      "index_price": 9296.47,
      "direction": "sell",
      "amount": 0.1
    },
    {
      "trade_seq": 385,
      "trade_id": "84904753",
      "timestamp": 1595287650006,
      "tick_direction": 2,
      "price": 0.191,
      "mark_price": 0.19254533,
      "iv": 67.22,
      "instrument_name": "BTC-25DEC20-9000-C",
      "index_price": 9173.63,
      "direction": "sell",
      "amount": 1.0
    },
    {
      "trade_seq": 384,
      "trade_id": "84882079",
      "timestamp": 1595238446160,
      "tick_direction": 0,
      "price": 0.1925,
      "mark_price": 0.19400528,
      "iv": 67.21,
      "instrument_name": "BTC-25DEC20-9000-C",
      "index_price": 9187.38,
      "direction": "sell",
      "amount": 1.0
    },
    {
      "trade_seq": 383,
      "trade_id": "84854718",
      "timestamp": 1595172506585,
      "tick_direction": 3,
      "price": 0.191,
      "mark_price": 0.19322788,
      "iv": 67.73,
      "instrument_name": "BTC-25DEC20-9000-C",
      "index_price": 9137.3,
      "direction": "sell",
      "amount": 5.0
    },
    {
      "trade_seq": 382,
      "trade_id": "84854699",
      "timestamp": 1595172423383,
      "tick_direction": 3,
      "price": 0.191,
      "mark_price": 0.1932543,
      "iv": 67.72,
      "instrument_name": "BTC-25DEC20-9000-C",
      "index_price": 9136.98,
      "direction": "sell",
      "amount": 18.0
    },
    {
      "trade_seq": 381,
      "trade_id": "84854698",
      "timestamp": 1595172423383,
      "tick_direction": 2,
      "price": 0.191,
      "mark_price": 0.1932543,
      "iv": 67.72,
      "instrument_name": "BTC-25DEC20-9000-C",
      "index_price": 9136.98,
      "direction": "sell",
      "amount": 2.0
    },
    {
      "trade_seq": 380,
      "trade_id": "84791182",
      "timestamp": 1594974907333,
      "tick_direction": 2,
      "price": 0.1995,
      "mark_price": 0.19664352,
      "iv": 71.15,
      "instrument_name": "BTC-25DEC20-9000-C",
      "index_price": 9096.32,
      "direction": "buy",
      "amount": 0.1
    },
    {
      "trade_seq": 379,
      "trade_id": "84711381",
      "timestamp": 1594831000188,
      "tick_direction": 2,
      "price": 0.2025,
      "mark_price": 0.20494864,
      "iv": 70.31,
      "instrument_name": "BTC-25DEC20-9000-C",
      "index_price": 9192.85,
      "direction": "sell",
      "amount": 0.7
    },
    {
      "trade_seq": 378,
      "trade_id": "84711380",
      "timestamp": 1594831000188,
      "tick_direction": 2,
      "price": 0.204,
      "mark_price": 0.20494864,
      "iv": 70.91,
      "instrument_name": "BTC-25DEC20-9000-C",
      "index_price": 9192.85,
      "direction": "sell",
      "amount": 0.1
    },
    {
      "trade_seq": 377,
      "trade_id": "84637349",
      "timestamp": 1594681919526,
      "tick_direction": 2,
      "price": 0.2105,
      "mark_price": 0.20503834,
      "iv": 72.85,
      "instrument_name": "BTC-25DEC20-9000-C",
      "index_price": 9222.06,
      "direction": "buy",
      "amount": 0.2
    },
    {
      "trade_seq": 376,
      "trade_id": "84616393",
      "timestamp": 1594651034039,
      "tick_direction": 0,
      "price": 0.2155,
      "mark_price": 0.2124086,
      "iv": 72.79,
      "instrument_name": "BTC-25DEC20-9000-C",
      "index_price": 9323.65,
      "direction": "buy",
      "amount": 0.1
    },
    {
      "trade_seq": 375,
      "trade_id": "84547665",
      "timestamp": 1594536056826,
      "tick_direction": 0,
      "price": 0.212,
      "mark_price": 0.21173324,
      "iv": 72.34,
      "instrument_name": "BTC-25DEC20-9000-C",
      "index_price": 9259.8,
      "direction": "buy",
      "amount": 0.5
    },
    {
      "trade_seq": 374,
      "trade_id": "84547159",
      "timestamp": 1594535087283,
      "tick_direction": 3,
      "price": 0.211,
      "mark_price": 0.21024844,
      "iv": 71.88,
      "instrument_name": "BTC-25DEC20-9000-C",
      "index_price": 9267.12,
      "direction": "sell",
      "amount": 1.0
    },
    {
      "trade_seq": 373,
      "trade_id": "84547157",
      "timestamp": 1594535083553,
      "tick_direction": 2,
      "price": 0.211,
      "mark_price": 0.2101673,
      "iv": 71.88,
      "instrument_name": "BTC-25DEC20-9000-C",
      "index_price": 9267.09,
      "direction": "sell",
      "amount": 1.0
    },
    {
      "trade_seq": 372,
      "trade_id": "84544373",
      "timestamp": 1594529276573,
      "tick_direction": 0,
      "price": 0.2125,
      "mark_price": 0.20984656,
      "iv": 72.35,
      "instrument_name": "BTC-25DEC20-9000-C",
      "index_price": 9272.95,
      "direction": "buy",
      "amount": 0.5
    },
    {
      "trade_seq": 371,
      "trade_id": "84523849",
      "timestamp": 1594478926730,
      "tick_direction": 2,
      "price": 0.2055,
      "mark_price": 0.20529392,
      "iv": 70.39,
      "instrument_name": "BTC-25DEC20-9000-C",
      "index_price": 9232.3,
      "direction": "buy",
      "amount": 1.0
    },
    {
      "trade_seq": 370,
      "trade_id": "84484697",
      "timestamp": 1594389854226,
      "tick_direction": 0,
      "price": 0.2115,
      "mark_price": 0.21039964,
      "iv": 73.53,
      "instrument_name": "BTC-25DEC20-9000-C",
      "index_price": 9163.23,
      "direction": "buy",
      "amount": 0.2
    },
    {
      "trade_seq": 369,
      "trade_id": "84478335",
      "timestamp": 1594381676027,
      "tick_direction": 0,
      "price": 0.2095,
      "mark_price": 0.21052838,
      "iv": 72.63,
      "instrument_name": "BTC-25DEC20-9000-C",
      "index_price": 9167.67,
      "direction": "sell",
      "amount": 1.0
    },
    {
      "trade_seq": 368,
      "trade_id": "84475445",
      "timestamp": 1594378010559,
      "tick_direction": 0,
      "price": 0.209,
      "mark_price": 0.2095733,
      "iv": 72.3,
      "instrument_name": "BTC-25DEC20-9000-C",
      "index_price": 9171.83,
      "direction": "sell",
      "amount": 1.0
    },
    {
      "trade_seq": 367,
      "trade_id": "84442275",
      "timestamp": 1594323514588,
      "tick_direction": 3,
      "price": 0.2085,
      "mark_price": 0.21118423,
      "iv": 71.78,
      "instrument_name": "BTC-25DEC20-9000-C",
      "index_price": 9202.06,
      "direction": "sell",
      "amount": 0.1
    },
    {
      "trade_seq": 366,
      "trade_id": "84442274",
      "timestamp": 1594323513812,
      "tick_direction": 3,
      "price": 0.2085,
      "mark_price": 0.21117688,
      "iv": 71.78,
      "instrument_name": "BTC-25DEC20-9000-C",
      "index_price": 9202.06,
      "direction": "sell",
      "amount": 0.1
    },
    {
      "trade_seq": 365,
      "trade_id": "84442273",
      "timestamp": 1594323512997,
      "tick_direction": 3,
      "price": 0.2085,
      "mark_price": 0.21116937,
      "iv": 71.78,
      "instrument_name": "BTC-25DEC20-9000-C",
      "index_price": 9202.06,
      "direction": "sell",
      "amount": 0.1
    },
    {
      "trade_seq": 364,
      "trade_id": "84442272",
      "timestamp": 1594323512294,
      "tick_direction": 3,
      "price": 0.2085,
      "mark_price": 0.21116937,
      "iv": 71.78,
      "instrument_name": "BTC-25DEC20-9000-C",
      "index_price": 9202.06,
      "direction": "sell",
      "amount": 0.1
    },
    {
      "trade_seq": 363,
      "trade_id": "84442271",
      "timestamp": 1594323511537,
      "tick_direction": 3,
      "price": 0.2085,
      "mark_price": 0.21116172,
      "iv": 71.78,
      "instrument_name": "BTC-25DEC20-9000-C",
      "index_price": 9202.06,
      "direction": "sell",
      "amount": 0.1
    },
    {
      "trade_seq": 362,
      "trade_id": "84442270",
      "timestamp": 1594323510794,
      "tick_direction": 2,
      "price": 0.2085,
      "mark_price": 0.21115519,
      "iv": 71.78,
      "instrument_name": "BTC-25DEC20-9000-C",
      "index_price": 9202.07,
      "direction": "sell",
      "amount": 0.1
    },
    {
      "trade_seq": 361,
      "trade_id": "84441374",
      "timestamp": 1594321677489,
      "tick_direction": 2,
      "price": 0.2145,
      "mark_price": 0.21254385,
      "iv": 73.71,
      "instrument_name": "BTC-25DEC20-9000-C",
      "index_price": 9219.52,
      "direction": "buy",
      "amount": 0.1
    },
    {
      "trade_seq": 360,
      "trade_id": "84387191",
      "timestamp": 1594263847582,
      "tick_direction": 2,
      "price": 0.215,
      "mark_price": 0.2170408,
      "iv": 70.87,
      "instrument_name": "BTC-25DEC20-9000-C",
      "index_price": 9376.19,
      "direction": "buy",
      "amount": 0.2
    },
    {
      "trade_seq": 359,
      "trade_id": "84350252",
      "timestamp": 1594216211789,
      "tick_direction": 0,
      "price": 0.2175,
      "mark_price": 0.21526872,
      "iv": 71.98,
      "instrument_name": "BTC-25DEC20-9000-C",
      "index_price": 9367.78,
      "direction": "buy",
      "amount": 0.5
    },
    {
      "trade_seq": 358,
      "trade_id": "84337929",
      "timestamp": 1594200669778,
      "tick_direction": 0,
      "price": 0.2095,
      "mark_price": 0.20962614,
      "iv": 70.6,
      "instrument_name": "BTC-25DEC20-9000-C",
      "index_price": 9271.18,
      "direction": "sell",
      "amount": 0.5
    },
    {
      "trade_seq": 357,
      "trade_id": "84315066",
      "timestamp": 1594158406166,
      "tick_direction": 2,
      "price": 0.206,
      "mark_price": 0.21104452,
      "iv": 69.47,
      "instrument_name": "BTC-25DEC20-9000-C",
      "index_price": 9250.7,
      "direction": "sell",
      "amount": 5.0
    },
    {
      "trade_seq": 356,
      "trade_id": "84304843",
      "timestamp": 1594135842098,
      "tick_direction": 0,
      "price": 0.215,
      "mark_price": 0.21129848,
      "iv": 72.7,
      "instrument_name": "BTC-25DEC20-9000-C",
      "index_price": 9271.71,
      "direction": "buy",
      "amount": 1.0
    },
    {
      "trade_seq": 355,
      "trade_id": "84281243",
      "timestamp": 1594088223513,
      "tick_direction": 0,
      "price": 0.211,
      "mark_price": 0.21291789,
      "iv": 70.75,
      "instrument_name": "BTC-25DEC20-9000-C",
      "index_price": 9273.88,
      "direction": "sell",
      "amount": 0.1
    },
    {
      "trade_seq": 354,
      "trade_id": "84222034",
      "timestamp": 1594024060861,
      "tick_direction": 1,
      "price": 0.205,
      "mark_price": 0.2081467,
      "iv": 69.71,
      "instrument_name": "BTC-25DEC20-9000-C",
      "index_price": 9199.7,
      "direction": "sell",
      "amount": 0.1
    },
    {
      "trade_seq": 353,
      "trade_id": "84222032",
      "timestamp": 1594024060622,
      "tick_direction": 0,
      "price": 0.205,
      "mark_price": 0.2081467,
      "iv": 69.71,
      "instrument_name": "BTC-25DEC20-9000-C",
      "index_price": 9199.7,
      "direction": "sell",
      "amount": 0.1
    },
    {
      "trade_seq": 352,
      "trade_id": "84188117",
      "timestamp": 1593985088136,
      "tick_direction": 1,
      "price": 0.1995,
      "mark_price": 0.20033602,
      "iv": 70.53,
      "instrument_name": "BTC-25DEC20-9000-C",
      "index_price": 9044.52,
      "direction": "buy",
      "amount": 0.1
    },
    {
      "trade_seq": 351,
      "trade_id": "84173076",
      "timestamp": 1593961060806,
      "tick_direction": 0,
      "price": 0.1995,
      "mark_price": 0.19968034,
      "iv": 70.7,
      "instrument_name": "BTC-25DEC20-9000-C",
      "index_price": 9034.37,
      "direction": "sell",
      "amount": 0.5
    },
    {
      "trade_seq": 350,
      "trade_id": "84165705",
      "timestamp": 1593945414280,
      "tick_direction": 2,
      "price": 0.1975,
      "mark_price": 0.19849382,
      "iv": 69.85,
      "instrument_name": "BTC-25DEC20-9000-C",
      "index_price": 9036.3,
      "direction": "sell",
      "amount": 3.3
    },
    {
      "trade_seq": 349,
      "trade_id": "83987882",
      "timestamp": 1593668850839,
      "tick_direction": 2,
      "price": 0.211,
      "mark_price": 0.2132915,
      "iv": 70.47,
      "instrument_name": "BTC-25DEC20-9000-C",
      "index_price": 9248.12,
      "direction": "sell",
      "amount": 0.3
    },
    {
      "trade_seq": 348,
      "trade_id": "83973188",
      "timestamp": 1593637695678,
      "tick_direction": 0,
      "price": 0.2155,
      "mark_price": 0.21565522,
      "iv": 72.2,
      "instrument_name": "BTC-25DEC20-9000-C",
      "index_price": 9236.86,
      "direction": "sell",
      "amount": 6.0
    },
    {
      "trade_seq": 347,
      "trade_id": "83968806",
      "timestamp": 1593629859716,
      "tick_direction": 2,
      "price": 0.2115,
      "mark_price": 0.2135141,
      "iv": 70.35,
      "instrument_name": "BTC-25DEC20-9000-C",
      "index_price": 9259.81,
      "direction": "sell",
      "amount": 1.6
    },
    {
      "trade_seq": 346,
      "trade_id": "83926884",
      "timestamp": 1593586650307,
      "tick_direction": 2,
      "price": 0.212,
      "mark_price": 0.21008902,
      "iv": 72.49,
      "instrument_name": "BTC-25DEC20-9000-C",
      "index_price": 9139.97,
      "direction": "buy",
      "amount": 1.6
    },
    {
      "trade_seq": 345,
      "trade_id": "83907401",
      "timestamp": 1593549760505,
      "tick_direction": 0,
      "price": 0.214,
      "mark_price": 0.21054685,
      "iv": 73.42,
      "instrument_name": "BTC-25DEC20-9000-C",
      "index_price": 9143.69,
      "direction": "buy",
      "amount": 0.1
    },
    {
      "trade_seq": 344,
      "trade_id": "83839833",
      "timestamp": 1593445943475,
      "tick_direction": 2,
      "price": 0.2075,
      "mark_price": 0.20958606,
      "iv": 71.41,
      "instrument_name": "BTC-25DEC20-9000-C",
      "index_price": 9107.44,
      "direction": "buy",
      "amount": 1.0
    },
    {
      "trade_seq": 343,
      "trade_id": "83765141",
      "timestamp": 1593353633843,
      "tick_direction": 0,
      "price": 0.21,
      "mark_price": 0.20948441,
      "iv": 72.59,
      "instrument_name": "BTC-25DEC20-9000-C",
      "index_price": 9085.46,
      "direction": "buy",
      "amount": 10.0
    },
    {
      "trade_seq": 342,
      "trade_id": "83728214",
      "timestamp": 1593298807023,
      "tick_direction": 3,
      "price": 0.1985,
      "mark_price": 0.20121751,
      "iv": 70.49,
      "instrument_name": "BTC-25DEC20-9000-C",
      "index_price": 8965.47,
      "direction": "sell",
      "amount": 5.0
    },
    {
      "trade_seq": 341,
      "trade_id": "83728213",
      "timestamp": 1593298804697,
      "tick_direction": 2,
      "price": 0.1985,
      "mark_price": 0.20122638,
      "iv": 70.49,
      "instrument_name": "BTC-25DEC20-9000-C",
      "index_price": 8965.13,
      "direction": "sell",
      "amount": 6.0
    },
    {
      "trade_seq": 340,
      "trade_id": "83660697",
      "timestamp": 1593259271844,
      "tick_direction": 0,
      "price": 0.2155,
      "mark_price": 0.21570153,
      "iv": 73.27,
      "instrument_name": "BTC-25DEC20-9000-C",
      "index_price": 9153.19,
      "direction": "sell",
      "amount": 0.1
    },
    {
      "trade_seq": 339,
      "trade_id": "83653178",
      "timestamp": 1593256946700,
      "tick_direction": 1,
      "price": 0.2145,
      "mark_price": 0.21459543,
      "iv": 73.23,
      "instrument_name": "BTC-25DEC20-9000-C",
      "index_price": 9131.14,
      "direction": "sell",
      "amount": 0.1
    },
    {
      "trade_seq": 338,
      "trade_id": "83653146",
      "timestamp": 1593256735330,
      "tick_direction": 1,
      "price": 0.2145,
      "mark_price": 0.21457629,
      "iv": 73.23,
      "instrument_name": "BTC-25DEC20-9000-C",
      "index_price": 9129.45,
      "direction": "sell",
      "amount": 0.1
    },
    {
      "trade_seq": 337,
      "trade_id": "83653102",
      "timestamp": 1593256523928,
      "tick_direction": 1,
      "price": 0.2145,
      "mark_price": 0.21456641,
      "iv": 73.25,
      "instrument_name": "BTC-25DEC20-9000-C",
      "index_price": 9129.44,
      "direction": "sell",
      "amount": 0.1
    },
    {
      "trade_seq": 336,
      "trade_id": "83653077",
      "timestamp": 1593256267242,
      "tick_direction": 1,
      "price": 0.2145,
      "mark_price": 0.21470591,
      "iv": 73.2,
      "instrument_name": "BTC-25DEC20-9000-C",
      "index_price": 9129.6,
      "direction": "sell",
      "amount": 0.1
    },
    {
      "trade_seq": 335,
      "trade_id": "83653056",
      "timestamp": 1593256173133,
      "tick_direction": 1,
      "price": 0.2145,
      "mark_price": 0.21485082,
      "iv": 73.18,
      "instrument_name": "BTC-25DEC20-9000-C",
      "index_price": 9133.36,
      "direction": "sell",
      "amount": 0.1
    },
    {
      "trade_seq": 334,
      "trade_id": "83653050",
      "timestamp": 1593256132329,
      "tick_direction": 1,
      "price": 0.2145,
      "mark_price": 0.21491452,
      "iv": 73.17,
      "instrument_name": "BTC-25DEC20-9000-C",
      "index_price": 9133.08,
      "direction": "sell",
      "amount": 0.1
    },
    {
      "trade_seq": 333,
      "trade_id": "83652960",
      "timestamp": 1593255889748,
      "tick_direction": 0,
      "price": 0.2145,
      "mark_price": 0.21456627,
      "iv": 73.24,
      "instrument_name": "BTC-25DEC20-9000-C",
      "index_price": 9129.15,
      "direction": "sell",
      "amount": 0.1
    },
    {
      "trade_seq": 332,
      "trade_id": "83652865",
      "timestamp": 1593255682924,
      "tick_direction": 2,
      "price": 0.214,
      "mark_price": 0.21420545,
      "iv": 73.02,
      "instrument_name": "BTC-25DEC20-9000-C",
      "index_price": 9129.34,
      "direction": "sell",
      "amount": 0.1
    },
    {
      "trade_seq": 331,
      "trade_id": "83652738",
      "timestamp": 1593255605914,
      "tick_direction": 2,
      "price": 0.2145,
      "mark_price": 0.21488302,
      "iv": 73.14,
      "instrument_name": "BTC-25DEC20-9000-C",
      "index_price": 9133.47,
      "direction": "sell",
      "amount": 0.1
    },
    {
      "trade_seq": 330,
      "trade_id": "83652585",
      "timestamp": 1593255297930,
      "tick_direction": 1,
      "price": 0.215,
      "mark_price": 0.21499469,
      "iv": 73.24,
      "instrument_name": "BTC-25DEC20-9000-C",
      "index_price": 9137.06,
      "direction": "sell",
      "amount": 0.1
    },
    {
      "trade_seq": 329,
      "trade_id": "83652388",
      "timestamp": 1593255145306,
      "tick_direction": 1,
      "price": 0.215,
      "mark_price": 0.21533061,
      "iv": 73.03,
      "instrument_name": "BTC-25DEC20-9000-C",
      "index_price": 9144.54,
      "direction": "sell",
      "amount": 0.1
    },
    {
      "trade_seq": 328,
      "trade_id": "83652365",
      "timestamp": 1593254959790,
      "tick_direction": 1,
      "price": 0.215,
      "mark_price": 0.21513779,
      "iv": 73.0,
      "instrument_name": "BTC-25DEC20-9000-C",
      "index_price": 9147.16,
      "direction": "sell",
      "amount": 0.1
    },
    {
      "trade_seq": 327,
      "trade_id": "83652307",
      "timestamp": 1593254809449,
      "tick_direction": 1,
      "price": 0.215,
      "mark_price": 0.21519438,
      "iv": 72.97,
      "instrument_name": "BTC-25DEC20-9000-C",
      "index_price": 9150.68,
      "direction": "sell",
      "amount": 0.1
    },
    {
      "trade_seq": 326,
      "trade_id": "83652255",
      "timestamp": 1593254782668,
      "tick_direction": 0,
      "price": 0.215,
      "mark_price": 0.21538696,
      "iv": 72.96,
      "instrument_name": "BTC-25DEC20-9000-C",
      "index_price": 9151.1,
      "direction": "sell",
      "amount": 0.1
    },
    {
      "trade_seq": 325,
      "trade_id": "83651791",
      "timestamp": 1593254156529,
      "tick_direction": 3,
      "price": 0.2145,
      "mark_price": 0.21458079,
      "iv": 72.95,
      "instrument_name": "BTC-25DEC20-9000-C",
      "index_price": 9141.56,
      "direction": "sell",
      "amount": 0.1
    },
    {
      "trade_seq": 324,
      "trade_id": "83651787",
      "timestamp": 1593253987355,
      "tick_direction": 3,
      "price": 0.2145,
      "mark_price": 0.2145599,
      "iv": 72.96,
      "instrument_name": "BTC-25DEC20-9000-C",
      "index_price": 9141.93,
      "direction": "sell",
      "amount": 0.1
    },
    {
      "trade_seq": 323,
      "trade_id": "83651758",
      "timestamp": 1593253818262,
      "tick_direction": 3,
      "price": 0.2145,
      "mark_price": 0.21454428,
      "iv": 72.97,
      "instrument_name": "BTC-25DEC20-9000-C",
      "index_price": 9145.24,
      "direction": "sell",
      "amount": 0.1
    },
    {
      "trade_seq": 322,
      "trade_id": "83651744",
      "timestamp": 1593253649371,
      "tick_direction": 3,
      "price": 0.2145,
      "mark_price": 0.21466906,
      "iv": 72.95,
      "instrument_name": "BTC-25DEC20-9000-C",
      "index_price": 9145.24,
      "direction": "sell",
      "amount": 0.1
    },
    {
      "trade_seq": 321,
      "trade_id": "83651726",
      "timestamp": 1593253591797,
      "tick_direction": 2,
      "price": 0.2145,
      "mark_price": 0.21514824,
      "iv": 72.95,
      "instrument_name": "BTC-25DEC20-9000-C",
      "index_price": 9145.13,
      "direction": "sell",
      "amount": 0.1
    },
    {
      "trade_seq": 320,
      "trade_id": "83651676",
      "timestamp": 1593253497573,
      "tick_direction": 3,
      "price": 0.215,
      "mark_price": 0.21535207,
      "iv": 73.13,
      "instrument_name": "BTC-25DEC20-9000-C",
      "index_price": 9142.23,
      "direction": "sell",
      "amount": 0.1
    },
    {
      "trade_seq": 319,
      "trade_id": "83651651",
      "timestamp": 1593253427659,
      "tick_direction": 3,
      "price": 0.215,
      "mark_price": 0.21544079,
      "iv": 73.17,
      "instrument_name": "BTC-25DEC20-9000-C",
      "index_price": 9138.92,
      "direction": "sell",
      "amount": 0.1
    },
    {
      "trade_seq": 318,
      "trade_id": "83651512",
      "timestamp": 1593253184044,
      "tick_direction": 3,
      "price": 0.215,
      "mark_price": 0.21505972,
      "iv": 73.24,
      "instrument_name": "BTC-25DEC20-9000-C",
      "index_price": 9133.63,
      "direction": "sell",
      "amount": 0.1
    },
    {
      "trade_seq": 317,
      "trade_id": "83651440",
      "timestamp": 1593252972339,
      "tick_direction": 3,
      "price": 0.215,
      "mark_price": 0.21523783,
      "iv": 73.24,
      "instrument_name": "BTC-25DEC20-9000-C",
      "index_price": 9134.19,
      "direction": "sell",
      "amount": 0.1
    },
    {
      "trade_seq": 316,
      "trade_id": "83651400",
      "timestamp": 1593252845445,
      "tick_direction": 3,
      "price": 0.215,
      "mark_price": 0.21521243,
      "iv": 73.22,
      "instrument_name": "BTC-25DEC20-9000-C",
      "index_price": 9136.49,
      "direction": "sell",
      "amount": 0.1
    },
    {
      "trade_seq": 315,
      "trade_id": "83651383",
      "timestamp": 1593252781073,
      "tick_direction": 3,
      "price": 0.215,
      "mark_price": 0.21560982,
      "iv": 73.2,
      "instrument_name": "BTC-25DEC20-9000-C",
      "index_price": 9138.31,
      "direction": "sell",
      "amount": 0.1
    },
    {
      "trade_seq": 314,
      "trade_id": "83651376",
      "timestamp": 1593252629891,
      "tick_direction": 3,
      "price": 0.215,
      "mark_price": 0.21537846,
      "iv": 73.21,
      "instrument_name": "BTC-25DEC20-9000-C",
      "index_price": 9139.91,
      "direction": "sell",
      "amount": 0.1
    },
    {
      "trade_seq": 313,
      "trade_id": "83651332",
      "timestamp": 1593252507020,
      "tick_direction": 3,
      "price": 0.215,
      "mark_price": 0.21521867,
      "iv": 73.21,
      "instrument_name": "BTC-25DEC20-9000-C",
      "index_price": 9137.44,
      "direction": "sell",
      "amount": 0.1
    },
    {
      "trade_seq": 312,
      "trade_id": "83651298",
      "timestamp": 1593252380129,
      "tick_direction": 2,
      "price": 0.215,
      "mark_price": 0.21513875,
      "iv": 73.19,
      "instrument_name": "BTC-25DEC20-9000-C",
      "index_price": 9138.67,
      "direction": "sell",
      "amount": 0.1
    },
    {
      "trade_seq": 311,
      "trade_id": "83651270",
      "timestamp": 1593252295531,
      "tick_direction": 2,
      "price": 0.2155,
      "mark_price": 0.2158641,
      "iv": 73.35,
      "instrument_name": "BTC-25DEC20-9000-C",
      "index_price": 9139.56,
      "direction": "sell",
      "amount": 0.1
    },
    {
      "trade_seq": 310,
      "trade_id": "83651260",
      "timestamp": 1593252262206,
      "tick_direction": 0,
      "price": 0.2175,
      "mark_price": 0.21789753,
      "iv": 74.1,
      "instrument_name": "BTC-25DEC20-9000-C",
      "index_price": 9141.1,
      "direction": "sell",
      "amount": 0.1
    },
    {
      "trade_seq": 309,
      "trade_id": "83651037",
      "timestamp": 1593252044574,
      "tick_direction": 2,
      "price": 0.2145,
      "mark_price": 0.21460989,
      "iv": 73.1,
      "instrument_name": "BTC-25DEC20-9000-C",
      "index_price": 9133.51,
      "direction": "sell",
      "amount": 0.1
    },
    {
      "trade_seq": 308,
      "trade_id": "83650722",
      "timestamp": 1593251787100,
      "tick_direction": 3,
      "price": 0.215,
      "mark_price": 0.21503308,
      "iv": 73.16,
      "instrument_name": "BTC-25DEC20-9000-C",
      "index_price": 9141.34,
      "direction": "sell",
      "amount": 0.1
    },
    {
      "trade_seq": 307,
      "trade_id": "83650687",
      "timestamp": 1593251536139,
      "tick_direction": 3,
      "price": 0.215,
      "mark_price": 0.21514686,
      "iv": 73.12,
      "instrument_name": "BTC-25DEC20-9000-C",
      "index_price": 9145.55,
      "direction": "sell",
      "amount": 0.1
    },
    {
      "trade_seq": 306,
      "trade_id": "83650526",
      "timestamp": 1593251245649,
      "tick_direction": 2,
      "price": 0.215,
      "mark_price": 0.21553744,
      "iv": 73.09,
      "instrument_name": "BTC-25DEC20-9000-C",
      "index_price": 9143.84,
      "direction": "sell",
      "amount": 0.1
    },
    {
      "trade_seq": 305,
      "trade_id": "83650395",
      "timestamp": 1593250992773,
      "tick_direction": 1,
      "price": 0.2155,
      "mark_price": 0.2158238,
      "iv": 73.15,
      "instrument_name": "BTC-25DEC20-9000-C",
      "index_price": 9151.08,
      "direction": "sell",
      "amount": 0.1
    },
    {
      "trade_seq": 304,
      "trade_id": "83650165",
      "timestamp": 1593250476375,
      "tick_direction": 1,
      "price": 0.2155,
      "mark_price": 0.21560733,
      "iv": 73.18,
      "instrument_name": "BTC-25DEC20-9000-C",
      "index_price": 9151.25,
      "direction": "sell",
      "amount": 0.1
    },
    {
      "trade_seq": 303,
      "trade_id": "83650158",
      "timestamp": 1593250349522,
      "tick_direction": 1,
      "price": 0.2155,
      "mark_price": 0.21560877,
      "iv": 73.19,
      "instrument_name": "BTC-25DEC20-9000-C",
      "index_price": 9150.45,
      "direction": "sell",
      "amount": 0.1
    },
    {
      "trade_seq": 302,
      "trade_id": "83650148",
      "timestamp": 1593250222752,
      "tick_direction": 1,
      "price": 0.2155,
      "mark_price": 0.21560664,
      "iv": 73.2,
      "instrument_name": "BTC-25DEC20-9000-C",
      "index_price": 9149.98,
      "direction": "sell",
      "amount": 0.1
    },
    {
      "trade_seq": 301,
      "trade_id": "83650123",
      "timestamp": 1593250095883,
      "tick_direction": 1,
      "price": 0.2155,
      "mark_price": 0.21560856,
      "iv": 73.2,
      "instrument_name": "BTC-25DEC20-9000-C",
      "index_price": 9149.09,
      "direction": "sell",
      "amount": 0.1
    },
    {
      "trade_seq": 300,
      "trade_id": "83650080",
      "timestamp": 1593249926796,
      "tick_direction": 0,
      "price": 0.2155,
      "mark_price": 0.21559043,
      "iv": 73.28,
      "instrument_name": "BTC-25DEC20-9000-C",
      "index_price": 9146.46,
      "direction": "sell",
      "amount": 0.1
    },
    {
      "trade_seq": 299,
      "trade_id": "83650053",
      "timestamp": 1593249725269,
      "tick_direction": 3,
      "price": 0.215,
      "mark_price": 0.21528058,
      "iv": 73.09,
      "instrument_name": "BTC-25DEC20-9000-C",
      "index_price": 9145.82,
      "direction": "sell",
      "amount": 0.1
    },
    {
      "trade_seq": 298,
      "trade_id": "83649982",
      "timestamp": 1593249630798,
      "tick_direction": 3,
      "price": 0.215,
      "mark_price": 0.21536123,
      "iv": 73.17,
      "instrument_name": "BTC-25DEC20-9000-C",
      "index_price": 9139.7,
      "direction": "sell",
      "amount": 0.1
    },
    {
      "trade_seq": 297,
      "trade_id": "83649920",
      "timestamp": 1593249461683,
      "tick_direction": 2,
      "price": 0.215,
      "mark_price": 0.21523194,
      "iv": 73.11,
      "instrument_name": "BTC-25DEC20-9000-C",
      "index_price": 9142.81,
      "direction": "sell",
      "amount": 0.1
    },
    {
      "trade_seq": 296,
      "trade_id": "83649798",
      "timestamp": 1593249334860,
      "tick_direction": 1,
      "price": 0.2155,
      "mark_price": 0.21558761,
      "iv": 73.18,
      "instrument_name": "BTC-25DEC20-9000-C",
      "index_price": 9150.15,
      "direction": "sell",
      "amount": 0.1
    },
    {
      "trade_seq": 295,
      "trade_id": "83649792",
      "timestamp": 1593249208000,
      "tick_direction": 1,
      "price": 0.2155,
      "mark_price": 0.21564053,
      "iv": 73.17,
      "instrument_name": "BTC-25DEC20-9000-C",
      "index_price": 9150.62,
      "direction": "sell",
      "amount": 0.1
    },
    {
      "trade_seq": 294,
      "trade_id": "83649764",
      "timestamp": 1593249081192,
      "tick_direction": 0,
      "price": 0.2155,
      "mark_price": 0.21575975,
      "iv": 73.19,
      "instrument_name": "BTC-25DEC20-9000-C",
      "index_price": 9150.04,
      "direction": "sell",
      "amount": 0.1
    },
    {
      "trade_seq": 293,
      "trade_id": "83649695",
      "timestamp": 1593248912119,
      "tick_direction": 3,
      "price": 0.215,
      "mark_price": 0.21528955,
      "iv": 73.08,
      "instrument_name": "BTC-25DEC20-9000-C",
      "index_price": 9146.86,
      "direction": "sell",
      "amount": 0.1
    },
    {
      "trade_seq": 292,
      "trade_id": "83649664",
      "timestamp": 1593248786829,
      "tick_direction": 2,
      "price": 0.215,
      "mark_price": 0.21531635,
      "iv": 73.08,
      "instrument_name": "BTC-25DEC20-9000-C",
      "index_price": 9146.16,
      "direction": "sell",
      "amount": 0.1
    },
    {
      "trade_seq": 291,
      "trade_id": "83649402",
      "timestamp": 1593248658036,
      "tick_direction": 2,
      "price": 0.2155,
      "mark_price": 0.21560444,
      "iv": 73.08,
      "instrument_name": "BTC-25DEC20-9000-C",
      "index_price": 9152.01,
      "direction": "sell",
      "amount": 0.1
    },
    {
      "trade_seq": 290,
      "trade_id": "83649320",
      "timestamp": 1593248573461,
      "tick_direction": 1,
      "price": 0.216,
      "mark_price": 0.21628418,
      "iv": 73.21,
      "instrument_name": "BTC-25DEC20-9000-C",
      "index_price": 9157.26,
      "direction": "sell",
      "amount": 0.1
    },
    {
      "trade_seq": 289,
      "trade_id": "83649167",
      "timestamp": 1593248446600,
      "tick_direction": 0,
      "price": 0.216,
      "mark_price": 0.21641821,
      "iv": 73.2,
      "instrument_name": "BTC-25DEC20-9000-C",
      "index_price": 9158.25,
      "direction": "sell",
      "amount": 0.1
    },
    {
      "trade_seq": 288,
      "trade_id": "83649137",
      "timestamp": 1593248390093,
      "tick_direction": 3,
      "price": 0.2155,
      "mark_price": 0.21634343,
      "iv": 73.11,
      "instrument_name": "BTC-25DEC20-9000-C",
      "index_price": 9153.13,
      "direction": "sell",
      "amount": 0.1
    },
    {
      "trade_seq": 287,
      "trade_id": "83649121",
      "timestamp": 1593248277442,
      "tick_direction": 3,
      "price": 0.2155,
      "mark_price": 0.21601283,
      "iv": 73.14,
      "instrument_name": "BTC-25DEC20-9000-C",
      "index_price": 9152.58,
      "direction": "sell",
      "amount": 0.1
    },
    {
      "trade_seq": 286,
      "trade_id": "83649097",
      "timestamp": 1593248150585,
      "tick_direction": 2,
      "price": 0.2155,
      "mark_price": 0.21565294,
      "iv": 73.15,
      "instrument_name": "BTC-25DEC20-9000-C",
      "index_price": 9152.33,
      "direction": "sell",
      "amount": 0.1
    },
    {
      "trade_seq": 285,
      "trade_id": "83649009",
      "timestamp": 1593248067029,
      "tick_direction": 2,
      "price": 0.216,
      "mark_price": 0.21632055,
      "iv": 73.34,
      "instrument_name": "BTC-25DEC20-9000-C",
      "index_price": 9150.57,
      "direction": "sell",
      "amount": 0.1
    },
    {
      "trade_seq": 284,
      "trade_id": "83648966",
      "timestamp": 1593248038243,
      "tick_direction": 1,
      "price": 0.218,
      "mark_price": 0.21837067,
      "iv": 74.09,
      "instrument_name": "BTC-25DEC20-9000-C",
      "index_price": 9149.92,
      "direction": "sell",
      "amount": 0.1
    },
    {
      "trade_seq": 283,
      "trade_id": "83648885",
      "timestamp": 1593247950849,
      "tick_direction": 0,
      "price": 0.218,
      "mark_price": 0.21795964,
      "iv": 74.06,
      "instrument_name": "BTC-25DEC20-9000-C",
      "index_price": 9151.89,
      "direction": "sell",
      "amount": 0.1
    },
    {
      "trade_seq": 282,
      "trade_id": "83648468",
      "timestamp": 1593247685454,
      "tick_direction": 1,
      "price": 0.2175,
      "mark_price": 0.21777095,
      "iv": 73.59,
      "instrument_name": "BTC-25DEC20-9000-C",
      "index_price": 9167.29,
      "direction": "sell",
      "amount": 0.1
    },
    {
      "trade_seq": 281,
      "trade_id": "83648454",
      "timestamp": 1593247516330,
      "tick_direction": 1,
      "price": 0.2175,
      "mark_price": 0.21771249,
      "iv": 73.59,
      "instrument_name": "BTC-25DEC20-9000-C",
      "index_price": 9166.98,
      "direction": "sell",
      "amount": 0.1
    },
    {
      "trade_seq": 280,
      "trade_id": "83648448",
      "timestamp": 1593247347193,
      "tick_direction": 1,
      "price": 0.2175,
      "mark_price": 0.21779927,
      "iv": 73.54,
      "instrument_name": "BTC-25DEC20-9000-C",
      "index_price": 9167.54,
      "direction": "sell",
      "amount": 0.1
    },
    {
      "trade_seq": 279,
      "trade_id": "83648340",
      "timestamp": 1593247178056,
      "tick_direction": 0,
      "price": 0.2175,
      "mark_price": 0.21775395,
      "iv": 73.54,
      "instrument_name": "BTC-25DEC20-9000-C",
      "index_price": 9168.13,
      "direction": "sell",
      "amount": 0.1
    },
    {
      "trade_seq": 278,
      "trade_id": "83647747",
      "timestamp": 1593245693110,
      "tick_direction": 0,
      "price": 0.2165,
      "mark_price": 0.21663287,
      "iv": 73.11,
      "instrument_name": "BTC-25DEC20-9000-C",
      "index_price": 9169.96,
      "direction": "sell",
      "amount": 0.1
    },
    {
      "trade_seq": 277,
      "trade_id": "83647383",
      "timestamp": 1593244644965,
      "tick_direction": 3,
      "price": 0.2155,
      "mark_price": 0.21584899,
      "iv": 72.91,
      "instrument_name": "BTC-25DEC20-9000-C",
      "index_price": 9166.31,
      "direction": "sell",
      "amount": 0.1
    },
    {
      "trade_seq": 276,
      "trade_id": "83647244",
      "timestamp": 1593244173946,
      "tick_direction": 3,
      "price": 0.2155,
      "mark_price": 0.21557197,
      "iv": 72.98,
      "instrument_name": "BTC-25DEC20-9000-C",
      "index_price": 9162.31,
      "direction": "sell",
      "amount": 0.1
    },
    {
      "trade_seq": 275,
      "trade_id": "83647195",
      "timestamp": 1593243493970,
      "tick_direction": 2,
      "price": 0.2155,
      "mark_price": 0.21578369,
      "iv": 73.02,
      "instrument_name": "BTC-25DEC20-9000-C",
      "index_price": 9160.1,
      "direction": "sell",
      "amount": 0.1
    },
    {
      "trade_seq": 274,
      "trade_id": "83647103",
      "timestamp": 1593242982284,
      "tick_direction": 3,
      "price": 0.216,
      "mark_price": 0.21611706,
      "iv": 73.16,
      "instrument_name": "BTC-25DEC20-9000-C",
      "index_price": 9158.17,
      "direction": "sell",
      "amount": 0.1
    },
    {
      "trade_seq": 273,
      "trade_id": "83646947",
      "timestamp": 1593242727163,
      "tick_direction": 3,
      "price": 0.216,
      "mark_price": 0.21608293,
      "iv": 73.15,
      "instrument_name": "BTC-25DEC20-9000-C",
      "index_price": 9159.7,
      "direction": "sell",
      "amount": 0.1
    },
    {
      "trade_seq": 272,
      "trade_id": "83646688",
      "timestamp": 1593242498371,
      "tick_direction": 3,
      "price": 0.216,
      "mark_price": 0.21641947,
      "iv": 73.01,
      "instrument_name": "BTC-25DEC20-9000-C",
      "index_price": 9170.42,
      "direction": "sell",
      "amount": 0.1
    },
    {
      "trade_seq": 271,
      "trade_id": "83646448",
      "timestamp": 1593241333764,
      "tick_direction": 2,
      "price": 0.216,
      "mark_price": 0.21644787,
      "iv": 72.97,
      "instrument_name": "BTC-25DEC20-9000-C",
      "index_price": 9173.75,
      "direction": "sell",
      "amount": 0.1
    },
    {
      "trade_seq": 270,
      "trade_id": "83646222",
      "timestamp": 1593240673124,
      "tick_direction": 0,
      "price": 0.2165,
      "mark_price": 0.21658832,
      "iv": 73.16,
      "instrument_name": "BTC-25DEC20-9000-C",
      "index_price": 9170.32,
      "direction": "sell",
      "amount": 0.1
    },
    {
      "trade_seq": 269,
      "trade_id": "83646133",
      "timestamp": 1593240456707,
      "tick_direction": 2,
      "price": 0.216,
      "mark_price": 0.21618328,
      "iv": 73.02,
      "instrument_name": "BTC-25DEC20-9000-C",
      "index_price": 9171.73,
      "direction": "sell",
      "amount": 0.1
    },
    {
      "trade_seq": 268,
      "trade_id": "83646086",
      "timestamp": 1593240327051,
      "tick_direction": 3,
      "price": 0.2165,
      "mark_price": 0.21663552,
      "iv": 73.1,
      "instrument_name": "BTC-25DEC20-9000-C",
      "index_price": 9176.96,
      "direction": "sell",
      "amount": 0.1
    },
    {
      "trade_seq": 267,
      "trade_id": "83646001",
      "timestamp": 1593240153721,
      "tick_direction": 2,
      "price": 0.2165,
      "mark_price": 0.21644917,
      "iv": 73.12,
      "instrument_name": "BTC-25DEC20-9000-C",
      "index_price": 9176.09,
      "direction": "sell",
      "amount": 0.1
    },
    {
      "trade_seq": 266,
      "trade_id": "83645930",
      "timestamp": 1593240023919,
      "tick_direction": 0,
      "price": 0.217,
      "mark_price": 0.21703441,
      "iv": 73.19,
      "instrument_name": "BTC-25DEC20-9000-C",
      "index_price": 9180.25,
      "direction": "sell",
      "amount": 0.1
    },
    {
      "trade_seq": 265,
      "trade_id": "83645549",
      "timestamp": 1593239594176,
      "tick_direction": 1,
      "price": 0.2165,
      "mark_price": 0.2167868,
      "iv": 73.03,
      "instrument_name": "BTC-25DEC20-9000-C",
      "index_price": 9177.03,
      "direction": "sell",
      "amount": 0.1
    },
    {
      "trade_seq": 264,
      "trade_id": "83645532",
      "timestamp": 1593239582004,
      "tick_direction": 0,
      "price": 0.2165,
      "mark_price": 0.21709034,
      "iv": 73.03,
      "instrument_name": "BTC-25DEC20-9000-C",
      "index_price": 9177.01,
      "direction": "sell",
      "amount": 0.1
    },
    {
      "trade_seq": 263,
      "trade_id": "83644691",
      "timestamp": 1593238731595,
      "tick_direction": 2,
      "price": 0.215,
      "mark_price": 0.21523596,
      "iv": 73.07,
      "instrument_name": "BTC-25DEC20-9000-C",
      "index_price": 9146.0,
      "direction": "sell",
      "amount": 0.1
    },
    {
      "trade_seq": 262,
      "trade_id": "83644352",
      "timestamp": 1593238072554,
      "tick_direction": 2,
      "price": 0.2155,
      "mark_price": 0.21552263,
      "iv": 72.98,
      "instrument_name": "BTC-25DEC20-9000-C",
      "index_price": 9157.58,
      "direction": "sell",
      "amount": 0.1
    },
    {
      "trade_seq": 261,
      "trade_id": "83644268",
      "timestamp": 1593238005794,
      "tick_direction": 0,
      "price": 0.216,
      "mark_price": 0.21635271,
      "iv": 73.09,
      "instrument_name": "BTC-25DEC20-9000-C",
      "index_price": 9161.85,
      "direction": "sell",
      "amount": 0.1
    },
    {
      "trade_seq": 260,
