{"trades": [{"trade_seq": 2737, "trade_id": "237665163", "timestamp": 1670949201390, "tick_direction": 1, "price": 0.0005, "mark_price": 3.41e-06, "iv": 158.74, "instrument_name": "BTC-30DEC22-45000-C", "index_price": 17801.31, "direction": "buy", "amount": 2.0}, {"trade_seq": 2736, "trade_id": "237548917", "timestamp": 1670767815298, "tick_direction": 1, "price": 0.0005, "mark_price": 5.04e-06, "iv": 154.93, "instrument_name": "BTC-30DEC22-45000-C", "index_price": 17149.03, "direction": "buy", "amount": 0.1}, {"trade_seq": 2735, "trade_id": "237241501", "timestamp": 1670145003076, "tick_direction": 0, "price": 0.0005, "mark_price": 5.719e-05, "iv": 132.48, "instrument_name": "BTC-30DEC22-45000-C", "index_price": 17023.13, "direction": "buy", "amount": 0.7}, {"trade_seq": 2734, "trade_id": "236577026", "timestamp": 1669148215355, "tick_direction": 2, "price": 0.0002, "mark_price": 0.00028993, "iv": 106.65, "instrument_name": "BTC-30DEC22-45000-C", "index_price": 16146.83, "direction": "buy", "combo_trade_id": "236577025", "combo_id": "BTC-CS-30DEC22-45000_55000", "amount": 0.5}, {"trade_seq": 2733, "trade_id": "236533277", "timestamp": 1669101139974, "tick_direction": 3, "price": 0.0005, "mark_price": 0.00023741, "iv": 117.97, "instrument_name": "BTC-30DEC22-45000-C", "index_price": 15679.9, "direction": "buy", "amount": 0.1}, {"trade_seq": 2732, "trade_id": "236207772", "timestamp": 1668660019980, "tick_direction": 2, "price": 0.0005, "mark_price": 0.00072009, "iv": 106.5, "instrument_name": "BTC-30DEC22-45000-C", "index_price": 16483.37, "direction": "sell", "amount": 5.0}, {"trade_seq": 2731, "trade_id": "236138087", "timestamp": 1668604480711, "tick_direction": 1, "price": 0.0015, "mark_price": 0.00076175, "iv": 118.28, "instrument_name": "BTC-30DEC22-45000-C", "index_price": 16569.19, "direction": "sell", "amount": 2.0}, {"trade_seq": 2730, "trade_id": "236138086", "timestamp": 1668604480710, "tick_direction": 1, "price": 0.0015, "mark_price": 0.00076175, "iv": 118.28, "instrument_name": "BTC-30DEC22-45000-C", "index_price": 16569.19, "direction": "sell", "amount": 18.0}, {"trade_seq": 2729, "trade_id": "236138070", "timestamp": 1668604471860, "tick_direction": 1, "price": 0.0015, "mark_price": 0.0007633, "iv": 118.27, "instrument_name": "BTC-30DEC22-45000-C", "index_price": 16573.68, "direction": "sell", "amount": 26.1}, {"trade_seq": 2728, "trade_id": "236138047", "timestamp": 1668604464103, "tick_direction": 1, "price": 0.0015, "mark_price": 0.0007631, "iv": 118.27, "instrument_name": "BTC-30DEC22-45000-C", "index_price": 16572.57, "direction": "sell", "amount": 8.1}, {"trade_seq": 2727, "trade_id": "236138046", "timestamp": 1668604464100, "tick_direction": 1, "price": 0.0015, "mark_price": 0.0007631, "iv": 118.27, "instrument_name": "BTC-30DEC22-45000-C", "index_price": 16572.57, "direction": "buy", "amount": 1.9}, {"trade_seq": 2726, "trade_id": "236138045", "timestamp": 1668604464100, "tick_direction": 0, "price": 0.0015, "mark_price": 0.0007631, "iv": 118.27, "instrument_name": "BTC-30DEC22-45000-C", "index_price": 16572.57, "direction": "buy", "amount": 15.0}, {"trade_seq": 2725, "trade_id": "236098245", "timestamp": 1668573569858, "tick_direction": 2, "price": 0.0005, "mark_price": 0.00076699, "iv": 103.12, "instrument_name": "BTC-30DEC22-45000-C", "index_price": 16894.96, "direction": "buy", "amount": 4.0}, {"trade_seq": 2724, "trade_id": "235841508", "timestamp": 1668425078204, "tick_direction": 1, "price": 0.001, "mark_price": 0.00070814, "iv": 109.48, "instrument_name": "BTC-30DEC22-45000-C", "index_price": 16760.58, "direction": "sell", "amount": 22.3}, {"trade_seq": 2723, "trade_id": "235841507", "timestamp": 1668425078202, "tick_direction": 1, "price": 0.001, "mark_price": 0.00070814, "iv": 109.48, "instrument_name": "BTC-30DEC22-45000-C", "index_price": 16760.58, "direction": "buy", "amount": 5.0}, {"trade_seq": 2722, "trade_id": "235841506", "timestamp": 1668425078202, "tick_direction": 1, "price": 0.001, "mark_price": 0.00070814, "iv": 109.48, "instrument_name": "BTC-30DEC22-45000-C", "index_price": 16760.58, "direction": "buy", "amount": 1.8}, {"trade_seq": 2721, "trade_id": "235841505", "timestamp": 1668425078202, "tick_direction": 1, "price": 0.001, "mark_price": 0.00070814, "iv": 109.48, "instrument_name": "BTC-30DEC22-45000-C", "index_price": 16760.58, "direction": "buy", "amount": 0.1}, {"trade_seq": 2720, "trade_id": "235746635", "timestamp": 1668389120450, "tick_direction": 3, "price": 0.0005, "mark_price": 0.00088721, "iv": 104.43, "instrument_name": "BTC-30DEC22-45000-C", "index_price": 16194.39, "direction": "sell", "amount": 0.1}, {"trade_seq": 2719, "trade_id": "235691229", "timestamp": 1668332348800, "tick_direction": 3, "price": 0.0005, "mark_price": 0.00076988, "iv": 101.99, "instrument_name": "BTC-30DEC22-45000-C", "index_price": 16499.06, "direction": "buy", "amount": 0.8}, {"trade_seq": 2718, "trade_id": "235691228", "timestamp": 1668332348798, "tick_direction": 2, "price": 0.0005, "mark_price": 0.00076988, "iv": 101.99, "instrument_name": "BTC-30DEC22-45000-C", "index_price": 16499.06, "direction": "sell", "amount": 0.2}, {"trade_seq": 2717, "trade_id": "235424975", "timestamp": 1668165586174, "tick_direction": 2, "price": 0.001, "mark_price": 0.00070121, "iv": 102.92, "instrument_name": "BTC-30DEC22-45000-C", "index_price": 17359.21, "direction": "buy", "amount": 0.2}, {"trade_seq": 2716, "trade_id": "235089589", "timestamp": 1668087260930, "tick_direction": 0, "price": 0.002, "mark_price": 0.0009144, "liquidation": "M", "iv": 109.66, "instrument_name": "BTC-30DEC22-45000-C", "index_price": 17498.42, "direction": "sell", "amount": 0.5}, {"trade_seq": 2715, "trade_id": "234558620", "timestamp": 1668011314528, "tick_direction": 2, "price": 0.0005, "mark_price": 0.0003947, "iv": 95.24, "instrument_name": "BTC-30DEC22-45000-C", "index_price": 16936.44, "direction": "sell", "amount": 0.3}, {"trade_seq": 2714, "trade_id": "234556196", "timestamp": 1668011122927, "tick_direction": 0, "price": 0.0015, "mark_price": 0.000415, "iv": 106.71, "instrument_name": "BTC-30DEC22-45000-C", "index_price": 17033.67, "direction": "buy", "amount": 0.1}, {"trade_seq": 2713, "trade_id": "234556195", "timestamp": 1668011122927, "tick_direction": 0, "price": 0.001, "mark_price": 0.000415, "iv": 101.87, "instrument_name": "BTC-30DEC22-45000-C", "index_price": 17033.67, "direction": "buy", "amount": 0.9}, {"trade_seq": 2712, "trade_id": "234278728", "timestamp": 1667944255544, "tick_direction": 3, "price": 0.0005, "mark_price": 0.00099692, "iv": 86.53, "instrument_name": "BTC-30DEC22-45000-C", "index_price": 18613.12, "direction": "sell", "amount": 1.0}, {"trade_seq": 2711, "trade_id": "234234159", "timestamp": 1667937886671, "tick_direction": 3, "price": 0.0005, "mark_price": 0.00089799, "iv": 87.56, "instrument_name": "BTC-30DEC22-45000-C", "index_price": 18378.14, "direction": "sell", "amount": 1.0}, {"trade_seq": 2710, "trade_id": "234048577", "timestamp": 1667923787264, "tick_direction": 3, "price": 0.0005, "mark_price": 0.00054026, "iv": 79.39, "instrument_name": "BTC-30DEC22-45000-C", "index_price": 20165.05, "direction": "buy", "amount": 2.1}, {"trade_seq": 2709, "trade_id": "234023605", "timestamp": 1667919817868, "tick_direction": 3, "price": 0.0005, "mark_price": 0.00048837, "iv": 82.62, "instrument_name": "BTC-30DEC22-45000-C", "index_price": 19410.75, "direction": "buy", "amount": 0.2}, {"trade_seq": 2708, "trade_id": "234015723", "timestamp": 1667918357850, "tick_direction": 3, "price": 0.0005, "mark_price": 0.00055064, "iv": 82.7, "instrument_name": "BTC-30DEC22-45000-C", "index_price": 19388.42, "direction": "buy", "amount": 0.1}, {"trade_seq": 2707, "trade_id": "234014694", "timestamp": 1667918185203, "tick_direction": 3, "price": 0.0005, "mark_price": 0.00068985, "iv": 82.43, "instrument_name": "BTC-30DEC22-45000-C", "index_price": 19447.42, "direction": "sell", "amount": 0.1}, {"trade_seq": 2706, "trade_id": "234014693", "timestamp": 1667918185203, "tick_direction": 3, "price": 0.0005, "mark_price": 0.00068985, "iv": 82.43, "instrument_name": "BTC-30DEC22-45000-C", "index_price": 19447.42, "direction": "sell", "amount": 2.0}, {"trade_seq": 2705, "trade_id": "234014692", "timestamp": 1667918185203, "tick_direction": 3, "price": 0.0005, "mark_price": 0.00068985, "iv": 82.43, "instrument_name": "BTC-30DEC22-45000-C", "index_price": 19447.42, "direction": "sell", "amount": 0.1}, {"trade_seq": 2704, "trade_id": "234014691", "timestamp": 1667918185203, "tick_direction": 3, "price": 0.0005, "mark_price": 0.00068985, "iv": 82.43, "instrument_name": "BTC-30DEC22-45000-C", "index_price": 19447.42, "direction": "sell", "amount": 3.0}, {"trade_seq": 2703, "trade_id": "234014690", "timestamp": 1667918185203, "tick_direction": 3, "price": 0.0005, "mark_price": 0.00068985, "iv": 82.43, "instrument_name": "BTC-30DEC22-45000-C", "index_price": 19447.42, "direction": "sell", "amount": 0.4}, {"trade_seq": 2702, "trade_id": "234014689", "timestamp": 1667918185203, "tick_direction": 3, "price": 0.0005, "mark_price": 0.00068985, "iv": 82.43, "instrument_name": "BTC-30DEC22-45000-C", "index_price": 19447.42, "direction": "sell", "amount": 8.0}, {"trade_seq": 2701, "trade_id": "234014688", "timestamp": 1667918185203, "tick_direction": 2, "price": 0.0005, "mark_price": 0.00068985, "iv": 82.43, "instrument_name": "BTC-30DEC22-45000-C", "index_price": 19447.42, "direction": "sell", "amount": 4.0}, {"trade_seq": 2700, "trade_id": "233984965", "timestamp": 1667897776181, "tick_direction": 1, "price": 0.001, "mark_price": 0.00071755, "iv": 87.32, "instrument_name": "BTC-30DEC22-45000-C", "index_price": 19738.55, "direction": "buy", "amount": 0.1}, {"trade_seq": 2699, "trade_id": "233871127", "timestamp": 1667829722165, "tick_direction": 0, "price": 0.001, "mark_price": 0.0007202, "iv": 82.27, "instrument_name": "BTC-30DEC22-45000-C", "index_price": 20726.67, "direction": "buy", "amount": 0.1}, {"trade_seq": 2698, "trade_id": "233744265", "timestamp": 1667666320930, "tick_direction": 2, "price": 0.0005, "mark_price": 0.00071648, "iv": 72.53, "instrument_name": "BTC-30DEC22-45000-C", "index_price": 21321.57, "direction": "sell", "amount": 0.1}, {"trade_seq": 2697, "trade_id": "233737508", "timestamp": 1667656357020, "tick_direction": 1, "price": 0.001, "mark_price": 0.00071955, "iv": 78.43, "instrument_name": "BTC-30DEC22-45000-C", "index_price": 21280.47, "direction": "buy", "amount": 0.1}, {"trade_seq": 2696, "trade_id": "233737507", "timestamp": 1667656354697, "tick_direction": 1, "price": 0.001, "mark_price": 0.00071954, "iv": 78.43, "instrument_name": "BTC-30DEC22-45000-C", "index_price": 21280.58, "direction": "buy", "amount": 0.1}, {"trade_seq": 2695, "trade_id": "233737506", "timestamp": 1667656352150, "tick_direction": 1, "price": 0.001, "mark_price": 0.00071947, "iv": 78.43, "instrument_name": "BTC-30DEC22-45000-C", "index_price": 21280.61, "direction": "buy", "amount": 0.1}, {"trade_seq": 2694, "trade_id": "233737505", "timestamp": 1667656350294, "tick_direction": 1, "price": 0.001, "mark_price": 0.00071952, "iv": 78.43, "instrument_name": "BTC-30DEC22-45000-C", "index_price": 21280.67, "direction": "buy", "amount": 0.1}, {"trade_seq": 2693, "trade_id": "233737504", "timestamp": 1667656348372, "tick_direction": 1, "price": 0.001, "mark_price": 0.00071944, "iv": 78.43, "instrument_name": "BTC-30DEC22-45000-C", "index_price": 21280.6, "direction": "buy", "amount": 0.1}, {"trade_seq": 2692, "trade_id": "233737503", "timestamp": 1667656346288, "tick_direction": 1, "price": 0.001, "mark_price": 0.00071941, "iv": 78.43, "instrument_name": "BTC-30DEC22-45000-C", "index_price": 21280.5, "direction": "buy", "amount": 0.1}, {"trade_seq": 2691, "trade_id": "233737502", "timestamp": 1667656345374, "tick_direction": 1, "price": 0.001, "mark_price": 0.0007194, "iv": 78.43, "instrument_name": "BTC-30DEC22-45000-C", "index_price": 21280.51, "direction": "buy", "amount": 0.1}, {"trade_seq": 2690, "trade_id": "233737500", "timestamp": 1667656343134, "tick_direction": 1, "price": 0.001, "mark_price": 0.00071928, "iv": 78.43, "instrument_name": "BTC-30DEC22-45000-C", "index_price": 21280.37, "direction": "buy", "amount": 0.1}, {"trade_seq": 2689, "trade_id": "233737499", "timestamp": 1667656342161, "tick_direction": 1, "price": 0.001, "mark_price": 0.00071928, "iv": 78.43, "instrument_name": "BTC-30DEC22-45000-C", "index_price": 21280.37, "direction": "buy", "amount": 0.1}, {"trade_seq": 2688, "trade_id": "233737498", "timestamp": 1667656340801, "tick_direction": 1, "price": 0.001, "mark_price": 0.00071926, "iv": 78.43, "instrument_name": "BTC-30DEC22-45000-C", "index_price": 21280.47, "direction": "buy", "amount": 0.1}, {"trade_seq": 2687, "trade_id": "233737497", "timestamp": 1667656333638, "tick_direction": 1, "price": 0.001, "mark_price": 0.0007198, "iv": 78.43, "instrument_name": "BTC-30DEC22-45000-C", "index_price": 21282.07, "direction": "buy", "amount": 0.1}, {"trade_seq": 2686, "trade_id": "233608980", "timestamp": 1667573281492, "tick_direction": 1, "price": 0.001, "mark_price": 0.00072104, "iv": 78.04, "instrument_name": "BTC-30DEC22-45000-C", "index_price": 21203.44, "direction": "buy", "amount": 0.9}, {"trade_seq": 2685, "trade_id": "233608979", "timestamp": 1667573281492, "tick_direction": 1, "price": 0.001, "mark_price": 0.00072104, "iv": 78.04, "instrument_name": "BTC-30DEC22-45000-C", "index_price": 21203.44, "direction": "buy", "amount": 1.7}, {"trade_seq": 2684, "trade_id": "233608978", "timestamp": 1667573281492, "tick_direction": 1, "price": 0.001, "mark_price": 0.00072104, "iv": 78.04, "instrument_name": "BTC-30DEC22-45000-C", "index_price": 21203.44, "direction": "buy", "amount": 0.1}, {"trade_seq": 2683, "trade_id": "233608977", "timestamp": 1667573281492, "tick_direction": 1, "price": 0.001, "mark_price": 0.00072104, "iv": 78.04, "instrument_name": "BTC-30DEC22-45000-C", "index_price": 21203.44, "direction": "buy", "amount": 0.1}, {"trade_seq": 2682, "trade_id": "233608976", "timestamp": 1667573281492, "tick_direction": 0, "price": 0.001, "mark_price": 0.00072104, "iv": 78.04, "instrument_name": "BTC-30DEC22-45000-C", "index_price": 21203.44, "direction": "buy", "amount": 0.2}, {"trade_seq": 2681, "trade_id": "233344194", "timestamp": 1667318989054, "tick_direction": 3, "price": 0.001, "mark_price": 0.00072895, "iv": 79.05, "instrument_name": "BTC-30DEC22-45000-C", "index_price": 20479.14, "direction": "buy", "amount": 0.1}, {"trade_seq": 2680, "trade_id": "233306174", "timestamp": 1667255345710, "tick_direction": 3, "price": 0.001, "mark_price": 0.00072739, "iv": 78.62, "instrument_name": "BTC-30DEC22-45000-C", "index_price": 20471.23, "direction": "buy", "amount": 1.0}, {"trade_seq": 2679, "trade_id": "233260771", "timestamp": 1667211143533, "tick_direction": 3, "price": 0.001, "mark_price": 0.00099217, "iv": 77.03, "instrument_name": "BTC-30DEC22-45000-C", "index_price": 20762.17, "direction": "sell", "amount": 5.0}, {"trade_seq": 2678, "trade_id": "233259771", "timestamp": 1667210714117, "tick_direction": 3, "price": 0.001, "mark_price": 0.00078179, "iv": 76.81, "instrument_name": "BTC-30DEC22-45000-C", "index_price": 20820.99, "direction": "sell", "amount": 5.0}, {"trade_seq": 2677, "trade_id": "233259714", "timestamp": 1667210700146, "tick_direction": 3, "price": 0.001, "mark_price": 0.00077364, "iv": 76.86, "instrument_name": "BTC-30DEC22-45000-C", "index_price": 20807.05, "direction": "buy", "amount": 0.9}, {"trade_seq": 2676, "trade_id": "233259713", "timestamp": 1667210700146, "tick_direction": 3, "price": 0.001, "mark_price": 0.00077364, "iv": 76.86, "instrument_name": "BTC-30DEC22-45000-C", "index_price": 20807.05, "direction": "buy", "amount": 0.2}, {"trade_seq": 2675, "trade_id": "233259712", "timestamp": 1667210700146, "tick_direction": 3, "price": 0.001, "mark_price": 0.00077364, "iv": 76.86, "instrument_name": "BTC-30DEC22-45000-C", "index_price": 20807.05, "direction": "buy", "amount": 0.5}, {"trade_seq": 2674, "trade_id": "233199348", "timestamp": 1667115588862, "tick_direction": 3, "price": 0.001, "mark_price": 0.00084563, "iv": 76.01, "instrument_name": "BTC-30DEC22-45000-C", "index_price": 20851.92, "direction": "buy", "amount": 0.1}, {"trade_seq": 2673, "trade_id": "233164641", "timestamp": 1667050763607, "tick_direction": 3, "price": 0.001, "mark_price": 0.00065201, "iv": 76.13, "instrument_name": "BTC-30DEC22-45000-C", "index_price": 20716.08, "direction": "sell", "amount": 0.9}, {"trade_seq": 2672, "trade_id": "233164640", "timestamp": 1667050763605, "tick_direction": 3, "price": 0.001, "mark_price": 0.00065201, "iv": 76.13, "instrument_name": "BTC-30DEC22-45000-C", "index_price": 20716.08, "direction": "buy", "amount": 0.1}, {"trade_seq": 2671, "trade_id": "233063786", "timestamp": 1666952437478, "tick_direction": 3, "price": 0.001, "mark_price": 0.00123349, "iv": 77.57, "instrument_name": "BTC-30DEC22-45000-C", "index_price": 20186.43, "direction": "sell", "amount": 10.1}, {"trade_seq": 2670, "trade_id": "233054827", "timestamp": 1666945300274, "tick_direction": 3, "price": 0.001, "mark_price": 0.0012184, "iv": 77.93, "instrument_name": "BTC-30DEC22-45000-C", "index_price": 20089.04, "direction": "sell", "amount": 18.0}, {"trade_seq": 2669, "trade_id": "233054826", "timestamp": 1666945300256, "tick_direction": 3, "price": 0.001, "mark_price": 0.0012184, "iv": 77.93, "instrument_name": "BTC-30DEC22-45000-C", "index_price": 20089.04, "direction": "sell", "amount": 15.0}, {"trade_seq": 2668, "trade_id": "233054742", "timestamp": 1666945270355, "tick_direction": 3, "price": 0.001, "mark_price": 0.00121924, "iv": 77.91, "instrument_name": "BTC-30DEC22-45000-C", "index_price": 20091.76, "direction": "sell", "amount": 15.0}, {"trade_seq": 2667, "trade_id": "233054740", "timestamp": 1666945269094, "tick_direction": 3, "price": 0.001, "mark_price": 0.00121874, "iv": 77.91, "instrument_name": "BTC-30DEC22-45000-C", "index_price": 20091.53, "direction": "sell", "amount": 16.8}, {"trade_seq": 2666, "trade_id": "233053885", "timestamp": 1666944790498, "tick_direction": 3, "price": 0.001, "mark_price": 0.00123981, "iv": 77.75, "instrument_name": "BTC-30DEC22-45000-C", "index_price": 20132.21, "direction": "sell", "amount": 0.1}, {"trade_seq": 2665, "trade_id": "233047062", "timestamp": 1666943274969, "tick_direction": 2, "price": 0.001, "mark_price": 0.0012157, "iv": 77.71, "instrument_name": "BTC-30DEC22-45000-C", "index_price": 20129.69, "direction": "sell", "amount": 25.0}, {"trade_seq": 2664, "trade_id": "232985914", "timestamp": 1666885938135, "tick_direction": 3, "price": 0.0015, "mark_price": 0.00122529, "iv": 79.37, "instrument_name": "BTC-30DEC22-45000-C", "index_price": 20572.51, "direction": "buy", "amount": 0.8}, {"trade_seq": 2663, "trade_id": "232985913", "timestamp": 1666885938135, "tick_direction": 3, "price": 0.0015, "mark_price": 0.00122529, "iv": 79.37, "instrument_name": "BTC-30DEC22-45000-C", "index_price": 20572.51, "direction": "buy", "amount": 0.2}, {"trade_seq": 2662, "trade_id": "232985779", "timestamp": 1666885912930, "tick_direction": 3, "price": 0.0015, "mark_price": 0.00122005, "iv": 79.38, "instrument_name": "BTC-30DEC22-45000-C", "index_price": 20568.8, "direction": "buy", "amount": 14.9}, {"trade_seq": 2661, "trade_id": "232985778", "timestamp": 1666885912930, "tick_direction": 3, "price": 0.0015, "mark_price": 0.00122005, "iv": 79.38, "instrument_name": "BTC-30DEC22-45000-C", "index_price": 20568.8, "direction": "buy", "amount": 1.0}, {"trade_seq": 2660, "trade_id": "232985777", "timestamp": 1666885912930, "tick_direction": 3, "price": 0.0015, "mark_price": 0.00122005, "iv": 79.38, "instrument_name": "BTC-30DEC22-45000-C", "index_price": 20568.8, "direction": "buy", "amount": 4.1}, {"trade_seq": 2659, "trade_id": "232985499", "timestamp": 1666885731785, "tick_direction": 3, "price": 0.0015, "mark_price": 0.00122745, "iv": 79.3, "instrument_name": "BTC-30DEC22-45000-C", "index_price": 20588.33, "direction": "buy", "amount": 1.0}, {"trade_seq": 2658, "trade_id": "232947944", "timestamp": 1666862336421, "tick_direction": 2, "price": 0.0015, "mark_price": 0.00163239, "iv": 78.95, "instrument_name": "BTC-30DEC22-45000-C", "index_price": 20632.69, "direction": "sell", "amount": 1.0}, {"trade_seq": 2657, "trade_id": "232830948", "timestamp": 1666783705771, "tick_direction": 0, "price": 0.002, "mark_price": 0.00159477, "iv": 81.25, "instrument_name": "BTC-30DEC22-45000-C", "index_price": 20652.51, "direction": "buy", "amount": 0.1}, {"trade_seq": 2656, "trade_id": "232718864", "timestamp": 1666722880721, "tick_direction": 1, "price": 0.0015, "mark_price": 0.00129833, "iv": 78.89, "instrument_name": "BTC-30DEC22-45000-C", "index_price": 20396.39, "direction": "buy", "amount": 0.9}, {"trade_seq": 2655, "trade_id": "232718863", "timestamp": 1666722880721, "tick_direction": 0, "price": 0.0015, "mark_price": 0.00129833, "iv": 78.89, "instrument_name": "BTC-30DEC22-45000-C", "index_price": 20396.39, "direction": "buy", "amount": 0.1}, {"trade_seq": 2654, "trade_id": "232645760", "timestamp": 1666695698686, "tick_direction": 3, "price": 0.001, "mark_price": 0.0008231, "iv": 79.52, "instrument_name": "BTC-30DEC22-45000-C", "index_price": 19293.5, "direction": "buy", "amount": 0.1}, {"trade_seq": 2653, "trade_id": "232645759", "timestamp": 1666695698686, "tick_direction": 3, "price": 0.001, "mark_price": 0.0008231, "iv": 79.52, "instrument_name": "BTC-30DEC22-45000-C", "index_price": 19293.5, "direction": "buy", "amount": 0.8}, {"trade_seq": 2652, "trade_id": "232548333", "timestamp": 1666546884708, "tick_direction": 3, "price": 0.001, "mark_price": 0.00082671, "iv": 78.67, "instrument_name": "BTC-30DEC22-45000-C", "index_price": 19235.57, "direction": "sell", "amount": 3.1}, {"trade_seq": 2651, "trade_id": "232548332", "timestamp": 1666546884706, "tick_direction": 3, "price": 0.001, "mark_price": 0.00082671, "iv": 78.67, "instrument_name": "BTC-30DEC22-45000-C", "index_price": 19235.57, "direction": "buy", "amount": 0.9}, {"trade_seq": 2650, "trade_id": "232513544", "timestamp": 1666410589185, "tick_direction": 3, "price": 0.001, "mark_price": 0.00072445, "iv": 78.22, "instrument_name": "BTC-30DEC22-45000-C", "index_price": 19140.25, "direction": "buy", "amount": 2.0}, {"trade_seq": 2649, "trade_id": "232513543", "timestamp": 1666410589185, "tick_direction": 3, "price": 0.001, "mark_price": 0.00072445, "iv": 78.22, "instrument_name": "BTC-30DEC22-45000-C", "index_price": 19140.25, "direction": "buy", "amount": 1.0}, {"trade_seq": 2648, "trade_id": "232489640", "timestamp": 1666367381396, "tick_direction": 3, "price": 0.001, "mark_price": 0.0007246, "iv": 78.21, "instrument_name": "BTC-30DEC22-45000-C", "index_price": 19071.05, "direction": "buy", "amount": 0.1}, {"trade_seq": 2647, "trade_id": "232330818", "timestamp": 1666199078342, "tick_direction": 3, "price": 0.001, "mark_price": 0.00121773, "iv": 76.83, "instrument_name": "BTC-30DEC22-45000-C", "index_price": 19152.26, "direction": "sell", "amount": 8.0}, {"trade_seq": 2646, "trade_id": "232205550", "timestamp": 1666054445380, "tick_direction": 3, "price": 0.001, "mark_price": 0.00074146, "iv": 74.28, "instrument_name": "BTC-30DEC22-45000-C", "index_price": 19578.12, "direction": "buy", "amount": 0.8}, {"trade_seq": 2645, "trade_id": "232205549", "timestamp": 1666054445380, "tick_direction": 3, "price": 0.001, "mark_price": 0.00074146, "iv": 74.28, "instrument_name": "BTC-30DEC22-45000-C", "index_price": 19578.12, "direction": "buy", "amount": 1.0}, {"trade_seq": 2644, "trade_id": "232196870", "timestamp": 1666041647238, "tick_direction": 3, "price": 0.001, "mark_price": 0.00077322, "iv": 74.51, "instrument_name": "BTC-30DEC22-45000-C", "index_price": 19494.99, "direction": "sell", "amount": 5.6}, {"trade_seq": 2643, "trade_id": "232196869", "timestamp": 1666041647235, "tick_direction": 3, "price": 0.001, "mark_price": 0.00077322, "iv": 74.51, "instrument_name": "BTC-30DEC22-45000-C", "index_price": 19494.99, "direction": "buy", "amount": 0.9}, {"trade_seq": 2642, "trade_id": "232196868", "timestamp": 1666041647235, "tick_direction": 3, "price": 0.001, "mark_price": 0.00077322, "iv": 74.51, "instrument_name": "BTC-30DEC22-45000-C", "index_price": 19494.99, "direction": "buy", "amount": 0.5}, {"trade_seq": 2641, "trade_id": "232156581", "timestamp": 1665996896604, "tick_direction": 3, "price": 0.001, "mark_price": 0.00090302, "iv": 75.18, "instrument_name": "BTC-30DEC22-45000-C", "index_price": 19261.79, "direction": "sell", "amount": 5.5}, {"trade_seq": 2640, "trade_id": "232111954", "timestamp": 1665898883987, "tick_direction": 3, "price": 0.001, "mark_price": 0.00092205, "iv": 75.06, "instrument_name": "BTC-30DEC22-45000-C", "index_price": 19146.18, "direction": "sell", "amount": 0.1}, {"trade_seq": 2639, "trade_id": "232095005", "timestamp": 1665840312616, "tick_direction": 2, "price": 0.001, "mark_price": 0.00089485, "iv": 74.82, "instrument_name": "BTC-30DEC22-45000-C", "index_price": 19115.57, "direction": "sell", "amount": 1.0}, {"trade_seq": 2638, "trade_id": "231995426", "timestamp": 1665727141347, "tick_direction": 3, "price": 0.0015, "mark_price": 0.00110112, "iv": 75.1, "instrument_name": "BTC-30DEC22-45000-C", "index_price": 19808.38, "direction": "sell", "amount": 3.3}, {"trade_seq": 2637, "trade_id": "231995424", "timestamp": 1665727138408, "tick_direction": 2, "price": 0.0015, "mark_price": 0.00109964, "iv": 75.09, "instrument_name": "BTC-30DEC22-45000-C", "index_price": 19807.79, "direction": "buy", "amount": 6.7}, {"trade_seq": 2636, "trade_id": "231540397", "timestamp": 1665328956447, "tick_direction": 0, "price": 0.002, "mark_price": 0.0010774, "iv": 76.74, "instrument_name": "BTC-30DEC22-45000-C", "index_price": 19529.08, "direction": "buy", "amount": 0.1}, {"trade_seq": 2635, "trade_id": "231539856", "timestamp": 1665328362192, "tick_direction": 0, "price": 0.0015, "mark_price": 0.00106761, "iv": 74.03, "instrument_name": "BTC-30DEC22-45000-C", "index_price": 19519.54, "direction": "buy", "amount": 0.1}, {"trade_seq": 2634, "trade_id": "231524816", "timestamp": 1665301788367, "tick_direction": 2, "price": 0.001, "mark_price": 0.00107179, "iv": 70.82, "instrument_name": "BTC-30DEC22-45000-C", "index_price": 19416.93, "direction": "buy", "amount": 0.2}, {"trade_seq": 2633, "trade_id": "231467214", "timestamp": 1665177655795, "tick_direction": 0, "price": 0.002, "mark_price": 0.00189897, "iv": 75.68, "instrument_name": "BTC-30DEC22-45000-C", "index_price": 19595.64, "direction": "sell", "amount": 0.1}, {"trade_seq": 2632, "trade_id": "231429879", "timestamp": 1665153495019, "tick_direction": 3, "price": 0.0015, "mark_price": 0.00193154, "iv": 72.81, "instrument_name": "BTC-30DEC22-45000-C", "index_price": 19613.74, "direction": "sell", "amount": 13.4}, {"trade_seq": 2631, "trade_id": "231429878", "timestamp": 1665153495019, "tick_direction": 3, "price": 0.0015, "mark_price": 0.00193154, "iv": 72.81, "instrument_name": "BTC-30DEC22-45000-C", "index_price": 19613.74, "direction": "sell", "amount": 4.8}, {"trade_seq": 2630, "trade_id": "231429877", "timestamp": 1665153495019, "tick_direction": 3, "price": 0.0015, "mark_price": 0.00193154, "iv": 72.81, "instrument_name": "BTC-30DEC22-45000-C", "index_price": 19613.74, "direction": "sell", "amount": 37.0}, {"trade_seq": 2629, "trade_id": "231429876", "timestamp": 1665153495019, "tick_direction": 2, "price": 0.0015, "mark_price": 0.00193154, "iv": 72.81, "instrument_name": "BTC-30DEC22-45000-C", "index_price": 19613.74, "direction": "sell", "amount": 0.9}, {"trade_seq": 2628, "trade_id": "231334488", "timestamp": 1665091424194, "tick_direction": 3, "price": 0.0025, "mark_price": 0.00230066, "iv": 76.12, "instrument_name": "BTC-30DEC22-45000-C", "index_price": 19957.09, "direction": "buy", "amount": 0.1}, {"trade_seq": 2627, "trade_id": "231334486", "timestamp": 1665091422176, "tick_direction": 3, "price": 0.0025, "mark_price": 0.00229994, "iv": 76.12, "instrument_name": "BTC-30DEC22-45000-C", "index_price": 19955.69, "direction": "buy", "amount": 0.2}, {"trade_seq": 2626, "trade_id": "231334485", "timestamp": 1665091420151, "tick_direction": 3, "price": 0.0025, "mark_price": 0.00229989, "iv": 76.12, "instrument_name": "BTC-30DEC22-45000-C", "index_price": 19955.36, "direction": "buy", "amount": 0.2}, {"trade_seq": 2625, "trade_id": "231334484", "timestamp": 1665091418122, "tick_direction": 3, "price": 0.0025, "mark_price": 0.00230102, "iv": 76.12, "instrument_name": "BTC-30DEC22-45000-C", "index_price": 19956.04, "direction": "buy", "amount": 0.1}, {"trade_seq": 2624, "trade_id": "231333961", "timestamp": 1665090984780, "tick_direction": 3, "price": 0.0025, "mark_price": 0.00249251, "iv": 75.85, "instrument_name": "BTC-30DEC22-45000-C", "index_price": 20019.73, "direction": "buy", "amount": 0.1}, {"trade_seq": 2623, "trade_id": "231333960", "timestamp": 1665090984763, "tick_direction": 3, "price": 0.0025, "mark_price": 0.00249251, "iv": 75.85, "instrument_name": "BTC-30DEC22-45000-C", "index_price": 20019.73, "direction": "buy", "amount": 0.2}, {"trade_seq": 2622, "trade_id": "231333959", "timestamp": 1665090982824, "tick_direction": 3, "price": 0.0025, "mark_price": 0.00249276, "iv": 75.85, "instrument_name": "BTC-30DEC22-45000-C", "index_price": 20018.52, "direction": "buy", "amount": 0.1}, {"trade_seq": 2621, "trade_id": "231333944", "timestamp": 1665090961961, "tick_direction": 3, "price": 0.0025, "mark_price": 0.00249523, "iv": 75.89, "instrument_name": "BTC-30DEC22-45000-C", "index_price": 20008.86, "direction": "buy", "amount": 0.1}, {"trade_seq": 2620, "trade_id": "231333942", "timestamp": 1665090959533, "tick_direction": 3, "price": 0.0025, "mark_price": 0.00249622, "iv": 75.89, "instrument_name": "BTC-30DEC22-45000-C", "index_price": 20008.92, "direction": "buy", "amount": 0.1}, {"trade_seq": 2619, "trade_id": "231333941", "timestamp": 1665090959086, "tick_direction": 3, "price": 0.0025, "mark_price": 0.00249349, "iv": 75.9, "instrument_name": "BTC-30DEC22-45000-C", "index_price": 20005.72, "direction": "buy", "amount": 0.2}, {"trade_seq": 2618, "trade_id": "231333885", "timestamp": 1665090938665, "tick_direction": 3, "price": 0.0025, "mark_price": 0.0024979, "iv": 75.93, "instrument_name": "BTC-30DEC22-45000-C", "index_price": 20001.05, "direction": "buy", "amount": 0.1}, {"trade_seq": 2617, "trade_id": "231333815", "timestamp": 1665090866587, "tick_direction": 3, "price": 0.0025, "mark_price": 0.0024811, "iv": 76.01, "instrument_name": "BTC-30DEC22-45000-C", "index_price": 19979.12, "direction": "sell", "amount": 6.0}, {"trade_seq": 2616, "trade_id": "231333470", "timestamp": 1665090552743, "tick_direction": 3, "price": 0.0025, "mark_price": 0.002589, "iv": 75.79, "instrument_name": "BTC-30DEC22-45000-C", "index_price": 20032.57, "direction": "sell", "amount": 5.0}, {"trade_seq": 2615, "trade_id": "231196839", "timestamp": 1664985024128, "tick_direction": 3, "price": 0.0025, "mark_price": 0.00246099, "iv": 75.46, "instrument_name": "BTC-30DEC22-45000-C", "index_price": 19978.13, "direction": "sell", "amount": 5.0}, {"trade_seq": 2614, "trade_id": "231167080", "timestamp": 1664957647004, "tick_direction": 3, "price": 0.0025, "mark_price": 0.00265772, "iv": 74.71, "instrument_name": "BTC-30DEC22-45000-C", "index_price": 20140.01, "direction": "sell", "amount": 6.3}, {"trade_seq": 2613, "trade_id": "231167076", "timestamp": 1664957646691, "tick_direction": 2, "price": 0.0025, "mark_price": 0.00265772, "iv": 74.71, "instrument_name": "BTC-30DEC22-45000-C", "index_price": 20140.01, "direction": "sell", "amount": 5.7}, {"trade_seq": 2612, "trade_id": "231094398", "timestamp": 1664890495401, "tick_direction": 1, "price": 0.003, "mark_price": 0.00252701, "iv": 76.54, "instrument_name": "BTC-30DEC22-45000-C", "index_price": 20065.66, "direction": "buy", "amount": 12.6}, {"trade_seq": 2611, "trade_id": "231094397", "timestamp": 1664890495401, "tick_direction": 1, "price": 0.003, "mark_price": 0.00252701, "iv": 76.54, "instrument_name": "BTC-30DEC22-45000-C", "index_price": 20065.66, "direction": "buy", "amount": 6.4}, {"trade_seq": 2610, "trade_id": "231094396", "timestamp": 1664890495401, "tick_direction": 0, "price": 0.003, "mark_price": 0.00252701, "iv": 76.54, "instrument_name": "BTC-30DEC22-45000-C", "index_price": 20065.66, "direction": "buy", "amount": 1.0}, {"trade_seq": 2609, "trade_id": "231065444", "timestamp": 1664867568068, "tick_direction": 0, "price": 0.0025, "mark_price": 0.0026592, "iv": 75.11, "instrument_name": "BTC-30DEC22-45000-C", "index_price": 19892.76, "direction": "sell", "amount": 11.6}, {"trade_seq": 2608, "trade_id": "230978238", "timestamp": 1664784634081, "tick_direction": 3, "price": 0.002, "mark_price": 0.00247686, "iv": 75.19, "instrument_name": "BTC-30DEC22-45000-C", "index_price": 19182.21, "direction": "sell", "amount": 0.2}, {"trade_seq": 2607, "trade_id": "230978027", "timestamp": 1664784347045, "tick_direction": 2, "price": 0.002, "mark_price": 0.00247404, "iv": 75.22, "instrument_name": "BTC-30DEC22-45000-C", "index_price": 19168.15, "direction": "sell", "amount": 0.1}, {"trade_seq": 2606, "trade_id": "230974526", "timestamp": 1664781325284, "tick_direction": 1, "price": 0.0025, "mark_price": 0.00279478, "iv": 77.32, "instrument_name": "BTC-30DEC22-45000-C", "index_price": 19207.5, "direction": "buy", "amount": 1.2}, {"trade_seq": 2605, "trade_id": "230974525", "timestamp": 1664781325279, "tick_direction": 0, "price": 0.0025, "mark_price": 0.00279478, "iv": 77.32, "instrument_name": "BTC-30DEC22-45000-C", "index_price": 19207.5, "direction": "sell", "amount": 4.8}, {"trade_seq": 2604, "trade_id": "230959083", "timestamp": 1664763666074, "tick_direction": 2, "price": 0.002, "mark_price": 0.00242656, "iv": 75.26, "instrument_name": "BTC-30DEC22-45000-C", "index_price": 19147.37, "direction": "sell", "amount": 2.0}, {"trade_seq": 2603, "trade_id": "230857725", "timestamp": 1664601124979, "tick_direction": 2, "price": 0.0025, "mark_price": 0.00286246, "iv": 75.63, "instrument_name": "BTC-30DEC22-45000-C", "index_price": 19413.37, "direction": "sell", "amount": 0.1}, {"trade_seq": 2602, "trade_id": "230769838", "timestamp": 1664545724595, "tick_direction": 0, "price": 0.0025, "mark_price": 0.00263187, "iv": 75.78, "instrument_name": "BTC-30DEC22-45000-C", "index_price": 19312.75, "direction": "sell", "amount": 0.2}, {"trade_seq": 2601, "trade_id": "230761957", "timestamp": 1664541553576, "tick_direction": 2, "price": 0.002, "mark_price": 0.00255639, "iv": 73.75, "instrument_name": "BTC-30DEC22-45000-C", "index_price": 19256.83, "direction": "sell", "amount": 0.1}, {"trade_seq": 2600, "trade_id": "230744085", "timestamp": 1664534208073, "tick_direction": 3, "price": 0.0025, "mark_price": 0.00256486, "iv": 74.89, "instrument_name": "BTC-30DEC22-45000-C", "index_price": 19544.1, "direction": "sell", "amount": 0.1}, {"trade_seq": 2599, "trade_id": "230739136", "timestamp": 1664530687467, "tick_direction": 3, "price": 0.0025, "mark_price": 0.00284101, "iv": 74.91, "instrument_name": "BTC-30DEC22-45000-C", "index_price": 19534.22, "direction": "sell", "amount": 0.1}, {"trade_seq": 2598, "trade_id": "230729091", "timestamp": 1664524940915, "tick_direction": 3, "price": 0.0025, "mark_price": 0.00286551, "iv": 74.67, "instrument_name": "BTC-30DEC22-45000-C", "index_price": 19599.75, "direction": "sell", "amount": 0.5}, {"trade_seq": 2597, "trade_id": "230729090", "timestamp": 1664524940915, "tick_direction": 2, "price": 0.0025, "mark_price": 0.00286551, "iv": 74.67, "instrument_name": "BTC-30DEC22-45000-C", "index_price": 19599.75, "direction": "sell", "amount": 0.1}, {"trade_seq": 2596, "trade_id": "230688916", "timestamp": 1664490193309, "tick_direction": 2, "price": 0.003, "mark_price": 0.00309061, "iv": 76.78, "instrument_name": "BTC-30DEC22-45000-C", "index_price": 19484.68, "direction": "sell", "amount": 1.0}, {"trade_seq": 2595, "trade_id": "230656431", "timestamp": 1664466618864, "tick_direction": 0, "price": 0.0035, "mark_price": 0.00296876, "iv": 79.24, "instrument_name": "BTC-30DEC22-45000-C", "index_price": 19271.65, "direction": "buy", "amount": 0.1}, {"trade_seq": 2594, "trade_id": "230632911", "timestamp": 1664457365908, "tick_direction": 1, "price": 0.003, "mark_price": 0.00306865, "iv": 77.45, "instrument_name": "BTC-30DEC22-45000-C", "index_price": 19275.52, "direction": "buy", "amount": 0.5}, {"trade_seq": 2593, "trade_id": "230632910", "timestamp": 1664457365893, "tick_direction": 1, "price": 0.003, "mark_price": 0.00306865, "iv": 77.45, "instrument_name": "BTC-30DEC22-45000-C", "index_price": 19275.52, "direction": "sell", "amount": 0.5}, {"trade_seq": 2592, "trade_id": "230492550", "timestamp": 1664360700165, "tick_direction": 1, "price": 0.003, "mark_price": 0.00297054, "iv": 78.04, "instrument_name": "BTC-30DEC22-45000-C", "index_price": 18995.33, "direction": "buy", "amount": 0.3}, {"trade_seq": 2591, "trade_id": "230492544", "timestamp": 1664360700122, "tick_direction": 1, "price": 0.003, "mark_price": 0.00297054, "iv": 78.04, "instrument_name": "BTC-30DEC22-45000-C", "index_price": 18995.33, "direction": "buy", "amount": 0.5}, {"trade_seq": 2590, "trade_id": "230490659", "timestamp": 1664360378117, "tick_direction": 1, "price": 0.003, "mark_price": 0.00287239, "iv": 78.5, "instrument_name": "BTC-30DEC22-45000-C", "index_price": 18887.55, "direction": "buy", "amount": 0.2}, {"trade_seq": 2589, "trade_id": "230490657", "timestamp": 1664360377953, "tick_direction": 1, "price": 0.003, "mark_price": 0.00287239, "iv": 78.5, "instrument_name": "BTC-30DEC22-45000-C", "index_price": 18887.55, "direction": "buy", "amount": 0.2}, {"trade_seq": 2588, "trade_id": "230490653", "timestamp": 1664360377749, "tick_direction": 1, "price": 0.003, "mark_price": 0.00287239, "iv": 78.49, "instrument_name": "BTC-30DEC22-45000-C", "index_price": 18877.76, "direction": "buy", "amount": 0.4}, {"trade_seq": 2587, "trade_id": "230490649", "timestamp": 1664360377680, "tick_direction": 1, "price": 0.003, "mark_price": 0.00286302, "iv": 78.49, "instrument_name": "BTC-30DEC22-45000-C", "index_price": 18877.76, "direction": "buy", "amount": 0.6}, {"trade_seq": 2586, "trade_id": "230490648", "timestamp": 1664360377584, "tick_direction": 1, "price": 0.003, "mark_price": 0.00286302, "iv": 78.49, "instrument_name": "BTC-30DEC22-45000-C", "index_price": 18877.76, "direction": "buy", "amount": 0.8}, {"trade_seq": 2585, "trade_id": "230490645", "timestamp": 1664360377403, "tick_direction": 1, "price": 0.003, "mark_price": 0.00286302, "iv": 78.49, "instrument_name": "BTC-30DEC22-45000-C", "index_price": 18877.76, "direction": "buy", "amount": 0.9}, {"trade_seq": 2584, "trade_id": "230490638", "timestamp": 1664360377157, "tick_direction": 1, "price": 0.003, "mark_price": 0.00286302, "iv": 78.49, "instrument_name": "BTC-30DEC22-45000-C", "index_price": 18877.76, "direction": "buy", "amount": 0.3}, {"trade_seq": 2583, "trade_id": "230490621", "timestamp": 1664360376372, "tick_direction": 1, "price": 0.003, "mark_price": 0.0028639, "iv": 78.53, "instrument_name": "BTC-30DEC22-45000-C", "index_price": 18868.46, "direction": "buy", "amount": 0.3}, {"trade_seq": 2582, "trade_id": "230490620", "timestamp": 1664360376311, "tick_direction": 1, "price": 0.003, "mark_price": 0.0028639, "iv": 78.53, "instrument_name": "BTC-30DEC22-45000-C", "index_price": 18868.46, "direction": "buy", "amount": 0.1}, {"trade_seq": 2581, "trade_id": "230490597", "timestamp": 1664360374502, "tick_direction": 1, "price": 0.003, "mark_price": 0.00285502, "iv": 78.52, "instrument_name": "BTC-30DEC22-45000-C", "index_price": 18870.8, "direction": "buy", "amount": 0.1}, {"trade_seq": 2580, "trade_id": "230490585", "timestamp": 1664360374400, "tick_direction": 1, "price": 0.003, "mark_price": 0.00285502, "iv": 78.52, "instrument_name": "BTC-30DEC22-45000-C", "index_price": 18870.8, "direction": "buy", "amount": 0.1}, {"trade_seq": 2579, "trade_id": "230490583", "timestamp": 1664360374367, "tick_direction": 1, "price": 0.003, "mark_price": 0.00285502, "iv": 78.52, "instrument_name": "BTC-30DEC22-45000-C", "index_price": 18870.8, "direction": "buy", "amount": 0.1}, {"trade_seq": 2578, "trade_id": "230490573", "timestamp": 1664360373747, "tick_direction": 1, "price": 0.003, "mark_price": 0.00285502, "iv": 78.54, "instrument_name": "BTC-30DEC22-45000-C", "index_price": 18865.92, "direction": "buy", "amount": 0.4}, {"trade_seq": 2577, "trade_id": "230490572", "timestamp": 1664360373579, "tick_direction": 1, "price": 0.003, "mark_price": 0.00285453, "iv": 78.54, "instrument_name": "BTC-30DEC22-45000-C", "index_price": 18865.92, "direction": "buy", "amount": 0.1}, {"trade_seq": 2576, "trade_id": "230490570", "timestamp": 1664360373559, "tick_direction": 1, "price": 0.003, "mark_price": 0.00285453, "iv": 78.54, "instrument_name": "BTC-30DEC22-45000-C", "index_price": 18865.92, "direction": "buy", "amount": 0.1}, {"trade_seq": 2575, "trade_id": "230490568", "timestamp": 1664360373497, "tick_direction": 1, "price": 0.003, "mark_price": 0.00285453, "iv": 78.54, "instrument_name": "BTC-30DEC22-45000-C", "index_price": 18865.92, "direction": "buy", "amount": 0.1}, {"trade_seq": 2574, "trade_id": "230490567", "timestamp": 1664360373482, "tick_direction": 1, "price": 0.003, "mark_price": 0.00285453, "iv": 78.54, "instrument_name": "BTC-30DEC22-45000-C", "index_price": 18865.92, "direction": "buy", "amount": 0.2}, {"trade_seq": 2573, "trade_id": "230490564", "timestamp": 1664360373468, "tick_direction": 1, "price": 0.003, "mark_price": 0.00285453, "iv": 78.54, "instrument_name": "BTC-30DEC22-45000-C", "index_price": 18865.92, "direction": "buy", "amount": 0.1}, {"trade_seq": 2572, "trade_id": "230490563", "timestamp": 1664360373451, "tick_direction": 1, "price": 0.003, "mark_price": 0.00285453, "iv": 78.54, "instrument_name": "BTC-30DEC22-45000-C", "index_price": 18865.92, "direction": "buy", "amount": 0.2}, {"trade_seq": 2571, "trade_id": "230490560", "timestamp": 1664360373369, "tick_direction": 1, "price": 0.003, "mark_price": 0.00285453, "iv": 78.54, "instrument_name": "BTC-30DEC22-45000-C", "index_price": 18865.92, "direction": "buy", "amount": 0.2}, {"trade_seq": 2570, "trade_id": "230490557", "timestamp": 1664360373289, "tick_direction": 1, "price": 0.003, "mark_price": 0.00285453, "iv": 78.54, "instrument_name": "BTC-30DEC22-45000-C", "index_price": 18865.92, "direction": "buy", "amount": 0.1}, {"trade_seq": 2569, "trade_id": "230490554", "timestamp": 1664360373179, "tick_direction": 1, "price": 0.003, "mark_price": 0.00285453, "iv": 78.54, "instrument_name": "BTC-30DEC22-45000-C", "index_price": 18865.92, "direction": "buy", "amount": 0.4}, {"trade_seq": 2568, "trade_id": "230490549", "timestamp": 1664360372817, "tick_direction": 1, "price": 0.003, "mark_price": 0.00285453, "iv": 78.56, "instrument_name": "BTC-30DEC22-45000-C", "index_price": 18860.29, "direction": "buy", "amount": 0.7}, {"trade_seq": 2567, "trade_id": "230490545", "timestamp": 1664360372472, "tick_direction": 1, "price": 0.003, "mark_price": 0.00284244, "iv": 78.56, "instrument_name": "BTC-30DEC22-45000-C", "index_price": 18860.29, "direction": "buy", "amount": 1.2}, {"trade_seq": 2566, "trade_id": "230490541", "timestamp": 1664360372341, "tick_direction": 1, "price": 0.003, "mark_price": 0.00284244, "iv": 78.56, "instrument_name": "BTC-30DEC22-45000-C", "index_price": 18860.29, "direction": "buy", "amount": 0.9}, {"trade_seq": 2565, "trade_id": "230490535", "timestamp": 1664360372241, "tick_direction": 1, "price": 0.003, "mark_price": 0.00284244, "iv": 78.57, "instrument_name": "BTC-30DEC22-45000-C", "index_price": 18860.29, "direction": "buy", "amount": 0.4}, {"trade_seq": 2564, "trade_id": "230482206", "timestamp": 1664356444537, "tick_direction": 0, "price": 0.003, "mark_price": 0.00311176, "iv": 79.37, "instrument_name": "BTC-30DEC22-45000-C", "index_price": 18647.03, "direction": "sell", "amount": 5.2}, {"trade_seq": 2563, "trade_id": "230479097", "timestamp": 1664354380288, "tick_direction": 2, "price": 0.0027, "mark_price": 0.00317914, "iv": 77.96, "instrument_name": "BTC-30DEC22-45000-C", "index_price": 18716.33, "direction": "sell", "block_trade_id": "50720", "amount": 75.0}, {"trade_seq": 2562, "trade_id": "230464628", "timestamp": 1664344894206, "tick_direction": 3, "price": 0.003, "mark_price": 0.00286668, "iv": 78.64, "instrument_name": "BTC-30DEC22-45000-C", "index_price": 18827.34, "direction": "buy", "amount": 0.2}, {"trade_seq": 2561, "trade_id": "230464625", "timestamp": 1664344893842, "tick_direction": 3, "price": 0.003, "mark_price": 0.00286621, "iv": 78.64, "instrument_name": "BTC-30DEC22-45000-C", "index_price": 18827.34, "direction": "buy", "amount": 0.1}, {"trade_seq": 2560, "trade_id": "230464624", "timestamp": 1664344893790, "tick_direction": 3, "price": 0.003, "mark_price": 0.00286621, "iv": 78.64, "instrument_name": "BTC-30DEC22-45000-C", "index_price": 18827.34, "direction": "buy", "amount": 0.2}, {"trade_seq": 2559, "trade_id": "230464623", "timestamp": 1664344893779, "tick_direction": 3, "price": 0.003, "mark_price": 0.00286621, "iv": 78.64, "instrument_name": "BTC-30DEC22-45000-C", "index_price": 18827.34, "direction": "buy", "amount": 0.1}, {"trade_seq": 2558, "trade_id": "230464622", "timestamp": 1664344893733, "tick_direction": 3, "price": 0.003, "mark_price": 0.00286621, "iv": 78.64, "instrument_name": "BTC-30DEC22-45000-C", "index_price": 18827.34, "direction": "buy", "amount": 0.2}, {"trade_seq": 2557, "trade_id": "230464008", "timestamp": 1664344320093, "tick_direction": 3, "price": 0.003, "mark_price": 0.00281611, "iv": 78.66, "instrument_name": "BTC-30DEC22-45000-C", "index_price": 18821.3, "direction": "buy", "amount": 0.1}, {"trade_seq": 2556, "trade_id": "230463959", "timestamp": 1664344271803, "tick_direction": 3, "price": 0.003, "mark_price": 0.00279635, "iv": 78.7, "instrument_name": "BTC-30DEC22-45000-C", "index_price": 18808.83, "direction": "buy", "amount": 0.1}, {"trade_seq": 2555, "trade_id": "230463957", "timestamp": 1664344271630, "tick_direction": 3, "price": 0.003, "mark_price": 0.00279635, "iv": 78.71, "instrument_name": "BTC-30DEC22-45000-C", "index_price": 18807.05, "direction": "buy", "amount": 0.1}, {"trade_seq": 2554, "trade_id": "230463956", "timestamp": 1664344271394, "tick_direction": 3, "price": 0.003, "mark_price": 0.00279635, "iv": 78.71, "instrument_name": "BTC-30DEC22-45000-C", "index_price": 18807.05, "direction": "buy", "amount": 0.4}, {"trade_seq": 2553, "trade_id": "230463952", "timestamp": 1664344271215, "tick_direction": 3, "price": 0.003, "mark_price": 0.00279635, "iv": 78.71, "instrument_name": "BTC-30DEC22-45000-C", "index_price": 18807.05, "direction": "buy", "amount": 0.3}, {"trade_seq": 2552, "trade_id": "230458018", "timestamp": 1664339511419, "tick_direction": 3, "price": 0.003, "mark_price": 0.00279222, "iv": 78.69, "instrument_name": "BTC-30DEC22-45000-C", "index_price": 18812.72, "direction": "buy", "amount": 0.1}, {"trade_seq": 2551, "trade_id": "230458017", "timestamp": 1664339511407, "tick_direction": 3, "price": 0.003, "mark_price": 0.00279222, "iv": 78.69, "instrument_name": "BTC-30DEC22-45000-C", "index_price": 18812.72, "direction": "buy", "amount": 0.1}, {"trade_seq": 2550, "trade_id": "230451994", "timestamp": 1664334880670, "tick_direction": 3, "price": 0.003, "mark_price": 0.00304384, "iv": 79.09, "instrument_name": "BTC-30DEC22-45000-C", "index_price": 18707.22, "direction": "sell", "amount": 0.2}, {"trade_seq": 2549, "trade_id": "230329941", "timestamp": 1664264372420, "tick_direction": 3, "price": 0.003, "mark_price": 0.00343309, "iv": 72.88, "instrument_name": "BTC-30DEC22-45000-C", "index_price": 20256.44, "direction": "sell", "amount": 0.1}, {"trade_seq": 2548, "trade_id": "230141519", "timestamp": 1664110658971, "tick_direction": 3, "price": 0.003, "mark_price": 0.0032219, "iv": 76.58, "instrument_name": "BTC-30DEC22-45000-C", "index_price": 19073.06, "direction": "sell", "amount": 2.0}, {"trade_seq": 2547, "trade_id": "230025347", "timestamp": 1663947389663, "tick_direction": 3, "price": 0.003, "mark_price": 0.00291687, "iv": 76.77, "instrument_name": "BTC-30DEC22-45000-C", "index_price": 18831.68, "direction": "buy", "amount": 0.1}, {"trade_seq": 2546, "trade_id": "230025346", "timestamp": 1663947388604, "tick_direction": 3, "price": 0.003, "mark_price": 0.00291408, "iv": 76.77, "instrument_name": "BTC-30DEC22-45000-C", "index_price": 18831.15, "direction": "buy", "amount": 0.1}, {"trade_seq": 2545, "trade_id": "230025345", "timestamp": 1663947388517, "tick_direction": 3, "price": 0.003, "mark_price": 0.00291408, "iv": 76.77, "instrument_name": "BTC-30DEC22-45000-C", "index_price": 18831.15, "direction": "buy", "amount": 0.1}, {"trade_seq": 2544, "trade_id": "230025344", "timestamp": 1663947388025, "tick_direction": 3, "price": 0.003, "mark_price": 0.00291408, "iv": 76.78, "instrument_name": "BTC-30DEC22-45000-C", "index_price": 18828.61, "direction": "buy", "amount": 0.2}, {"trade_seq": 2543, "trade_id": "230025343", "timestamp": 1663947388012, "tick_direction": 3, "price": 0.003, "mark_price": 0.00291408, "iv": 76.78, "instrument_name": "BTC-30DEC22-45000-C", "index_price": 18828.61, "direction": "buy", "amount": 0.2}, {"trade_seq": 2542, "trade_id": "230025342", "timestamp": 1663947387590, "tick_direction": 3, "price": 0.003, "mark_price": 0.00291333, "iv": 76.78, "instrument_name": "BTC-30DEC22-45000-C", "index_price": 18828.61, "direction": "buy", "amount": 0.1}, {"trade_seq": 2541, "trade_id": "230025341", "timestamp": 1663947387565, "tick_direction": 2, "price": 0.003, "mark_price": 0.00291333, "iv": 76.78, "instrument_name": "BTC-30DEC22-45000-C", "index_price": 18828.61, "direction": "buy", "amount": 0.2}, {"trade_seq": 2540, "trade_id": "229921992", "timestamp": 1663857051735, "tick_direction": 0, "price": 0.0035, "mark_price": 0.00347004, "iv": 77.38, "instrument_name": "BTC-30DEC22-45000-C", "index_price": 18996.03, "direction": "sell", "amount": 5.0}, {"trade_seq": 2539, "trade_id": "229902668", "timestamp": 1663845207967, "tick_direction": 3, "price": 0.003, "mark_price": 0.00343489, "iv": 75.39, "instrument_name": "BTC-30DEC22-45000-C", "index_price": 19068.19, "direction": "sell", "amount": 2.2}, {"trade_seq": 2538, "trade_id": "229902667", "timestamp": 1663845207967, "tick_direction": 2, "price": 0.003, "mark_price": 0.00343489, "iv": 75.39, "instrument_name": "BTC-30DEC22-45000-C", "index_price": 19068.19, "direction": "sell", "amount": 0.8}, {"trade_seq": 2537, "trade_id": "229730205", "timestamp": 1663777094843, "tick_direction": 2, "price": 0.0035, "mark_price": 0.00333131, "iv": 76.08, "instrument_name": "BTC-30DEC22-45000-C", "index_price": 19245.95, "direction": "buy", "amount": 1.0}, {"trade_seq": 2536, "trade_id": "229490715", "timestamp": 1663575634499, "tick_direction": 3, "price": 0.004, "mark_price": 0.00347444, "iv": 79.71, "instrument_name": "BTC-30DEC22-45000-C", "index_price": 18476.55, "direction": "buy", "amount": 5.3}, {"trade_seq": 2535, "trade_id": "229490714", "timestamp": 1663575634499, "tick_direction": 3, "price": 0.004, "mark_price": 0.00347444, "iv": 79.71, "instrument_name": "BTC-30DEC22-45000-C", "index_price": 18476.55, "direction": "buy", "amount": 3.8}, {"trade_seq": 2534, "trade_id": "229473432", "timestamp": 1663567747264, "tick_direction": 3, "price": 0.004, "mark_price": 0.00382213, "iv": 79.63, "instrument_name": "BTC-30DEC22-45000-C", "index_price": 18489.52, "direction": "sell", "amount": 0.5}, {"trade_seq": 2533, "trade_id": "229406214", "timestamp": 1663514422005, "tick_direction": 2, "price": 0.004, "mark_price": 0.00458041, "iv": 74.28, "instrument_name": "BTC-30DEC22-45000-C", "index_price": 19828.29, "direction": "sell", "amount": 0.5}, {"trade_seq": 2532, "trade_id": "229403333", "timestamp": 1663511003250, "tick_direction": 3, "price": 0.0045, "mark_price": 0.00492717, "iv": 75.35, "instrument_name": "BTC-30DEC22-45000-C", "index_price": 19901.09, "direction": "buy", "amount": 0.9}, {"trade_seq": 2531, "trade_id": "229403316", "timestamp": 1663510978727, "tick_direction": 3, "price": 0.0045, "mark_price": 0.00493941, "iv": 75.37, "instrument_name": "BTC-30DEC22-45000-C", "index_price": 19896.45, "direction": "sell", "amount": 1.0}, {"trade_seq": 2530, "trade_id": "229403315", "timestamp": 1663510978727, "tick_direction": 2, "price": 0.0045, "mark_price": 0.00493941, "iv": 75.37, "instrument_name": "BTC-30DEC22-45000-C", "index_price": 19896.45, "direction": "sell", "amount": 3.0}, {"trade_seq": 2529, "trade_id": "229327379", "timestamp": 1663347774703, "tick_direction": 3, "price": 0.0055, "mark_price": 0.00498297, "iv": 78.44, "instrument_name": "BTC-30DEC22-45000-C", "index_price": 19533.83, "direction": "buy", "amount": 0.2}, {"trade_seq": 2528, "trade_id": "229294511", "timestamp": 1663316429880, "tick_direction": 3, "price": 0.0055, "mark_price": 0.00495302, "iv": 77.72, "instrument_name": "BTC-30DEC22-45000-C", "index_price": 19683.43, "direction": "buy", "amount": 2.4}, {"trade_seq": 2527, "trade_id": "229283091", "timestamp": 1663297533320, "tick_direction": 3, "price": 0.0055, "mark_price": 0.00561866, "iv": 77.42, "instrument_name": "BTC-30DEC22-45000-C", "index_price": 19730.55, "direction": "sell", "amount": 1.0}, {"trade_seq": 2526, "trade_id": "229283090", "timestamp": 1663297533320, "tick_direction": 3, "price": 0.0055, "mark_price": 0.00561866, "iv": 77.42, "instrument_name": "BTC-30DEC22-45000-C", "index_price": 19730.55, "direction": "sell", "amount": 0.1}, {"trade_seq": 2525, "trade_id": "229270782", "timestamp": 1663274344158, "tick_direction": 2, "price": 0.0055, "mark_price": 0.0057005, "iv": 77.24, "instrument_name": "BTC-30DEC22-45000-C", "index_price": 19760.99, "direction": "sell", "amount": 0.4}, {"trade_seq": 2524, "trade_id": "229253008", "timestamp": 1663254738803, "tick_direction": 2, "price": 0.006, "mark_price": 0.00581167, "iv": 78.58, "instrument_name": "BTC-30DEC22-45000-C", "index_price": 19663.99, "direction": "buy", "amount": 3.5}, {"trade_seq": 2523, "trade_id": "229190972", "timestamp": 1663196451206, "tick_direction": 2, "price": 0.0065, "mark_price": 0.00670389, "iv": 77.0, "instrument_name": "BTC-30DEC22-45000-C", "index_price": 20307.74, "direction": "sell", "amount": 18.0}, {"trade_seq": 2522, "trade_id": "229157786", "timestamp": 1663165765962, "tick_direction": 2, "price": 0.0068, "mark_price": 0.00685134, "iv": 78.11, "instrument_name": "BTC-30DEC22-45000-C", "index_price": 20135.1, "direction": "buy", "combo_trade_id": "229157784", "combo_id": "BTC-CS-30DEC22-40000_45000", "amount": 1.0}, {"trade_seq": 2521, "trade_id": "229105186", "timestamp": 1663105617942, "tick_direction": 3, "price": 0.007, "mark_price": 0.00689625, "iv": 78.34, "instrument_name": "BTC-30DEC22-45000-C", "index_price": 20117.27, "direction": "sell", "amount": 5.2}, {"trade_seq": 2520, "trade_id": "229087521", "timestamp": 1663096459381, "tick_direction": 2, "price": 0.007, "mark_price": 0.00742151, "iv": 78.2, "instrument_name": "BTC-30DEC22-45000-C", "index_price": 20131.56, "direction": "sell", "amount": 5.0}, {"trade_seq": 2519, "trade_id": "229073070", "timestamp": 1663089960670, "tick_direction": 3, "price": 0.0085, "mark_price": 0.00894869, "iv": 78.27, "instrument_name": "BTC-30DEC22-45000-C", "index_price": 20820.75, "direction": "sell", "amount": 3.0}, {"trade_seq": 2518, "trade_id": "229073069", "timestamp": 1663089960670, "tick_direction": 2, "price": 0.0085, "mark_price": 0.00894869, "iv": 78.27, "instrument_name": "BTC-30DEC22-45000-C", "index_price": 20820.75, "direction": "sell", "amount": 0.5}, {"trade_seq": 2517, "trade_id": "229033525", "timestamp": 1663076860662, "tick_direction": 3, "price": 0.009, "mark_price": 0.00959297, "iv": 77.25, "instrument_name": "BTC-30DEC22-45000-C", "index_price": 21303.89, "direction": "sell", "amount": 6.2}, {"trade_seq": 2516, "trade_id": "229033524", "timestamp": 1663076860662, "tick_direction": 2, "price": 0.009, "mark_price": 0.00959297, "iv": 77.25, "instrument_name": "BTC-30DEC22-45000-C", "index_price": 21303.89, "direction": "sell", "amount": 3.8}, {"trade_seq": 2515, "trade_id": "229008262", "timestamp": 1663072925155, "tick_direction": 2, "price": 0.011, "mark_price": 0.01099317, "iv": 78.31, "instrument_name": "BTC-30DEC22-45000-C", "index_price": 21776.74, "direction": "sell", "amount": 0.9}, {"trade_seq": 2514, "trade_id": "228975150", "timestamp": 1663068088450, "tick_direction": 0, "price": 0.0125, "mark_price": 0.01266162, "iv": 77.0, "instrument_name": "BTC-30DEC22-45000-C", "index_price": 22655.47, "direction": "sell", "amount": 2.5}, {"trade_seq": 2513, "trade_id": "228964261", "timestamp": 1663056321519, "tick_direction": 2, "price": 0.012, "mark_price": 0.01243208, "iv": 77.77, "instrument_name": "BTC-30DEC22-45000-C", "index_price": 22268.28, "direction": "sell", "amount": 0.5}, {"trade_seq": 2512, "trade_id": "228963258", "timestamp": 1663055568839, "tick_direction": 1, "price": 0.0125, "mark_price": 0.01256221, "iv": 78.25, "instrument_name": "BTC-30DEC22-45000-C", "index_price": 22307.73, "direction": "buy", "amount": 1.1}, {"trade_seq": 2511, "trade_id": "228963257", "timestamp": 1663055568290, "tick_direction": 1, "price": 0.0125, "mark_price": 0.01256221, "iv": 78.25, "instrument_name": "BTC-30DEC22-45000-C", "index_price": 22307.73, "direction": "buy", "amount": 1.4}, {"trade_seq": 2510, "trade_id": "228963256", "timestamp": 1663055566689, "tick_direction": 1, "price": 0.0125, "mark_price": 0.01256047, "iv": 78.25, "instrument_name": "BTC-30DEC22-45000-C", "index_price": 22308.17, "direction": "sell", "amount": 2.5}, {"trade_seq": 2509, "trade_id": "228963237", "timestamp": 1663055539732, "tick_direction": 1, "price": 0.0125, "mark_price": 0.0125527, "iv": 78.24, "instrument_name": "BTC-30DEC22-45000-C", "index_price": 22312.0, "direction": "sell", "amount": 2.4}, {"trade_seq": 2508, "trade_id": "228963225", "timestamp": 1663055531613, "tick_direction": 1, "price": 0.0125, "mark_price": 0.01254281, "iv": 78.25, "instrument_name": "BTC-30DEC22-45000-C", "index_price": 22307.9, "direction": "buy", "amount": 0.5}, {"trade_seq": 2507, "trade_id": "228963224", "timestamp": 1663055529665, "tick_direction": 1, "price": 0.0125, "mark_price": 0.01254384, "iv": 78.24, "instrument_name": "BTC-30DEC22-45000-C", "index_price": 22310.07, "direction": "buy", "amount": 1.9}, {"trade_seq": 2506, "trade_id": "228963223", "timestamp": 1663055527558, "tick_direction": 0, "price": 0.0125, "mark_price": 0.01255134, "iv": 78.25, "instrument_name": "BTC-30DEC22-45000-C", "index_price": 22309.37, "direction": "sell", "amount": 2.5}, {"trade_seq": 2505, "trade_id": "228958349", "timestamp": 1663052513184, "tick_direction": 1, "price": 0.012, "mark_price": 0.01171616, "iv": 77.35, "instrument_name": "BTC-30DEC22-45000-C", "index_price": 22376.66, "direction": "buy", "amount": 0.1}, {"trade_seq": 2504, "trade_id": "228958347", "timestamp": 1663052510035, "tick_direction": 1, "price": 0.012, "mark_price": 0.01170873, "iv": 77.35, "instrument_name": "BTC-30DEC22-45000-C", "index_price": 22374.49, "direction": "buy", "amount": 0.1}, {"trade_seq": 2503, "trade_id": "228958346", "timestamp": 1663052508194, "tick_direction": 1, "price": 0.012, "mark_price": 0.0117126, "iv": 77.35, "instrument_name": "BTC-30DEC22-45000-C", "index_price": 22376.16, "direction": "buy", "amount": 0.1}, {"trade_seq": 2502, "trade_id": "228958345", "timestamp": 1663052507176, "tick_direction": 1, "price": 0.012, "mark_price": 0.0117074, "iv": 77.35, "instrument_name": "BTC-30DEC22-45000-C", "index_price": 22374.44, "direction": "buy", "amount": 0.1}, {"trade_seq": 2501, "trade_id": "228958343", "timestamp": 1663052501126, "tick_direction": 1, "price": 0.012, "mark_price": 0.01171406, "iv": 77.34, "instrument_name": "BTC-30DEC22-45000-C", "index_price": 22377.81, "direction": "buy", "amount": 0.1}, {"trade_seq": 2500, "trade_id": "228958342", "timestamp": 1663052501088, "tick_direction": 1, "price": 0.012, "mark_price": 0.01171406, "iv": 77.34, "instrument_name": "BTC-30DEC22-45000-C", "index_price": 22377.81, "direction": "buy", "amount": 0.1}, {"trade_seq": 2499, "trade_id": "228958341", "timestamp": 1663052501077, "tick_direction": 1, "price": 0.012, "mark_price": 0.01171406, "iv": 77.34, "instrument_name": "BTC-30DEC22-45000-C", "index_price": 22377.81, "direction": "buy", "amount": 0.1}, {"trade_seq": 2498, "trade_id": "228958340", "timestamp": 1663052500608, "tick_direction": 1, "price": 0.012, "mark_price": 0.01170191, "iv": 77.34, "instrument_name": "BTC-30DEC22-45000-C", "index_price": 22377.81, "direction": "buy", "amount": 0.1}, {"trade_seq": 2497, "trade_id": "228958339", "timestamp": 1663052500596, "tick_direction": 1, "price": 0.012, "mark_price": 0.01170191, "iv": 77.34, "instrument_name": "BTC-30DEC22-45000-C", "index_price": 22377.81, "direction": "buy", "amount": 0.1}, {"trade_seq": 2496, "trade_id": "228958324", "timestamp": 1663052499261, "tick_direction": 1, "price": 0.012, "mark_price": 0.01170067, "iv": 77.36, "instrument_name": "BTC-30DEC22-45000-C", "index_price": 22373.33, "direction": "buy", "amount": 0.1}, {"trade_seq": 2495, "trade_id": "228958310", "timestamp": 1663052488391, "tick_direction": 1, "price": 0.012, "mark_price": 0.01170311, "iv": 77.35, "instrument_name": "BTC-30DEC22-45000-C", "index_price": 22377.23, "direction": "buy", "amount": 0.1}, {"trade_seq": 2494, "trade_id": "228958304", "timestamp": 1663052487835, "tick_direction": 1, "price": 0.012, "mark_price": 0.01170311, "iv": 77.36, "instrument_name": "BTC-30DEC22-45000-C", "index_price": 22377.51, "direction": "buy", "amount": 0.1}, {"trade_seq": 2493, "trade_id": "228958303", "timestamp": 1663052487217, "tick_direction": 1, "price": 0.012, "mark_price": 0.01169502, "iv": 77.36, "instrument_name": "BTC-30DEC22-45000-C", "index_price": 22374.77, "direction": "buy", "amount": 0.1}, {"trade_seq": 2492, "trade_id": "228958302", "timestamp": 1663052487193, "tick_direction": 1, "price": 0.012, "mark_price": 0.01169502, "iv": 77.36, "instrument_name": "BTC-30DEC22-45000-C", "index_price": 22374.77, "direction": "buy", "amount": 0.1}, {"trade_seq": 2491, "trade_id": "228958301", "timestamp": 1663052487102, "tick_direction": 1, "price": 0.012, "mark_price": 0.01169502, "iv": 77.36, "instrument_name": "BTC-30DEC22-45000-C", "index_price": 22374.77, "direction": "buy", "amount": 0.1}, {"trade_seq": 2490, "trade_id": "228958298", "timestamp": 1663052486798, "tick_direction": 1, "price": 0.012, "mark_price": 0.01169502, "iv": 77.36, "instrument_name": "BTC-30DEC22-45000-C", "index_price": 22374.77, "direction": "buy", "amount": 0.1}, {"trade_seq": 2489, "trade_id": "228958296", "timestamp": 1663052486669, "tick_direction": 1, "price": 0.012, "mark_price": 0.01167874, "iv": 77.36, "instrument_name": "BTC-30DEC22-45000-C", "index_price": 22374.77, "direction": "buy", "amount": 0.1}, {"trade_seq": 2488, "trade_id": "228958294", "timestamp": 1663052486633, "tick_direction": 1, "price": 0.012, "mark_price": 0.01167874, "iv": 77.36, "instrument_name": "BTC-30DEC22-45000-C", "index_price": 22374.77, "direction": "buy", "amount": 0.1}, {"trade_seq": 2487, "trade_id": "228958291", "timestamp": 1663052486505, "tick_direction": 1, "price": 0.012, "mark_price": 0.01167874, "iv": 77.36, "instrument_name": "BTC-30DEC22-45000-C", "index_price": 22374.77, "direction": "buy", "amount": 0.1}, {"trade_seq": 2486, "trade_id": "228958290", "timestamp": 1663052486469, "tick_direction": 1, "price": 0.012, "mark_price": 0.01167874, "iv": 77.36, "instrument_name": "BTC-30DEC22-45000-C", "index_price": 22374.77, "direction": "buy", "amount": 0.1}, {"trade_seq": 2485, "trade_id": "228958283", "timestamp": 1663052486131, "tick_direction": 1, "price": 0.012, "mark_price": 0.01167874, "iv": 77.38, "instrument_name": "BTC-30DEC22-45000-C", "index_price": 22368.73, "direction": "buy", "amount": 0.1}, {"trade_seq": 2484, "trade_id": "228958259", "timestamp": 1663052485471, "tick_direction": 1, "price": 0.012, "mark_price": 0.01167715, "iv": 77.38, "instrument_name": "BTC-30DEC22-45000-C", "index_price": 22368.73, "direction": "buy", "amount": 0.1}, {"trade_seq": 2483, "trade_id": "228958258", "timestamp": 1663052485460, "tick_direction": 1, "price": 0.012, "mark_price": 0.01167715, "iv": 77.38, "instrument_name": "BTC-30DEC22-45000-C", "index_price": 22368.73, "direction": "buy", "amount": 0.1}, {"trade_seq": 2482, "trade_id": "228958257", "timestamp": 1663052483440, "tick_direction": 1, "price": 0.012, "mark_price": 0.01167859, "iv": 77.38, "instrument_name": "BTC-30DEC22-45000-C", "index_price": 22368.2, "direction": "buy", "amount": 0.1}, {"trade_seq": 2481, "trade_id": "228958256", "timestamp": 1663052480683, "tick_direction": 1, "price": 0.012, "mark_price": 0.01167697, "iv": 77.38, "instrument_name": "BTC-30DEC22-45000-C", "index_price": 22367.64, "direction": "buy", "amount": 0.1}, {"trade_seq": 2480, "trade_id": "228958254", "timestamp": 1663052477085, "tick_direction": 1, "price": 0.012, "mark_price": 0.01167967, "iv": 77.38, "instrument_name": "BTC-30DEC22-45000-C", "index_price": 22368.37, "direction": "buy", "amount": 0.1}, {"trade_seq": 2479, "trade_id": "228958253", "timestamp": 1663052477072, "tick_direction": 1, "price": 0.012, "mark_price": 0.01167967, "iv": 77.38, "instrument_name": "BTC-30DEC22-45000-C", "index_price": 22368.37, "direction": "buy", "amount": 0.1}, {"trade_seq": 2478, "trade_id": "228958252", "timestamp": 1663052477048, "tick_direction": 1, "price": 0.012, "mark_price": 0.01167967, "iv": 77.38, "instrument_name": "BTC-30DEC22-45000-C", "index_price": 22368.37, "direction": "buy", "amount": 0.1}, {"trade_seq": 2477, "trade_id": "228958250", "timestamp": 1663052476612, "tick_direction": 1, "price": 0.012, "mark_price": 0.01167967, "iv": 77.38, "instrument_name": "BTC-30DEC22-45000-C", "index_price": 22368.37, "direction": "buy", "amount": 0.1}, {"trade_seq": 2476, "trade_id": "228958249", "timestamp": 1663052476598, "tick_direction": 1, "price": 0.012, "mark_price": 0.01167967, "iv": 77.38, "instrument_name": "BTC-30DEC22-45000-C", "index_price": 22368.37, "direction": "buy", "amount": 0.1}, {"trade_seq": 2475, "trade_id": "228958248", "timestamp": 1663052474943, "tick_direction": 1, "price": 0.012, "mark_price": 0.01167652, "iv": 77.38, "instrument_name": "BTC-30DEC22-45000-C", "index_price": 22366.84, "direction": "buy", "amount": 0.1}, {"trade_seq": 2474, "trade_id": "228958247", "timestamp": 1663052474906, "tick_direction": 1, "price": 0.012, "mark_price": 0.01167652, "iv": 77.38, "instrument_name": "BTC-30DEC22-45000-C", "index_price": 22366.84, "direction": "buy", "amount": 0.1}, {"trade_seq": 2473, "trade_id": "228958246", "timestamp": 1663052474732, "tick_direction": 1, "price": 0.012, "mark_price": 0.01167652, "iv": 77.38, "instrument_name": "BTC-30DEC22-45000-C", "index_price": 22366.84, "direction": "buy", "amount": 0.1}, {"trade_seq": 2472, "trade_id": "228958245", "timestamp": 1663052473635, "tick_direction": 1, "price": 0.012, "mark_price": 0.01167796, "iv": 77.38, "instrument_name": "BTC-30DEC22-45000-C", "index_price": 22367.64, "direction": "buy", "amount": 0.1}, {"trade_seq": 2471, "trade_id": "228958244", "timestamp": 1663052472781, "tick_direction": 0, "price": 0.012, "mark_price": 0.01167049, "iv": 77.39, "instrument_name": "BTC-30DEC22-45000-C", "index_price": 22364.89, "direction": "buy", "amount": 0.1}, {"trade_seq": 2470, "trade_id": "228937024", "timestamp": 1663029306263, "tick_direction": 2, "price": 0.011, "mark_price": 0.01122902, "iv": 76.79, "instrument_name": "BTC-30DEC22-45000-C", "index_price": 22139.27, "direction": "sell", "amount": 0.1}, {"trade_seq": 2469, "trade_id": "228918500", "timestamp": 1663007264785, "tick_direction": 3, "price": 0.0115, "mark_price": 0.01119712, "iv": 76.78, "instrument_name": "BTC-30DEC22-45000-C", "index_price": 22309.56, "direction": "sell", "amount": 1.0}, {"trade_seq": 2468, "trade_id": "228918499", "timestamp": 1663007264785, "tick_direction": 3, "price": 0.0115, "mark_price": 0.01119712, "iv": 76.78, "instrument_name": "BTC-30DEC22-45000-C", "index_price": 22309.56, "direction": "sell", "amount": 1.0}, {"trade_seq": 2467, "trade_id": "228918498", "timestamp": 1663007260409, "tick_direction": 3, "price": 0.0115, "mark_price": 0.01120072, "iv": 76.77, "instrument_name": "BTC-30DEC22-45000-C", "index_price": 22313.96, "direction": "sell", "amount": 1.0}, {"trade_seq": 2466, "trade_id": "228918497", "timestamp": 1663007260052, "tick_direction": 3, "price": 0.0115, "mark_price": 0.01120138, "iv": 76.77, "instrument_name": "BTC-30DEC22-45000-C", "index_price": 22313.96, "direction": "sell", "amount": 1.0}, {"trade_seq": 2465, "trade_id": "228918496", "timestamp": 1663007256845, "tick_direction": 3, "price": 0.0115, "mark_price": 0.01119439, "iv": 76.77, "instrument_name": "BTC-30DEC22-45000-C", "index_price": 22312.62, "direction": "sell", "amount": 1.0}, {"trade_seq": 2464, "trade_id": "228918495", "timestamp": 1663007254697, "tick_direction": 3, "price": 0.0115, "mark_price": 0.01118413, "iv": 76.77, "instrument_name": "BTC-30DEC22-45000-C", "index_price": 22312.55, "direction": "sell", "amount": 1.0}, {"trade_seq": 2463, "trade_id": "228918490", "timestamp": 1663007252644, "tick_direction": 3, "price": 0.0115, "mark_price": 0.01118447, "iv": 76.78, "instrument_name": "BTC-30DEC22-45000-C", "index_price": 22308.75, "direction": "sell", "amount": 1.0}, {"trade_seq": 2462, "trade_id": "228918489", "timestamp": 1663007251591, "tick_direction": 3, "price": 0.0115, "mark_price": 0.01117741, "iv": 76.78, "instrument_name": "BTC-30DEC22-45000-C", "index_price": 22308.47, "direction": "sell", "amount": 1.0}, {"trade_seq": 2461, "trade_id": "228918488", "timestamp": 1663007250565, "tick_direction": 3, "price": 0.0115, "mark_price": 0.01117972, "iv": 76.79, "instrument_name": "BTC-30DEC22-45000-C", "index_price": 22306.06, "direction": "sell", "amount": 1.0}, {"trade_seq": 2460, "trade_id": "228918487", "timestamp": 1663007249534, "tick_direction": 3, "price": 0.0115, "mark_price": 0.01118036, "iv": 76.79, "instrument_name": "BTC-30DEC22-45000-C", "index_price": 22307.15, "direction": "sell", "amount": 1.0}, {"trade_seq": 2459, "trade_id": "228918466", "timestamp": 1663007219617, "tick_direction": 2, "price": 0.0115, "mark_price": 0.01120007, "iv": 76.75, "instrument_name": "BTC-30DEC22-45000-C", "index_price": 22317.2, "direction": "sell", "amount": 1.0}, {"trade_seq": 2458, "trade_id": "228875002", "timestamp": 1662970770099, "tick_direction": 1, "price": 0.012, "mark_price": 0.01131417, "iv": 77.83, "instrument_name": "BTC-30DEC22-45000-C", "index_price": 22170.88, "direction": "buy", "amount": 7.0}, {"trade_seq": 2457, "trade_id": "228873115", "timestamp": 1662969749864, "tick_direction": 0, "price": 0.012, "mark_price": 0.01114119, "iv": 77.69, "instrument_name": "BTC-30DEC22-45000-C", "index_price": 22213.81, "direction": "buy", "amount": 3.0}, {"trade_seq": 2456, "trade_id": "228872438", "timestamp": 1662969420627, "tick_direction": 1, "price": 0.011, "mark_price": 0.01118089, "iv": 76.38, "instrument_name": "BTC-30DEC22-45000-C", "index_price": 22204.05, "direction": "buy", "amount": 0.1}, {"trade_seq": 2455, "trade_id": "228867781", "timestamp": 1662967903829, "tick_direction": 0, "price": 0.011, "mark_price": 0.01085902, "iv": 76.97, "instrument_name": "BTC-30DEC22-45000-C", "index_price": 22050.26, "direction": "sell", "amount": 5.0}, {"trade_seq": 2454, "trade_id": "228864479", "timestamp": 1662966451470, "tick_direction": 0, "price": 0.01, "mark_price": 0.01055317, "iv": 76.28, "instrument_name": "BTC-30DEC22-45000-C", "index_price": 21850.17, "direction": "sell", "amount": 0.1}, {"trade_seq": 2453, "trade_id": "228686372", "timestamp": 1662727544721, "tick_direction": 3, "price": 0.008, "mark_price": 0.00850334, "iv": 74.7, "instrument_name": "BTC-30DEC22-45000-C", "index_price": 21153.6, "direction": "sell", "amount": 4.3}, {"trade_seq": 2452, "trade_id": "228686371", "timestamp": 1662727544721, "tick_direction": 3, "price": 0.008, "mark_price": 0.00850334, "iv": 74.7, "instrument_name": "BTC-30DEC22-45000-C", "index_price": 21153.6, "direction": "sell", "amount": 5.2}, {"trade_seq": 2451, "trade_id": "228686370", "timestamp": 1662727544721, "tick_direction": 2, "price": 0.008, "mark_price": 0.00850334, "iv": 74.7, "instrument_name": "BTC-30DEC22-45000-C", "index_price": 21153.6, "direction": "sell", "amount": 5.5}, {"trade_seq": 2450, "trade_id": "228678141", "timestamp": 1662721099331, "tick_direction": 1, "price": 0.0085, "mark_price": 0.00850806, "iv": 75.76, "instrument_name": "BTC-30DEC22-45000-C", "index_price": 21063.13, "direction": "sell", "amount": 5.4}, {"trade_seq": 2449, "trade_id": "228675490", "timestamp": 1662720212824, "tick_direction": 0, "price": 0.0085, "mark_price": 0.00866432, "iv": 75.8, "instrument_name": "BTC-30DEC22-45000-C", "index_price": 21065.87, "direction": "buy", "amount": 1.0}, {"trade_seq": 2448, "trade_id": "228625626", "timestamp": 1662698508289, "tick_direction": 0, "price": 0.007, "mark_price": 0.00729607, "iv": 75.81, "instrument_name": "BTC-30DEC22-45000-C", "index_price": 20325.88, "direction": "sell", "amount": 0.2}, {"trade_seq": 2447, "trade_id": "228577840", "timestamp": 1662655526908, "tick_direction": 1, "price": 0.0065, "mark_price": 0.00654461, "iv": 78.85, "instrument_name": "BTC-30DEC22-45000-C", "index_price": 19205.03, "direction": "sell", "combo_id": "BTC-CS-30DEC22-30000_45000", "block_trade_id": "48698", "amount": 50.0}, {"trade_seq": 2446, "trade_id": "228572350", "timestamp": 1662652352797, "tick_direction": 0, "price": 0.0065, "mark_price": 0.00664441, "iv": 78.72, "instrument_name": "BTC-30DEC22-45000-C", "index_price": 19241.81, "direction": "sell", "amount": 12.0}, {"trade_seq": 2445, "trade_id": "228571040", "timestamp": 1662651311071, "tick_direction": 3, "price": 0.006, "mark_price": 0.00654082, "iv": 77.36, "instrument_name": "BTC-30DEC22-45000-C", "index_price": 19335.01, "direction": "sell", "amount": 4.5}, {"trade_seq": 2444, "trade_id": "228571039", "timestamp": 1662651311071, "tick_direction": 2, "price": 0.006, "mark_price": 0.00654082, "iv": 77.36, "instrument_name": "BTC-30DEC22-45000-C", "index_price": 19335.01, "direction": "sell", "amount": 5.5}, {"trade_seq": 2443, "trade_id": "228540767", "timestamp": 1662639651880, "tick_direction": 1, "price": 0.007, "mark_price": 0.00634588, "iv": 79.64, "instrument_name": "BTC-30DEC22-45000-C", "index_price": 19242.64, "direction": "buy", "amount": 7.3}, {"trade_seq": 2442, "trade_id": "228540766", "timestamp": 1662639651880, "tick_direction": 1, "price": 0.007, "mark_price": 0.00634588, "iv": 79.64, "instrument_name": "BTC-30DEC22-45000-C", "index_price": 19242.64, "direction": "buy", "amount": 3.9}, {"trade_seq": 2441, "trade_id": "228540765", "timestamp": 1662639651880, "tick_direction": 0, "price": 0.007, "mark_price": 0.00634588, "iv": 79.64, "instrument_name": "BTC-30DEC22-45000-C", "index_price": 19242.64, "direction": "buy", "amount": 3.8}, {"trade_seq": 2440, "trade_id": "228540314", "timestamp": 1662639418186, "tick_direction": 1, "price": 0.0065, "mark_price": 0.00641122, "iv": 78.25, "instrument_name": "BTC-30DEC22-45000-C", "index_price": 19355.56, "direction": "sell", "amount": 14.0}, {"trade_seq": 2439, "trade_id": "228540313", "timestamp": 1662639418182, "tick_direction": 0, "price": 0.0065, "mark_price": 0.00641122, "iv": 78.25, "instrument_name": "BTC-30DEC22-45000-C", "index_price": 19355.56, "direction": "buy", "amount": 1.0}, {"trade_seq": 2438, "trade_id": "228520724", "timestamp": 1662608732723, "tick_direction": 3, "price": 0.006, "mark_price": 0.0064932, "iv": 77.59, "instrument_name": "BTC-30DEC22-45000-C", "index_price": 19225.93, "direction": "sell", "amount": 2.0}, {"trade_seq": 2437, "trade_id": "228471545", "timestamp": 1662541362456, "tick_direction": 2, "price": 0.006, "mark_price": 0.00647618, "iv": 78.89, "instrument_name": "BTC-30DEC22-45000-C", "index_price": 18807.97, "direction": "sell", "amount": 2.5}, {"trade_seq": 2436, "trade_id": "228467362", "timestamp": 1662536574095, "tick_direction": 0, "price": 0.0065, "mark_price": 0.00626646, "iv": 80.06, "instrument_name": "BTC-30DEC22-45000-C", "index_price": 18775.41, "direction": "buy", "amount": 10.0}, {"trade_seq": 2435, "trade_id": "228466089", "timestamp": 1662534349008, "tick_direction": 0, "price": 0.0063, "mark_price": 0.00622583, "iv": 79.57, "instrument_name": "BTC-30DEC22-45000-C", "index_price": 18794.39, "direction": "buy", "combo_id": "BTC-CS-30DEC22-30000_45000", "block_trade_id": "48597", "amount": 50.0}, {"trade_seq": 2434, "trade_id": "228465731", "timestamp": 1662533727287, "tick_direction": 2, "price": 0.006, "mark_price": 0.00624908, "iv": 78.87, "instrument_name": "BTC-30DEC22-45000-C", "index_price": 18807.32, "direction": "sell", "amount": 2.0}, {"trade_seq": 2433, "trade_id": "228212782", "timestamp": 1662277344519, "tick_direction": 3, "price": 0.0065, "mark_price": 0.00669702, "iv": 75.65, "instrument_name": "BTC-30DEC22-45000-C", "index_price": 19700.85, "direction": "buy", "amount": 1.0}, {"trade_seq": 2432, "trade_id": "228212604", "timestamp": 1662277136283, "tick_direction": 2, "price": 0.0065, "mark_price": 0.00672039, "iv": 75.61, "instrument_name": "BTC-30DEC22-45000-C", "index_price": 19709.05, "direction": "buy", "amount": 1.0}, {"trade_seq": 2431, "trade_id": "228172100", "timestamp": 1662156071612, "tick_direction": 2, "price": 0.007, "mark_price": 0.00720905, "iv": 75.15, "instrument_name": "BTC-30DEC22-45000-C", "index_price": 19965.74, "direction": "buy", "amount": 0.3}, {"trade_seq": 2430, "trade_id": "228019179", "timestamp": 1662021020769, "tick_direction": 1, "price": 0.008, "mark_price": 0.0080058, "iv": 76.73, "instrument_name": "BTC-30DEC22-45000-C", "index_price": 19875.43, "direction": "sell", "amount": 3.7}, {"trade_seq": 2429, "trade_id": "227961645", "timestamp": 1661957603651, "tick_direction": 0, "price": 0.008, "mark_price": 0.00759444, "iv": 75.51, "instrument_name": "BTC-30DEC22-45000-C", "index_price": 20143.01, "direction": "buy", "amount": 2.0}, {"trade_seq": 2428, "trade_id": "227941471", "timestamp": 1661936537500, "tick_direction": 2, "price": 0.0075, "mark_price": 0.00743304, "iv": 74.33, "instrument_name": "BTC-30DEC22-45000-C", "index_price": 20208.21, "direction": "sell", "amount": 5.0}, {"trade_seq": 2427, "trade_id": "227847925", "timestamp": 1661851027549, "tick_direction": 3, "price": 0.008, "mark_price": 0.00813901, "iv": 74.17, "instrument_name": "BTC-30DEC22-45000-C", "index_price": 20401.71, "direction": "buy", "amount": 4.0}, {"trade_seq": 2426, "trade_id": "227847666", "timestamp": 1661850791673, "tick_direction": 3, "price": 0.008, "mark_price": 0.00804746, "iv": 74.2, "instrument_name": "BTC-30DEC22-45000-C", "index_price": 20395.82, "direction": "buy", "amount": 4.0}, {"trade_seq": 2425, "trade_id": "227843838", "timestamp": 1661846078442, "tick_direction": 3, "price": 0.008, "mark_price": 0.00824436, "iv": 74.01, "instrument_name": "BTC-30DEC22-45000-C", "index_price": 20435.14, "direction": "buy", "amount": 0.5}, {"trade_seq": 2424, "trade_id": "227843837", "timestamp": 1661846078439, "tick_direction": 2, "price": 0.008, "mark_price": 0.00824436, "iv": 74.01, "instrument_name": "BTC-30DEC22-45000-C", "index_price": 20435.14, "direction": "sell", "amount": 4.5}, {"trade_seq": 2423, "trade_id": "227840738", "timestamp": 1661843727433, "tick_direction": 3, "price": 0.0085, "mark_price": 0.00862648, "iv": 74.67, "instrument_name": "BTC-30DEC22-45000-C", "index_price": 20469.49, "direction": "buy", "amount": 1.0}, {"trade_seq": 2422, "trade_id": "227802840", "timestamp": 1661787451312, "tick_direction": 3, "price": 0.0085, "mark_price": 0.00887299, "iv": 75.22, "instrument_name": "BTC-30DEC22-45000-C", "index_price": 20277.14, "direction": "buy", "amount": 4.0}, {"trade_seq": 2421, "trade_id": "227802802", "timestamp": 1661787420918, "tick_direction": 2, "price": 0.0085, "mark_price": 0.00885407, "iv": 75.27, "instrument_name": "BTC-30DEC22-45000-C", "index_price": 20262.0, "direction": "buy", "amount": 4.0}, {"trade_seq": 2420, "trade_id": "227802262", "timestamp": 1661786842570, "tick_direction": 0, "price": 0.0095, "mark_price": 0.00879828, "iv": 77.02, "instrument_name": "BTC-30DEC22-45000-C", "index_price": 20195.11, "direction": "sell", "amount": 1.0}, {"trade_seq": 2419, "trade_id": "227802250", "timestamp": 1661786824825, "tick_direction": 2, "price": 0.0085, "mark_price": 0.00880664, "iv": 75.47, "instrument_name": "BTC-30DEC22-45000-C", "index_price": 20201.69, "direction": "buy", "amount": 4.0}, {"trade_seq": 2418, "trade_id": "227761464", "timestamp": 1661742971991, "tick_direction": 1, "price": 0.0095, "mark_price": 0.00946666, "iv": 78.52, "instrument_name": "BTC-30DEC22-45000-C", "index_price": 19759.04, "direction": "sell", "amount": 1.0}, {"trade_seq": 2417, "trade_id": "227761463", "timestamp": 1661742962299, "tick_direction": 0, "price": 0.0095, "mark_price": 0.00946887, "iv": 78.52, "instrument_name": "BTC-30DEC22-45000-C", "index_price": 19759.74, "direction": "sell", "amount": 1.0}, {"trade_seq": 2416, "trade_id": "227756568", "timestamp": 1661734400602, "tick_direction": 3, "price": 0.009, "mark_price": 0.00969598, "iv": 78.04, "instrument_name": "BTC-30DEC22-45000-C", "index_price": 19676.22, "direction": "sell", "amount": 3.5}, {"trade_seq": 2415, "trade_id": "227756567", "timestamp": 1661734400602, "tick_direction": 2, "price": 0.009, "mark_price": 0.00969598, "iv": 78.04, "instrument_name": "BTC-30DEC22-45000-C", "index_price": 19676.22, "direction": "sell", "amount": 1.5}, {"trade_seq": 2414, "trade_id": "227712147", "timestamp": 1661664996607, "tick_direction": 0, "price": 0.0105, "mark_price": 0.00978325, "iv": 78.87, "instrument_name": "BTC-30DEC22-45000-C", "index_price": 19981.0, "direction": "buy", "amount": 2.0}, {"trade_seq": 2413, "trade_id": "227712134", "timestamp": 1661664971001, "tick_direction": 1, "price": 0.01, "mark_price": 0.00975915, "iv": 78.15, "instrument_name": "BTC-30DEC22-45000-C", "index_price": 19983.71, "direction": "sell", "amount": 2.6}, {"trade_seq": 2412, "trade_id": "227712133", "timestamp": 1661664970990, "tick_direction": 1, "price": 0.01, "mark_price": 0.00975915, "iv": 78.15, "instrument_name": "BTC-30DEC22-45000-C", "index_price": 19983.71, "direction": "sell", "amount": 2.5}, {"trade_seq": 2411, "trade_id": "227712132", "timestamp": 1661664969885, "tick_direction": 1, "price": 0.01, "mark_price": 0.00975816, "iv": 78.15, "instrument_name": "BTC-30DEC22-45000-C", "index_price": 19983.76, "direction": "sell", "amount": 10.6}, {"trade_seq": 2410, "trade_id": "227712131", "timestamp": 1661664969881, "tick_direction": 1, "price": 0.01, "mark_price": 0.00975816, "iv": 78.15, "instrument_name": "BTC-30DEC22-45000-C", "index_price": 19983.76, "direction": "buy", "amount": 2.3}, {"trade_seq": 2409, "trade_id": "227695926", "timestamp": 1661622867678, "tick_direction": 0, "price": 0.01, "mark_price": 0.00992843, "iv": 77.9, "instrument_name": "BTC-30DEC22-45000-C", "index_price": 20006.64, "direction": "sell", "amount": 1.0}, {"trade_seq": 2408, "trade_id": "227675322", "timestamp": 1661603102265, "tick_direction": 2, "price": 0.0095, "mark_price": 0.00938627, "iv": 76.33, "instrument_name": "BTC-30DEC22-45000-C", "index_price": 20223.5, "direction": "sell", "amount": 0.4}, {"trade_seq": 2407, "trade_id": "227643626", "timestamp": 1661559608933, "tick_direction": 1, "price": 0.01, "mark_price": 0.00960342, "iv": 76.89, "instrument_name": "BTC-30DEC22-45000-C", "index_price": 20224.22, "direction": "sell", "amount": 5.2}, {"trade_seq": 2406, "trade_id": "227643625", "timestamp": 1661559608930, "tick_direction": 0, "price": 0.01, "mark_price": 0.00960342, "iv": 76.89, "instrument_name": "BTC-30DEC22-45000-C", "index_price": 20224.22, "direction": "buy", "amount": 4.8}, {"trade_seq": 2405, "trade_id": "227637712", "timestamp": 1661556829768, "tick_direction": 2, "price": 0.0095, "mark_price": 0.00959887, "iv": 76.19, "instrument_name": "BTC-30DEC22-45000-C", "index_price": 20224.02, "direction": "sell", "amount": 4.6}, {"trade_seq": 2404, "trade_id": "227607411", "timestamp": 1661537852841, "tick_direction": 0, "price": 0.0101, "mark_price": 0.00994982, "iv": 75.54, "instrument_name": "BTC-30DEC22-45000-C", "index_price": 20616.49, "direction": "sell", "combo_id": "BTC-CBUT-30DEC22-25000_35000_45000", "block_trade_id": "48061", "amount": 6.3}, {"trade_seq": 2403, "trade_id": "227604639", "timestamp": 1661536344395, "tick_direction": 3, "price": 0.01, "mark_price": 0.00981008, "iv": 75.24, "instrument_name": "BTC-30DEC22-45000-C", "index_price": 20660.52, "direction": "sell", "amount": 5.0}, {"trade_seq": 2402, "trade_id": "227595362", "timestamp": 1661531053797, "tick_direction": 2, "price": 0.01, "mark_price": 0.01030841, "iv": 75.07, "instrument_name": "BTC-30DEC22-45000-C", "index_price": 20693.23, "direction": "sell", "amount": 4.0}, {"trade_seq": 2401, "trade_id": "227509049", "timestamp": 1661508027540, "tick_direction": 1, "price": 0.012, "mark_price": 0.01237566, "iv": 74.91, "instrument_name": "BTC-30DEC22-45000-C", "index_price": 21435.99, "direction": "buy", "amount": 9.8}, {"trade_seq": 2400, "trade_id": "227509048", "timestamp": 1661508027538, "tick_direction": 0, "price": 0.012, "mark_price": 0.01237566, "iv": 74.91, "instrument_name": "BTC-30DEC22-45000-C", "index_price": 21435.99, "direction": "sell", "amount": 3.2}, {"trade_seq": 2399, "trade_id": "227505521", "timestamp": 1661502697226, "tick_direction": 2, "price": 0.0115, "mark_price": 0.01177241, "iv": 74.34, "instrument_name": "BTC-30DEC22-45000-C", "index_price": 21410.7, "direction": "buy", "amount": 1.0}, {"trade_seq": 2398, "trade_id": "227494591", "timestamp": 1661494963443, "tick_direction": 2, "price": 0.012, "mark_price": 0.0125486, "iv": 74.88, "instrument_name": "BTC-30DEC22-45000-C", "index_price": 21454.57, "direction": "sell", "amount": 2.0}, {"trade_seq": 2397, "trade_id": "227474532", "timestamp": 1661460433911, "tick_direction": 3, "price": 0.013, "mark_price": 0.01288014, "iv": 75.25, "instrument_name": "BTC-30DEC22-45000-C", "index_price": 21650.63, "direction": "buy", "amount": 2.3}, {"trade_seq": 2396, "trade_id": "227448475", "timestamp": 1661437344139, "tick_direction": 2, "price": 0.013, "mark_price": 0.01299158, "iv": 75.05, "instrument_name": "BTC-30DEC22-45000-C", "index_price": 21700.82, "direction": "sell", "amount": 2.5}, {"trade_seq": 2395, "trade_id": "227434923", "timestamp": 1661420512121, "tick_direction": 3, "price": 0.0135, "mark_price": 0.01307382, "iv": 75.66, "instrument_name": "BTC-30DEC22-45000-C", "index_price": 21659.88, "direction": "buy", "amount": 3.2}, {"trade_seq": 2394, "trade_id": "227434918", "timestamp": 1661420499521, "tick_direction": 3, "price": 0.0135, "mark_price": 0.013075, "iv": 75.65, "instrument_name": "BTC-30DEC22-45000-C", "index_price": 21662.92, "direction": "buy", "amount": 0.1}, {"trade_seq": 2393, "trade_id": "227434916", "timestamp": 1661420496632, "tick_direction": 3, "price": 0.0135, "mark_price": 0.01307198, "iv": 75.66, "instrument_name": "BTC-30DEC22-45000-C", "index_price": 21661.85, "direction": "buy", "amount": 0.1}, {"trade_seq": 2392, "trade_id": "227434908", "timestamp": 1661420492893, "tick_direction": 3, "price": 0.0135, "mark_price": 0.01307261, "iv": 75.66, "instrument_name": "BTC-30DEC22-45000-C", "index_price": 21661.45, "direction": "buy", "amount": 0.1}, {"trade_seq": 2391, "trade_id": "227434615", "timestamp": 1661420334985, "tick_direction": 3, "price": 0.0135, "mark_price": 0.01300888, "iv": 75.71, "instrument_name": "BTC-30DEC22-45000-C", "index_price": 21643.79, "direction": "buy", "amount": 1.3}, {"trade_seq": 2390, "trade_id": "227433695", "timestamp": 1661417979376, "tick_direction": 3, "price": 0.0135, "mark_price": 0.0134173, "iv": 75.56, "instrument_name": "BTC-30DEC22-45000-C", "index_price": 21690.5, "direction": "sell", "amount": 0.2}, {"trade_seq": 2389, "trade_id": "227433682", "timestamp": 1661417889755, "tick_direction": 3, "price": 0.0135, "mark_price": 0.01347125, "iv": 75.54, "instrument_name": "BTC-30DEC22-45000-C", "index_price": 21696.63, "direction": "sell", "amount": 4.0}, {"trade_seq": 2388, "trade_id": "227408065", "timestamp": 1661377042411, "tick_direction": 3, "price": 0.0135, "mark_price": 0.01377884, "iv": 75.44, "instrument_name": "BTC-30DEC22-45000-C", "index_price": 21690.15, "direction": "sell", "amount": 3.8}, {"trade_seq": 2387, "trade_id": "227408064", "timestamp": 1661377029544, "tick_direction": 2, "price": 0.0135, "mark_price": 0.01378517, "iv": 75.45, "instrument_name": "BTC-30DEC22-45000-C", "index_price": 21688.49, "direction": "sell", "amount": 3.1}, {"trade_seq": 2386, "trade_id": "227393569", "timestamp": 1661356820966, "tick_direction": 3, "price": 0.0145, "mark_price": 0.01432939, "iv": 76.64, "instrument_name": "BTC-30DEC22-45000-C", "index_price": 21634.19, "direction": "sell", "amount": 1.6}, {"trade_seq": 2385, "trade_id": "227393568", "timestamp": 1661356820957, "tick_direction": 3, "price": 0.0145, "mark_price": 0.01432939, "iv": 76.64, "instrument_name": "BTC-30DEC22-45000-C", "index_price": 21634.19, "direction": "sell", "amount": 2.1}, {"trade_seq": 2384, "trade_id": "227393513", "timestamp": 1661356799415, "tick_direction": 3, "price": 0.0145, "mark_price": 0.01427237, "iv": 76.71, "instrument_name": "BTC-30DEC22-45000-C", "index_price": 21613.78, "direction": "sell", "amount": 2.7}, {"trade_seq": 2383, "trade_id": "227328738", "timestamp": 1661263630159, "tick_direction": 1, "price": 0.0165, "mark_price": 0.0162139, "iv": 78.45, "instrument_name": "BTC-30DEC22-45000-C", "index_price": 21613.83, "direction": "sell", "amount": 3.8}, {"trade_seq": 2382, "trade_id": "227328737", "timestamp": 1661263630155, "tick_direction": 0, "price": 0.0165, "mark_price": 0.0162139, "iv": 78.45, "instrument_name": "BTC-30DEC22-45000-C", "index_price": 21613.83, "direction": "buy", "amount": 1.2}, {"trade_seq": 2381, "trade_id": "227324478", "timestamp": 1661261819914, "tick_direction": 0, "price": 0.0159, "mark_price": 0.0158255, "iv": 78.23, "instrument_name": "BTC-30DEC22-45000-C", "index_price": 21503.64, "direction": "buy", "combo_id": "BTC-CS-30DEC22-35000_45000", "block_trade_id": "47741", "amount": 25.0}, {"trade_seq": 2380, "trade_id": "227315591", "timestamp": 1661248646622, "tick_direction": 0, "price": 0.0155, "mark_price": 0.01527748, "iv": 77.92, "instrument_name": "BTC-30DEC22-45000-C", "index_price": 21460.69, "direction": "buy", "combo_id": "BTC-CS-30DEC22-35000_45000", "block_trade_id": "47730", "amount": 25.0}, {"trade_seq": 2379, "trade_id": "227309546", "timestamp": 1661243552243, "tick_direction": 1, "price": 0.015, "mark_price": 0.01530869, "iv": 77.27, "instrument_name": "BTC-30DEC22-45000-C", "index_price": 21483.72, "direction": "buy", "amount": 0.6}, {"trade_seq": 2378, "trade_id": "227309545", "timestamp": 1661243552242, "tick_direction": 1, "price": 0.015, "mark_price": 0.01530869, "iv": 77.27, "instrument_name": "BTC-30DEC22-45000-C", "index_price": 21483.72, "direction": "buy", "amount": 0.4}, {"trade_seq": 2377, "trade_id": "227309121", "timestamp": 1661243342447, "tick_direction": 1, "price": 0.015, "mark_price": 0.01527877, "iv": 77.28, "instrument_name": "BTC-30DEC22-45000-C", "index_price": 21474.67, "direction": "buy", "amount": 0.1}, {"trade_seq": 2376, "trade_id": "227309117", "timestamp": 1661243326948, "tick_direction": 0, "price": 0.015, "mark_price": 0.01526457, "iv": 77.3, "instrument_name": "BTC-30DEC22-45000-C", "index_price": 21470.11, "direction": "buy", "amount": 0.2}, {"trade_seq": 2375, "trade_id": "227301087", "timestamp": 1661238970795, "tick_direction": 1, "price": 0.0145, "mark_price": 0.01465378, "iv": 77.71, "instrument_name": "BTC-30DEC22-45000-C", "index_price": 21204.03, "direction": "buy", "amount": 0.1}, {"trade_seq": 2374, "trade_id": "227301084", "timestamp": 1661238969099, "tick_direction": 1, "price": 0.0145, "mark_price": 0.01465106, "iv": 77.71, "instrument_name": "BTC-30DEC22-45000-C", "index_price": 21204.16, "direction": "buy", "amount": 0.1}, {"trade_seq": 2373, "trade_id": "227301076", "timestamp": 1661238967652, "tick_direction": 1, "price": 0.0145, "mark_price": 0.01465468, "iv": 77.71, "instrument_name": "BTC-30DEC22-45000-C", "index_price": 21205.38, "direction": "buy", "amount": 0.1}, {"trade_seq": 2372, "trade_id": "227301074", "timestamp": 1661238967016, "tick_direction": 1, "price": 0.0145, "mark_price": 0.01465404, "iv": 77.71, "instrument_name": "BTC-30DEC22-45000-C", "index_price": 21205.38, "direction": "buy", "amount": 0.2}, {"trade_seq": 2371, "trade_id": "227301072", "timestamp": 1661238966953, "tick_direction": 1, "price": 0.0145, "mark_price": 0.01465404, "iv": 77.71, "instrument_name": "BTC-30DEC22-45000-C", "index_price": 21205.38, "direction": "buy", "amount": 0.1}, {"trade_seq": 2370, "trade_id": "227300871", "timestamp": 1661238964848, "tick_direction": 1, "price": 0.0145, "mark_price": 0.01461224, "iv": 77.76, "instrument_name": "BTC-30DEC22-45000-C", "index_price": 21194.03, "direction": "buy", "amount": 0.1}, {"trade_seq": 2369, "trade_id": "227300870", "timestamp": 1661238964831, "tick_direction": 1, "price": 0.0145, "mark_price": 0.01461224, "iv": 77.77, "instrument_name": "BTC-30DEC22-45000-C", "index_price": 21191.44, "direction": "buy", "amount": 0.1}, {"trade_seq": 2368, "trade_id": "227300869", "timestamp": 1661238964817, "tick_direction": 1, "price": 0.0145, "mark_price": 0.01461224, "iv": 77.77, "instrument_name": "BTC-30DEC22-45000-C", "index_price": 21191.44, "direction": "buy", "amount": 0.1}, {"trade_seq": 2367, "trade_id": "227300868", "timestamp": 1661238964425, "tick_direction": 1, "price": 0.0145, "mark_price": 0.01461274, "iv": 77.77, "instrument_name": "BTC-30DEC22-45000-C", "index_price": 21191.44, "direction": "buy", "amount": 0.1}, {"trade_seq": 2366, "trade_id": "227300867", "timestamp": 1661238963789, "tick_direction": 1, "price": 0.0145, "mark_price": 0.01461274, "iv": 77.76, "instrument_name": "BTC-30DEC22-45000-C", "index_price": 21192.96, "direction": "buy", "amount": 0.1}, {"trade_seq": 2365, "trade_id": "227300866", "timestamp": 1661238963220, "tick_direction": 1, "price": 0.0145, "mark_price": 0.01460161, "iv": 77.76, "instrument_name": "BTC-30DEC22-45000-C", "index_price": 21192.96, "direction": "buy", "amount": 0.1}, {"trade_seq": 2364, "trade_id": "227300865", "timestamp": 1661238962879, "tick_direction": 1, "price": 0.0145, "mark_price": 0.01460161, "iv": 77.76, "instrument_name": "BTC-30DEC22-45000-C", "index_price": 21192.96, "direction": "buy", "amount": 0.1}, {"trade_seq": 2363, "trade_id": "227300862", "timestamp": 1661238962712, "tick_direction": 0, "price": 0.0145, "mark_price": 0.01460161, "iv": 77.77, "instrument_name": "BTC-30DEC22-45000-C", "index_price": 21189.15, "direction": "buy", "amount": 0.1}, {"trade_seq": 2362, "trade_id": "227297323", "timestamp": 1661235124815, "tick_direction": 3, "price": 0.014, "mark_price": 0.0140314, "iv": 78.2, "instrument_name": "BTC-30DEC22-45000-C", "index_price": 20914.86, "direction": "buy", "amount": 0.1}, {"trade_seq": 2361, "trade_id": "227297322", "timestamp": 1661235124682, "tick_direction": 3, "price": 0.014, "mark_price": 0.0140314, "iv": 78.2, "instrument_name": "BTC-30DEC22-45000-C", "index_price": 20914.86, "direction": "buy", "amount": 0.1}, {"trade_seq": 2360, "trade_id": "227297321", "timestamp": 1661235124311, "tick_direction": 3, "price": 0.014, "mark_price": 0.01403188, "iv": 78.21, "instrument_name": "BTC-30DEC22-45000-C", "index_price": 20910.38, "direction": "buy", "amount": 0.1}, {"trade_seq": 2359, "trade_id": "227297320", "timestamp": 1661235124295, "tick_direction": 3, "price": 0.014, "mark_price": 0.01403188, "iv": 78.21, "instrument_name": "BTC-30DEC22-45000-C", "index_price": 20910.38, "direction": "buy", "amount": 0.1}, {"trade_seq": 2358, "trade_id": "227297319", "timestamp": 1661235124281, "tick_direction": 3, "price": 0.014, "mark_price": 0.01403188, "iv": 78.21, "instrument_name": "BTC-30DEC22-45000-C", "index_price": 20910.38, "direction": "buy", "amount": 0.1}, {"trade_seq": 2357, "trade_id": "227297318", "timestamp": 1661235124198, "tick_direction": 3, "price": 0.014, "mark_price": 0.01403188, "iv": 78.21, "instrument_name": "BTC-30DEC22-45000-C", "index_price": 20910.38, "direction": "buy", "amount": 0.1}, {"trade_seq": 2356, "trade_id": "227297230", "timestamp": 1661235097348, "tick_direction": 3, "price": 0.014, "mark_price": 0.01402364, "iv": 78.22, "instrument_name": "BTC-30DEC22-45000-C", "index_price": 20906.93, "direction": "buy", "amount": 0.1}, {"trade_seq": 2355, "trade_id": "227297229", "timestamp": 1661235097336, "tick_direction": 3, "price": 0.014, "mark_price": 0.01402364, "iv": 78.22, "instrument_name": "BTC-30DEC22-45000-C", "index_price": 20906.93, "direction": "buy", "amount": 0.1}, {"trade_seq": 2354, "trade_id": "227297228", "timestamp": 1661235097322, "tick_direction": 3, "price": 0.014, "mark_price": 0.01402364, "iv": 78.22, "instrument_name": "BTC-30DEC22-45000-C", "index_price": 20906.93, "direction": "buy", "amount": 0.1}, {"trade_seq": 2353, "trade_id": "227297227", "timestamp": 1661235097291, "tick_direction": 3, "price": 0.014, "mark_price": 0.01402364, "iv": 78.22, "instrument_name": "BTC-30DEC22-45000-C", "index_price": 20906.93, "direction": "buy", "amount": 0.1}, {"trade_seq": 2352, "trade_id": "227297226", "timestamp": 1661235097254, "tick_direction": 3, "price": 0.014, "mark_price": 0.01402364, "iv": 78.22, "instrument_name": "BTC-30DEC22-45000-C", "index_price": 20906.93, "direction": "buy", "amount": 0.1}, {"trade_seq": 2351, "trade_id": "227297184", "timestamp": 1661235092036, "tick_direction": 3, "price": 0.014, "mark_price": 0.01401645, "iv": 78.23, "instrument_name": "BTC-30DEC22-45000-C", "index_price": 20903.33, "direction": "buy", "amount": 0.2}, {"trade_seq": 2350, "trade_id": "227297183", "timestamp": 1661235091922, "tick_direction": 3, "price": 0.014, "mark_price": 0.01401645, "iv": 78.23, "instrument_name": "BTC-30DEC22-45000-C", "index_price": 20903.33, "direction": "buy", "amount": 0.1}, {"trade_seq": 2349, "trade_id": "227297180", "timestamp": 1661235091786, "tick_direction": 3, "price": 0.014, "mark_price": 0.01401645, "iv": 78.23, "instrument_name": "BTC-30DEC22-45000-C", "index_price": 20903.33, "direction": "buy", "amount": 0.1}, {"trade_seq": 2348, "trade_id": "227297173", "timestamp": 1661235091438, "tick_direction": 3, "price": 0.014, "mark_price": 0.01401645, "iv": 78.23, "instrument_name": "BTC-30DEC22-45000-C", "index_price": 20903.33, "direction": "buy", "amount": 0.2}, {"trade_seq": 2347, "trade_id": "227297147", "timestamp": 1661235089910, "tick_direction": 3, "price": 0.014, "mark_price": 0.01402089, "iv": 78.22, "instrument_name": "BTC-30DEC22-45000-C", "index_price": 20903.54, "direction": "buy", "amount": 0.2}, {"trade_seq": 2346, "trade_id": "227297146", "timestamp": 1661235089895, "tick_direction": 3, "price": 0.014, "mark_price": 0.01402089, "iv": 78.22, "instrument_name": "BTC-30DEC22-45000-C", "index_price": 20903.54, "direction": "buy", "amount": 0.2}, {"trade_seq": 2345, "trade_id": "227297130", "timestamp": 1661235089837, "tick_direction": 3, "price": 0.014, "mark_price": 0.01402089, "iv": 78.22, "instrument_name": "BTC-30DEC22-45000-C", "index_price": 20903.54, "direction": "buy", "amount": 0.3}