{"trades": [{"trade_seq": 478, "trade_id": "246666722", "timestamp": 1679268764213, "tick_direction": 3, "price": 0.0005, "mark_price": 4.14e-06, "iv": 188.01, "instrument_name": "BTC-31MAR23-70000-C", "index_price": 28294.68, "direction": "buy", "amount": 0.4}, {"trade_seq": 477, "trade_id": "246666694", "timestamp": 1679268754073, "tick_direction": 3, "price": 0.0005, "mark_price": 4.14e-06, "iv": 188.03, "instrument_name": "BTC-31MAR23-70000-C", "index_price": 28290.41, "direction": "buy", "amount": 0.1}, {"trade_seq": 476, "trade_id": "240154361", "timestamp": 1674686166326, "tick_direction": 3, "price": 0.0005, "mark_price": 0.00045284, "iv": 92.39, "instrument_name": "BTC-31MAR23-70000-C", "index_price": 23429.42, "direction": "buy", "amount": 0.9}, {"trade_seq": 475, "trade_id": "240154118", "timestamp": 1674685902675, "tick_direction": 2, "price": 0.0005, "mark_price": 0.00045008, "iv": 92.44, "instrument_name": "BTC-31MAR23-70000-C", "index_price": 23410.06, "direction": "buy", "amount": 0.8}, {"trade_seq": 474, "trade_id": "239880989", "timestamp": 1674397261395, "tick_direction": 0, "price": 0.001, "mark_price": 0.00061689, "iv": 98.47, "instrument_name": "BTC-31MAR23-70000-C", "index_price": 22897.93, "direction": "buy", "amount": 1.3}, {"trade_seq": 473, "trade_id": "239356724", "timestamp": 1673879434686, "tick_direction": 2, "price": 0.0005, "mark_price": 0.00091624, "iv": 94.19, "instrument_name": "BTC-31MAR23-70000-C", "index_price": 20886.17, "direction": "sell", "amount": 8.0}, {"trade_seq": 472, "trade_id": "239291889", "timestamp": 1673819201991, "tick_direction": 0, "price": 0.001, "mark_price": 0.00123494, "iv": 100.26, "instrument_name": "BTC-31MAR23-70000-C", "index_price": 20921.66, "direction": "sell", "amount": 0.3}, {"trade_seq": 471, "trade_id": "239231028", "timestamp": 1673740283142, "tick_direction": 2, "price": 0.001, "mark_price": 0.00088538, "iv": 99.41, "instrument_name": "BTC-31MAR23-70000-C", "index_price": 21023.54, "direction": "buy", "amount": 10.0}, {"trade_seq": 470, "trade_id": "238859629", "timestamp": 1673530259473, "tick_direction": 0, "price": 0.0015, "mark_price": 0.0004795, "iv": 112.74, "instrument_name": "BTC-31MAR23-70000-C", "index_price": 18112.85, "direction": "sell", "amount": 0.1}, {"trade_seq": 469, "trade_id": "238543296", "timestamp": 1672804818581, "tick_direction": 3, "price": 0.0005, "mark_price": 0.00072755, "iv": 100.58, "instrument_name": "BTC-31MAR23-70000-C", "index_price": 16865.71, "direction": "sell", "amount": 41.0}, {"trade_seq": 468, "trade_id": "238477461", "timestamp": 1672617082757, "tick_direction": 3, "price": 0.0005, "mark_price": 0.00071705, "iv": 100.35, "instrument_name": "BTC-31MAR23-70000-C", "index_price": 16603.0, "direction": "sell", "amount": 3.0}, {"trade_seq": 467, "trade_id": "238470691", "timestamp": 1672582056857, "tick_direction": 3, "price": 0.0005, "mark_price": 0.00071738, "iv": 100.38, "instrument_name": "BTC-31MAR23-70000-C", "index_price": 16542.99, "direction": "sell", "amount": 1.0}, {"trade_seq": 466, "trade_id": "238470690", "timestamp": 1672582052528, "tick_direction": 3, "price": 0.0005, "mark_price": 0.00071739, "iv": 100.38, "instrument_name": "BTC-31MAR23-70000-C", "index_price": 16543.0, "direction": "sell", "amount": 1.0}, {"trade_seq": 465, "trade_id": "238460725", "timestamp": 1672522476066, "tick_direction": 3, "price": 0.0005, "mark_price": 0.00071716, "iv": 99.9, "instrument_name": "BTC-31MAR23-70000-C", "index_price": 16549.28, "direction": "sell", "amount": 3.0}, {"trade_seq": 464, "trade_id": "238455408", "timestamp": 1672495647384, "tick_direction": 3, "price": 0.0005, "mark_price": 0.00071769, "iv": 99.68, "instrument_name": "BTC-31MAR23-70000-C", "index_price": 16586.46, "direction": "sell", "amount": 1.0}, {"trade_seq": 463, "trade_id": "238452125", "timestamp": 1672477339464, "tick_direction": 3, "price": 0.0005, "mark_price": 0.00072812, "iv": 99.76, "instrument_name": "BTC-31MAR23-70000-C", "index_price": 16542.29, "direction": "sell", "amount": 0.2}, {"trade_seq": 462, "trade_id": "238452124", "timestamp": 1672477339464, "tick_direction": 3, "price": 0.0005, "mark_price": 0.00072812, "iv": 99.76, "instrument_name": "BTC-31MAR23-70000-C", "index_price": 16542.29, "direction": "sell", "amount": 1.0}, {"trade_seq": 461, "trade_id": "238452123", "timestamp": 1672477339464, "tick_direction": 2, "price": 0.0005, "mark_price": 0.00072812, "iv": 99.76, "instrument_name": "BTC-31MAR23-70000-C", "index_price": 16542.29, "direction": "sell", "amount": 1.0}, {"trade_seq": 460, "trade_id": "238428817", "timestamp": 1672411696801, "tick_direction": 3, "price": 0.001, "mark_price": 0.00122634, "iv": 106.46, "instrument_name": "BTC-31MAR23-70000-C", "index_price": 16453.76, "direction": "sell", "amount": 29.7}, {"trade_seq": 459, "trade_id": "238421928", "timestamp": 1672397116137, "tick_direction": 3, "price": 0.001, "mark_price": 0.0012278, "iv": 106.28, "instrument_name": "BTC-31MAR23-70000-C", "index_price": 16496.92, "direction": "sell", "amount": 15.0}, {"trade_seq": 458, "trade_id": "238421927", "timestamp": 1672397115137, "tick_direction": 3, "price": 0.001, "mark_price": 0.00122787, "iv": 106.28, "instrument_name": "BTC-31MAR23-70000-C", "index_price": 16497.03, "direction": "sell", "amount": 5.3}, {"trade_seq": 457, "trade_id": "238421926", "timestamp": 1672397115137, "tick_direction": 2, "price": 0.001, "mark_price": 0.00122787, "iv": 106.28, "instrument_name": "BTC-31MAR23-70000-C", "index_price": 16497.03, "direction": "sell", "amount": 19.6}, {"trade_seq": 456, "trade_id": "238285354", "timestamp": 1672085634280, "tick_direction": 0, "price": 0.0015, "mark_price": 0.00143689, "iv": 107.51, "instrument_name": "BTC-31MAR23-70000-C", "index_price": 16841.48, "direction": "sell", "amount": 1.0}, {"trade_seq": 455, "trade_id": "238255877", "timestamp": 1671946255353, "tick_direction": 3, "price": 0.001, "mark_price": 0.00143715, "iv": 102.26, "instrument_name": "BTC-31MAR23-70000-C", "index_price": 16821.85, "direction": "sell", "amount": 20.0}, {"trade_seq": 454, "trade_id": "238249637", "timestamp": 1671877245605, "tick_direction": 3, "price": 0.001, "mark_price": 0.00125843, "iv": 101.78, "instrument_name": "BTC-31MAR23-70000-C", "index_price": 16829.51, "direction": "sell", "amount": 10.4}, {"trade_seq": 453, "trade_id": "238249636", "timestamp": 1671877245605, "tick_direction": 3, "price": 0.001, "mark_price": 0.00125843, "iv": 101.78, "instrument_name": "BTC-31MAR23-70000-C", "index_price": 16829.51, "direction": "sell", "amount": 4.8}, {"trade_seq": 452, "trade_id": "238249625", "timestamp": 1671876980947, "tick_direction": 2, "price": 0.001, "mark_price": 0.0012778, "iv": 101.78, "instrument_name": "BTC-31MAR23-70000-C", "index_price": 16832.47, "direction": "sell", "amount": 15.2}, {"trade_seq": 451, "trade_id": "237901230", "timestamp": 1671206245240, "tick_direction": 3, "price": 0.0015, "mark_price": 0.00142992, "iv": 101.5, "instrument_name": "BTC-31MAR23-70000-C", "index_price": 16973.47, "direction": "buy", "amount": 1.9}, {"trade_seq": 450, "trade_id": "237901229", "timestamp": 1671206245240, "tick_direction": 2, "price": 0.0015, "mark_price": 0.00142992, "iv": 101.5, "instrument_name": "BTC-31MAR23-70000-C", "index_price": 16973.47, "direction": "buy", "amount": 3.5}, {"trade_seq": 449, "trade_id": "237656845", "timestamp": 1670941209902, "tick_direction": 1, "price": 0.002, "mark_price": 0.00223974, "iv": 99.96, "instrument_name": "BTC-31MAR23-70000-C", "index_price": 17929.84, "direction": "sell", "amount": 48.0}, {"trade_seq": 448, "trade_id": "237654380", "timestamp": 1670940071773, "tick_direction": 1, "price": 0.002, "mark_price": 0.00224874, "iv": 99.97, "instrument_name": "BTC-31MAR23-70000-C", "index_price": 17908.84, "direction": "sell", "amount": 1.0}, {"trade_seq": 447, "trade_id": "237654377", "timestamp": 1670940068833, "tick_direction": 1, "price": 0.002, "mark_price": 0.00224871, "iv": 99.97, "instrument_name": "BTC-31MAR23-70000-C", "index_price": 17908.9, "direction": "sell", "amount": 1.0}, {"trade_seq": 446, "trade_id": "237570527", "timestamp": 1670828693718, "tick_direction": 1, "price": 0.002, "mark_price": 0.00173807, "iv": 102.79, "instrument_name": "BTC-31MAR23-70000-C", "index_price": 16940.73, "direction": "buy", "amount": 3.0}, {"trade_seq": 445, "trade_id": "237570526", "timestamp": 1670828692444, "tick_direction": 1, "price": 0.002, "mark_price": 0.00173808, "iv": 102.79, "instrument_name": "BTC-31MAR23-70000-C", "index_price": 16940.73, "direction": "buy", "amount": 5.0}, {"trade_seq": 444, "trade_id": "237570525", "timestamp": 1670828691464, "tick_direction": 1, "price": 0.002, "mark_price": 0.00173812, "iv": 102.79, "instrument_name": "BTC-31MAR23-70000-C", "index_price": 16940.82, "direction": "buy", "amount": 5.0}, {"trade_seq": 443, "trade_id": "237550051", "timestamp": 1670777560358, "tick_direction": 1, "price": 0.002, "mark_price": 0.00173825, "iv": 101.69, "instrument_name": "BTC-31MAR23-70000-C", "index_price": 17166.71, "direction": "buy", "amount": 5.0}, {"trade_seq": 442, "trade_id": "237550045", "timestamp": 1670777505317, "tick_direction": 1, "price": 0.002, "mark_price": 0.0017385, "iv": 101.69, "instrument_name": "BTC-31MAR23-70000-C", "index_price": 17167.07, "direction": "buy", "amount": 7.0}, {"trade_seq": 441, "trade_id": "237550044", "timestamp": 1670777501692, "tick_direction": 1, "price": 0.002, "mark_price": 0.00173851, "iv": 101.69, "instrument_name": "BTC-31MAR23-70000-C", "index_price": 17167.07, "direction": "buy", "amount": 7.0}, {"trade_seq": 440, "trade_id": "237549440", "timestamp": 1670770675920, "tick_direction": 1, "price": 0.002, "mark_price": 0.00200352, "iv": 101.66, "instrument_name": "BTC-31MAR23-70000-C", "index_price": 17156.85, "direction": "buy", "amount": 0.5}, {"trade_seq": 439, "trade_id": "237549437", "timestamp": 1670770633625, "tick_direction": 1, "price": 0.002, "mark_price": 0.00202793, "iv": 101.66, "instrument_name": "BTC-31MAR23-70000-C", "index_price": 17155.94, "direction": "sell", "amount": 0.5}, {"trade_seq": 438, "trade_id": "237428734", "timestamp": 1670454151777, "tick_direction": 1, "price": 0.002, "mark_price": 0.00245989, "iv": 101.07, "instrument_name": "BTC-31MAR23-70000-C", "index_price": 16841.21, "direction": "buy", "amount": 0.7}, {"trade_seq": 437, "trade_id": "237428733", "timestamp": 1670454150578, "tick_direction": 1, "price": 0.002, "mark_price": 0.00246074, "iv": 101.07, "instrument_name": "BTC-31MAR23-70000-C", "index_price": 16841.19, "direction": "sell", "amount": 4.3}, {"trade_seq": 436, "trade_id": "237428729", "timestamp": 1670454130447, "tick_direction": 1, "price": 0.002, "mark_price": 0.00246049, "iv": 101.07, "instrument_name": "BTC-31MAR23-70000-C", "index_price": 16841.23, "direction": "buy", "amount": 0.8}, {"trade_seq": 435, "trade_id": "237428725", "timestamp": 1670454128134, "tick_direction": 1, "price": 0.002, "mark_price": 0.00246305, "iv": 101.07, "instrument_name": "BTC-31MAR23-70000-C", "index_price": 16841.24, "direction": "sell", "amount": 5.2}, {"trade_seq": 434, "trade_id": "237428706", "timestamp": 1670454078737, "tick_direction": 1, "price": 0.002, "mark_price": 0.00246292, "iv": 101.07, "instrument_name": "BTC-31MAR23-70000-C", "index_price": 16838.78, "direction": "buy", "amount": 0.3}, {"trade_seq": 433, "trade_id": "237428705", "timestamp": 1670454078712, "tick_direction": 0, "price": 0.002, "mark_price": 0.00246292, "iv": 101.07, "instrument_name": "BTC-31MAR23-70000-C", "index_price": 16838.78, "direction": "sell", "amount": 5.4}, {"trade_seq": 432, "trade_id": "237345697", "timestamp": 1670285392600, "tick_direction": 3, "price": 0.0015, "mark_price": 0.00152708, "iv": 96.45, "instrument_name": "BTC-31MAR23-70000-C", "index_price": 16992.76, "direction": "sell", "amount": 0.5}, {"trade_seq": 431, "trade_id": "237234447", "timestamp": 1670130799637, "tick_direction": 2, "price": 0.0015, "mark_price": 0.00196699, "iv": 95.52, "instrument_name": "BTC-31MAR23-70000-C", "index_price": 17058.48, "direction": "sell", "amount": 4.0}, {"trade_seq": 430, "trade_id": "236836983", "timestamp": 1669633780619, "tick_direction": 1, "price": 0.002, "mark_price": 0.00145066, "iv": 99.3, "instrument_name": "BTC-31MAR23-70000-C", "index_price": 16208.96, "direction": "sell", "amount": 24.4}, {"trade_seq": 429, "trade_id": "236836982", "timestamp": 1669633780614, "tick_direction": 1, "price": 0.002, "mark_price": 0.00145066, "iv": 99.3, "instrument_name": "BTC-31MAR23-70000-C", "index_price": 16208.96, "direction": "buy", "amount": 3.6}, {"trade_seq": 428, "trade_id": "236836898", "timestamp": 1669633589190, "tick_direction": 1, "price": 0.002, "mark_price": 0.00144333, "iv": 99.3, "instrument_name": "BTC-31MAR23-70000-C", "index_price": 16208.04, "direction": "sell", "amount": 7.2}, {"trade_seq": 427, "trade_id": "236836897", "timestamp": 1669633589165, "tick_direction": 1, "price": 0.002, "mark_price": 0.00144331, "iv": 99.3, "instrument_name": "BTC-31MAR23-70000-C", "index_price": 16208.04, "direction": "buy", "amount": 4.0}, {"trade_seq": 426, "trade_id": "236836896", "timestamp": 1669633589165, "tick_direction": 0, "price": 0.002, "mark_price": 0.00144331, "iv": 99.3, "instrument_name": "BTC-31MAR23-70000-C", "index_price": 16208.04, "direction": "buy", "amount": 3.8}, {"trade_seq": 425, "trade_id": "236782580", "timestamp": 1669503711357, "tick_direction": 3, "price": 0.0015, "mark_price": 0.00195216, "iv": 95.04, "instrument_name": "BTC-31MAR23-70000-C", "index_price": 16436.38, "direction": "sell", "amount": 4.1}, {"trade_seq": 424, "trade_id": "236782575", "timestamp": 1669503683269, "tick_direction": 3, "price": 0.0015, "mark_price": 0.00195028, "iv": 95.05, "instrument_name": "BTC-31MAR23-70000-C", "index_price": 16431.81, "direction": "buy", "amount": 0.1}, {"trade_seq": 423, "trade_id": "236782574", "timestamp": 1669503683267, "tick_direction": 2, "price": 0.0015, "mark_price": 0.00195028, "iv": 95.05, "instrument_name": "BTC-31MAR23-70000-C", "index_price": 16431.81, "direction": "sell", "amount": 3.9}, {"trade_seq": 422, "trade_id": "236498744", "timestamp": 1669061795306, "tick_direction": 1, "price": 0.0025, "mark_price": 0.00188887, "iv": 100.9, "instrument_name": "BTC-31MAR23-70000-C", "index_price": 15806.14, "direction": "buy", "amount": 1.0}, {"trade_seq": 421, "trade_id": "236498743", "timestamp": 1669061793787, "tick_direction": 1, "price": 0.0025, "mark_price": 0.00188784, "iv": 100.9, "instrument_name": "BTC-31MAR23-70000-C", "index_price": 15804.25, "direction": "buy", "amount": 1.0}, {"trade_seq": 420, "trade_id": "236498739", "timestamp": 1669061790894, "tick_direction": 1, "price": 0.0025, "mark_price": 0.00188979, "iv": 100.89, "instrument_name": "BTC-31MAR23-70000-C", "index_price": 15806.51, "direction": "sell", "amount": 0.2}, {"trade_seq": 419, "trade_id": "236498738", "timestamp": 1669061790889, "tick_direction": 1, "price": 0.0025, "mark_price": 0.00188979, "iv": 100.89, "instrument_name": "BTC-31MAR23-70000-C", "index_price": 15806.51, "direction": "buy", "amount": 0.8}, {"trade_seq": 418, "trade_id": "236498737", "timestamp": 1669061789198, "tick_direction": 1, "price": 0.0025, "mark_price": 0.00188293, "iv": 100.88, "instrument_name": "BTC-31MAR23-70000-C", "index_price": 15808.43, "direction": "buy", "amount": 1.0}, {"trade_seq": 417, "trade_id": "236498736", "timestamp": 1669061787593, "tick_direction": 1, "price": 0.0025, "mark_price": 0.00187837, "iv": 100.89, "instrument_name": "BTC-31MAR23-70000-C", "index_price": 15807.6, "direction": "buy", "amount": 1.0}, {"trade_seq": 416, "trade_id": "236498735", "timestamp": 1669061786378, "tick_direction": 1, "price": 0.0025, "mark_price": 0.001872, "iv": 100.89, "instrument_name": "BTC-31MAR23-70000-C", "index_price": 15806.78, "direction": "buy", "amount": 1.0}, {"trade_seq": 415, "trade_id": "236498723", "timestamp": 1669061784854, "tick_direction": 1, "price": 0.0025, "mark_price": 0.00187256, "iv": 100.89, "instrument_name": "BTC-31MAR23-70000-C", "index_price": 15806.7, "direction": "buy", "amount": 1.0}, {"trade_seq": 414, "trade_id": "236498722", "timestamp": 1669061782019, "tick_direction": 1, "price": 0.0025, "mark_price": 0.00187308, "iv": 100.88, "instrument_name": "BTC-31MAR23-70000-C", "index_price": 15807.7, "direction": "buy", "amount": 1.0}, {"trade_seq": 413, "trade_id": "236498721", "timestamp": 1669061780518, "tick_direction": 1, "price": 0.0025, "mark_price": 0.00187266, "iv": 100.88, "instrument_name": "BTC-31MAR23-70000-C", "index_price": 15808.39, "direction": "buy", "amount": 1.0}, {"trade_seq": 412, "trade_id": "236498720", "timestamp": 1669061778441, "tick_direction": 1, "price": 0.0025, "mark_price": 0.00187201, "iv": 100.88, "instrument_name": "BTC-31MAR23-70000-C", "index_price": 15807.96, "direction": "buy", "amount": 1.0}, {"trade_seq": 411, "trade_id": "236498718", "timestamp": 1669061776779, "tick_direction": 1, "price": 0.0025, "mark_price": 0.00187254, "iv": 100.88, "instrument_name": "BTC-31MAR23-70000-C", "index_price": 15809.22, "direction": "buy", "amount": 1.0}, {"trade_seq": 410, "trade_id": "236498715", "timestamp": 1669061775602, "tick_direction": 1, "price": 0.0025, "mark_price": 0.00187137, "iv": 100.88, "instrument_name": "BTC-31MAR23-70000-C", "index_price": 15808.19, "direction": "buy", "amount": 1.0}, {"trade_seq": 409, "trade_id": "236498708", "timestamp": 1669061773839, "tick_direction": 1, "price": 0.0025, "mark_price": 0.00186869, "iv": 100.89, "instrument_name": "BTC-31MAR23-70000-C", "index_price": 15805.7, "direction": "buy", "amount": 1.0}, {"trade_seq": 408, "trade_id": "236498706", "timestamp": 1669061772679, "tick_direction": 1, "price": 0.0025, "mark_price": 0.0018675, "iv": 100.9, "instrument_name": "BTC-31MAR23-70000-C", "index_price": 15803.38, "direction": "buy", "amount": 1.0}, {"trade_seq": 407, "trade_id": "236498695", "timestamp": 1669061770837, "tick_direction": 1, "price": 0.0025, "mark_price": 0.00186654, "iv": 100.9, "instrument_name": "BTC-31MAR23-70000-C", "index_price": 15802.77, "direction": "buy", "amount": 1.0}, {"trade_seq": 406, "trade_id": "236498694", "timestamp": 1669061769729, "tick_direction": 1, "price": 0.0025, "mark_price": 0.00186571, "iv": 100.91, "instrument_name": "BTC-31MAR23-70000-C", "index_price": 15802.65, "direction": "buy", "amount": 1.0}, {"trade_seq": 405, "trade_id": "236498692", "timestamp": 1669061768022, "tick_direction": 0, "price": 0.0025, "mark_price": 0.00186538, "iv": 100.91, "instrument_name": "BTC-31MAR23-70000-C", "index_price": 15801.65, "direction": "buy", "amount": 1.0}, {"trade_seq": 404, "trade_id": "236457897", "timestamp": 1669037524474, "tick_direction": 1, "price": 0.002, "mark_price": 0.00143055, "iv": 97.03, "instrument_name": "BTC-31MAR23-70000-C", "index_price": 16170.11, "direction": "buy", "amount": 0.1}, {"trade_seq": 403, "trade_id": "236457896", "timestamp": 1669037524474, "tick_direction": 1, "price": 0.002, "mark_price": 0.00143055, "iv": 97.03, "instrument_name": "BTC-31MAR23-70000-C", "index_price": 16170.11, "direction": "buy", "amount": 2.9}, {"trade_seq": 402, "trade_id": "236248889", "timestamp": 1668703784286, "tick_direction": 0, "price": 0.002, "mark_price": 0.00147475, "iv": 94.05, "instrument_name": "BTC-31MAR23-70000-C", "index_price": 16629.94, "direction": "buy", "amount": 4.7}, {"trade_seq": 401, "trade_id": "236222635", "timestamp": 1668682917463, "tick_direction": 2, "price": 0.0015, "mark_price": 0.00143944, "iv": 91.42, "instrument_name": "BTC-31MAR23-70000-C", "index_price": 16523.57, "direction": "buy", "amount": 1.0}, {"trade_seq": 400, "trade_id": "236096048", "timestamp": 1668569518974, "tick_direction": 0, "price": 0.002, "mark_price": 0.00144279, "iv": 92.71, "instrument_name": "BTC-31MAR23-70000-C", "index_price": 16933.83, "direction": "buy", "amount": 3.0}, {"trade_seq": 399, "trade_id": "236084214", "timestamp": 1668548441957, "tick_direction": 3, "price": 0.0015, "mark_price": 0.00196563, "iv": 90.01, "instrument_name": "BTC-31MAR23-70000-C", "index_price": 16851.33, "direction": "sell", "amount": 3.9}, {"trade_seq": 398, "trade_id": "236084213", "timestamp": 1668548441618, "tick_direction": 2, "price": 0.0015, "mark_price": 0.00196563, "iv": 90.01, "instrument_name": "BTC-31MAR23-70000-C", "index_price": 16851.33, "direction": "sell", "amount": 4.3}, {"trade_seq": 397, "trade_id": "236029323", "timestamp": 1668515663772, "tick_direction": 0, "price": 0.002, "mark_price": 0.00163256, "iv": 92.87, "instrument_name": "BTC-31MAR23-70000-C", "index_price": 16830.13, "direction": "buy", "amount": 1.0}, {"trade_seq": 396, "trade_id": "236026667", "timestamp": 1668513884165, "tick_direction": 3, "price": 0.0015, "mark_price": 0.00160641, "iv": 90.35, "instrument_name": "BTC-31MAR23-70000-C", "index_price": 16717.83, "direction": "sell", "amount": 4.8}, {"trade_seq": 395, "trade_id": "236005184", "timestamp": 1668500261865, "tick_direction": 3, "price": 0.0015, "mark_price": 0.00173528, "iv": 89.9, "instrument_name": "BTC-31MAR23-70000-C", "index_price": 16835.88, "direction": "sell", "amount": 0.5}, {"trade_seq": 394, "trade_id": "236005077", "timestamp": 1668500167493, "tick_direction": 2, "price": 0.0015, "mark_price": 0.00177679, "iv": 89.93, "instrument_name": "BTC-31MAR23-70000-C", "index_price": 16823.83, "direction": "sell", "amount": 4.5}, {"trade_seq": 393, "trade_id": "235863403", "timestamp": 1668432433543, "tick_direction": 3, "price": 0.002, "mark_price": 0.00154304, "iv": 91.68, "instrument_name": "BTC-31MAR23-70000-C", "index_price": 17044.03, "direction": "buy", "amount": 3.0}, {"trade_seq": 392, "trade_id": "235863249", "timestamp": 1668432385367, "tick_direction": 3, "price": 0.002, "mark_price": 0.00155508, "iv": 91.65, "instrument_name": "BTC-31MAR23-70000-C", "index_price": 17044.66, "direction": "buy", "amount": 2.9}, {"trade_seq": 391, "trade_id": "235857960", "timestamp": 1668431757907, "tick_direction": 3, "price": 0.002, "mark_price": 0.00158268, "iv": 91.87, "instrument_name": "BTC-31MAR23-70000-C", "index_price": 16983.84, "direction": "buy", "amount": 4.2}, {"trade_seq": 390, "trade_id": "235853693", "timestamp": 1668431508347, "tick_direction": 2, "price": 0.002, "mark_price": 0.00142796, "iv": 92.6, "instrument_name": "BTC-31MAR23-70000-C", "index_price": 16763.87, "direction": "buy", "amount": 4.6}, {"trade_seq": 389, "trade_id": "234903802", "timestamp": 1668053705337, "tick_direction": 3, "price": 0.0025, "mark_price": 0.00298044, "iv": 94.5, "instrument_name": "BTC-31MAR23-70000-C", "index_price": 16332.89, "direction": "sell", "amount": 1.4}, {"trade_seq": 388, "trade_id": "234903800", "timestamp": 1668053704749, "tick_direction": 2, "price": 0.0025, "mark_price": 0.00298132, "iv": 94.5, "instrument_name": "BTC-31MAR23-70000-C", "index_price": 16332.89, "direction": "sell", "amount": 3.7}, {"trade_seq": 387, "trade_id": "234859111", "timestamp": 1668043672501, "tick_direction": 3, "price": 0.003, "mark_price": 0.00340698, "iv": 97.31, "instrument_name": "BTC-31MAR23-70000-C", "index_price": 16145.38, "direction": "sell", "amount": 2.3}, {"trade_seq": 386, "trade_id": "234859109", "timestamp": 1668043672168, "tick_direction": 3, "price": 0.003, "mark_price": 0.00340698, "iv": 97.31, "instrument_name": "BTC-31MAR23-70000-C", "index_price": 16145.38, "direction": "sell", "amount": 5.2}, {"trade_seq": 385, "trade_id": "234859108", "timestamp": 1668043672168, "tick_direction": 2, "price": 0.003, "mark_price": 0.00340698, "iv": 97.31, "instrument_name": "BTC-31MAR23-70000-C", "index_price": 16145.38, "direction": "sell", "amount": 0.1}, {"trade_seq": 384, "trade_id": "234772400", "timestamp": 1668034201480, "tick_direction": 1, "price": 0.004, "mark_price": 0.00334244, "iv": 101.58, "instrument_name": "BTC-31MAR23-70000-C", "index_price": 15919.87, "direction": "sell", "amount": 0.6}, {"trade_seq": 383, "trade_id": "234772399", "timestamp": 1668034201478, "tick_direction": 0, "price": 0.004, "mark_price": 0.00334244, "iv": 101.58, "instrument_name": "BTC-31MAR23-70000-C", "index_price": 15919.87, "direction": "buy", "amount": 3.7}, {"trade_seq": 382, "trade_id": "234684491", "timestamp": 1668026834631, "tick_direction": 1, "price": 0.0025, "mark_price": 0.00238739, "iv": 94.29, "instrument_name": "BTC-31MAR23-70000-C", "index_price": 16380.51, "direction": "sell", "amount": 1.0}, {"trade_seq": 381, "trade_id": "234684490", "timestamp": 1668026834631, "tick_direction": 1, "price": 0.0025, "mark_price": 0.00238739, "iv": 94.29, "instrument_name": "BTC-31MAR23-70000-C", "index_price": 16380.51, "direction": "sell", "amount": 1.0}, {"trade_seq": 380, "trade_id": "234646337", "timestamp": 1668022768663, "tick_direction": 1, "price": 0.0025, "mark_price": 0.00208667, "iv": 92.47, "instrument_name": "BTC-31MAR23-70000-C", "index_price": 16885.43, "direction": "buy", "amount": 3.5}, {"trade_seq": 379, "trade_id": "234644782", "timestamp": 1668022525454, "tick_direction": 1, "price": 0.0025, "mark_price": 0.00202897, "iv": 92.68, "instrument_name": "BTC-31MAR23-70000-C", "index_price": 16820.72, "direction": "buy", "amount": 4.2}, {"trade_seq": 378, "trade_id": "234447394", "timestamp": 1667995776757, "tick_direction": 1, "price": 0.0025, "mark_price": 0.00217937, "iv": 89.36, "instrument_name": "BTC-31MAR23-70000-C", "index_price": 17838.53, "direction": "sell", "amount": 2.0}, {"trade_seq": 377, "trade_id": "234202688", "timestamp": 1667936093494, "tick_direction": 1, "price": 0.0025, "mark_price": 0.00227177, "iv": 88.49, "instrument_name": "BTC-31MAR23-70000-C", "index_price": 18106.64, "direction": "buy", "amount": 0.2}, {"trade_seq": 376, "trade_id": "233744264", "timestamp": 1667666282157, "tick_direction": 1, "price": 0.0025, "mark_price": 0.00195117, "iv": 78.6, "instrument_name": "BTC-31MAR23-70000-C", "index_price": 21321.41, "direction": "buy", "amount": 0.8}, {"trade_seq": 375, "trade_id": "233031359", "timestamp": 1666922985216, "tick_direction": 0, "price": 0.0025, "mark_price": 0.00199553, "iv": 79.0, "instrument_name": "BTC-31MAR23-70000-C", "index_price": 20314.2, "direction": "buy", "amount": 1.6}, {"trade_seq": 374, "trade_id": "232830938", "timestamp": 1666783671824, "tick_direction": 3, "price": 0.002, "mark_price": 0.00232369, "iv": 75.67, "instrument_name": "BTC-31MAR23-70000-C", "index_price": 20654.86, "direction": "sell", "amount": 0.1}, {"trade_seq": 373, "trade_id": "232760618", "timestamp": 1666738945932, "tick_direction": 3, "price": 0.002, "mark_price": 0.00169893, "iv": 76.92, "instrument_name": "BTC-31MAR23-70000-C", "index_price": 20074.15, "direction": "buy", "amount": 0.8}, {"trade_seq": 372, "trade_id": "232333385", "timestamp": 1666201441074, "tick_direction": 2, "price": 0.002, "mark_price": 0.00184689, "iv": 77.85, "instrument_name": "BTC-31MAR23-70000-C", "index_price": 19165.36, "direction": "buy", "amount": 0.2}, {"trade_seq": 371, "trade_id": "232253706", "timestamp": 1666106868318, "tick_direction": 0, "price": 0.0025, "mark_price": 0.00194813, "iv": 79.2, "instrument_name": "BTC-31MAR23-70000-C", "index_price": 19337.55, "direction": "buy", "amount": 0.4}, {"trade_seq": 370, "trade_id": "232243966", "timestamp": 1666102616285, "tick_direction": 2, "price": 0.0015, "mark_price": 0.00193473, "iv": 74.19, "instrument_name": "BTC-31MAR23-70000-C", "index_price": 19523.02, "direction": "sell", "amount": 0.1}, {"trade_seq": 369, "trade_id": "232010178", "timestamp": 1665737082883, "tick_direction": 3, "price": 0.0025, "mark_price": 0.00286822, "iv": 77.49, "instrument_name": "BTC-31MAR23-70000-C", "index_price": 19614.37, "direction": "sell", "amount": 2.8}, {"trade_seq": 368, "trade_id": "232010177", "timestamp": 1665737082513, "tick_direction": 3, "price": 0.0025, "mark_price": 0.00286822, "iv": 77.49, "instrument_name": "BTC-31MAR23-70000-C", "index_price": 19614.37, "direction": "sell", "amount": 2.8}, {"trade_seq": 367, "trade_id": "232010176", "timestamp": 1665737081756, "tick_direction": 2, "price": 0.0025, "mark_price": 0.00286868, "iv": 77.49, "instrument_name": "BTC-31MAR23-70000-C", "index_price": 19614.36, "direction": "sell", "amount": 2.7}, {"trade_seq": 366, "trade_id": "231621796", "timestamp": 1665417718113, "tick_direction": 0, "price": 0.0035, "mark_price": 0.00331536, "iv": 80.75, "instrument_name": "BTC-31MAR23-70000-C", "index_price": 19278.64, "direction": "buy", "amount": 1.8}, {"trade_seq": 365, "trade_id": "231580358", "timestamp": 1665387714392, "tick_direction": 2, "price": 0.003, "mark_price": 0.00347518, "iv": 78.76, "instrument_name": "BTC-31MAR23-70000-C", "index_price": 19427.01, "direction": "sell", "amount": 1.0}, {"trade_seq": 364, "trade_id": "231447377", "timestamp": 1665161741119, "tick_direction": 2, "price": 0.004, "mark_price": 0.00397914, "iv": 81.15, "instrument_name": "BTC-31MAR23-70000-C", "index_price": 19404.1, "direction": "buy", "amount": 0.2}, {"trade_seq": 363, "trade_id": "231376065", "timestamp": 1665133956302, "tick_direction": 2, "price": 0.0045, "mark_price": 0.00404238, "iv": 80.81, "instrument_name": "BTC-31MAR23-70000-C", "index_price": 19988.26, "direction": "sell", "amount": 0.1}, {"trade_seq": 362, "trade_id": "231018769", "timestamp": 1664816803832, "tick_direction": 1, "price": 0.0055, "mark_price": 0.00451459, "iv": 83.64, "instrument_name": "BTC-31MAR23-70000-C", "index_price": 19455.92, "direction": "buy", "amount": 4.1}, {"trade_seq": 361, "trade_id": "231018768", "timestamp": 1664816803832, "tick_direction": 0, "price": 0.0055, "mark_price": 0.00451459, "iv": 83.64, "instrument_name": "BTC-31MAR23-70000-C", "index_price": 19455.92, "direction": "buy", "amount": 2.8}, {"trade_seq": 360, "trade_id": "231018767", "timestamp": 1664816803832, "tick_direction": 0, "price": 0.005, "mark_price": 0.00451459, "iv": 82.54, "instrument_name": "BTC-31MAR23-70000-C", "index_price": 19455.92, "direction": "buy", "amount": 3.1}, {"trade_seq": 359, "trade_id": "230902863", "timestamp": 1664700780193, "tick_direction": 1, "price": 0.0035, "mark_price": 0.00362665, "iv": 78.88, "instrument_name": "BTC-31MAR23-70000-C", "index_price": 19272.5, "direction": "buy", "amount": 0.1}, {"trade_seq": 358, "trade_id": "230867216", "timestamp": 1664617996222, "tick_direction": 0, "price": 0.0035, "mark_price": 0.00379457, "iv": 78.58, "instrument_name": "BTC-31MAR23-70000-C", "index_price": 19338.56, "direction": "sell", "amount": 2.0}, {"trade_seq": 357, "trade_id": "230857988", "timestamp": 1664601737753, "tick_direction": 2, "price": 0.003, "mark_price": 0.00368475, "iv": 76.89, "instrument_name": "BTC-31MAR23-70000-C", "index_price": 19381.95, "direction": "sell", "amount": 0.1}, {"trade_seq": 356, "trade_id": "230387625", "timestamp": 1664298047410, "tick_direction": 2, "price": 0.004, "mark_price": 0.00351056, "iv": 79.77, "instrument_name": "BTC-31MAR23-70000-C", "index_price": 19089.44, "direction": "buy", "amount": 2.6}, {"trade_seq": 355, "trade_id": "229394523", "timestamp": 1663492056440, "tick_direction": 0, "price": 0.005, "mark_price": 0.00417469, "iv": 77.76, "instrument_name": "BTC-31MAR23-70000-C", "index_price": 20056.86, "direction": "buy", "amount": 0.3}, {"trade_seq": 354, "trade_id": "229360301", "timestamp": 1663397875459, "tick_direction": 2, "price": 0.0045, "mark_price": 0.00369668, "iv": 76.96, "instrument_name": "BTC-31MAR23-70000-C", "index_price": 19834.38, "direction": "sell", "amount": 0.1}, {"trade_seq": 353, "trade_id": "229320129", "timestamp": 1663339516458, "tick_direction": 2, "price": 0.0055, "mark_price": 0.00576453, "iv": 79.17, "instrument_name": "BTC-31MAR23-70000-C", "index_price": 19758.79, "direction": "buy", "amount": 1.0}, {"trade_seq": 352, "trade_id": "229270832", "timestamp": 1663274443373, "tick_direction": 2, "price": 0.006, "mark_price": 0.00618388, "iv": 80.06, "instrument_name": "BTC-31MAR23-70000-C", "index_price": 19765.86, "direction": "buy", "amount": 0.5}, {"trade_seq": 351, "trade_id": "228898055", "timestamp": 1662992545820, "tick_direction": 0, "price": 0.01, "mark_price": 0.00985887, "iv": 79.04, "instrument_name": "BTC-31MAR23-70000-C", "index_price": 22450.11, "direction": "buy", "amount": 1.0}, {"trade_seq": 350, "trade_id": "228314971", "timestamp": 1662446308997, "tick_direction": 2, "price": 0.0075, "mark_price": 0.00689289, "iv": 80.55, "instrument_name": "BTC-31MAR23-70000-C", "index_price": 19842.12, "direction": "buy", "amount": 3.5}, {"trade_seq": 349, "trade_id": "227924496", "timestamp": 1661914189321, "tick_direction": 2, "price": 0.0095, "mark_price": 0.00900154, "iv": 81.0, "instrument_name": "BTC-31MAR23-70000-C", "index_price": 20368.22, "direction": "sell", "amount": 0.1}, {"trade_seq": 348, "trade_id": "227915740", "timestamp": 1661906712075, "tick_direction": 0, "price": 0.01, "mark_price": 0.00871152, "iv": 82.68, "instrument_name": "BTC-31MAR23-70000-C", "index_price": 19971.65, "direction": "buy", "amount": 0.4}, {"trade_seq": 347, "trade_id": "227849525", "timestamp": 1661854417683, "tick_direction": 3, "price": 0.009, "mark_price": 0.00849117, "iv": 79.99, "instrument_name": "BTC-31MAR23-70000-C", "index_price": 20450.7, "direction": "sell", "amount": 1.0}, {"trade_seq": 346, "trade_id": "227839066", "timestamp": 1661839936481, "tick_direction": 2, "price": 0.009, "mark_price": 0.00911489, "iv": 80.03, "instrument_name": "BTC-31MAR23-70000-C", "index_price": 20403.29, "direction": "sell", "amount": 1.0}, {"trade_seq": 345, "trade_id": "227509145", "timestamp": 1661508083678, "tick_direction": 3, "price": 0.0115, "mark_price": 0.01201974, "iv": 80.04, "instrument_name": "BTC-31MAR23-70000-C", "index_price": 21440.93, "direction": "buy", "amount": 3.6}, {"trade_seq": 344, "trade_id": "227509144", "timestamp": 1661508083673, "tick_direction": 3, "price": 0.0115, "mark_price": 0.01201974, "iv": 80.04, "instrument_name": "BTC-31MAR23-70000-C", "index_price": 21440.93, "direction": "sell", "amount": 2.4}, {"trade_seq": 343, "trade_id": "227447523", "timestamp": 1661436768110, "tick_direction": 2, "price": 0.0115, "mark_price": 0.01214962, "iv": 79.34, "instrument_name": "BTC-31MAR23-70000-C", "index_price": 21681.53, "direction": "buy", "amount": 5.0}, {"trade_seq": 342, "trade_id": "227370843", "timestamp": 1661327049981, "tick_direction": 0, "price": 0.0135, "mark_price": 0.01273861, "iv": 82.28, "instrument_name": "BTC-31MAR23-70000-C", "index_price": 21285.76, "direction": "buy", "amount": 2.5}, {"trade_seq": 341, "trade_id": "227298258", "timestamp": 1661236211023, "tick_direction": 2, "price": 0.013, "mark_price": 0.01282219, "iv": 82.29, "instrument_name": "BTC-31MAR23-70000-C", "index_price": 20960.22, "direction": "buy", "amount": 2.0}, {"trade_seq": 340, "trade_id": "227216172", "timestamp": 1661142089441, "tick_direction": 3, "price": 0.014, "mark_price": 0.01257922, "iv": 81.97, "instrument_name": "BTC-31MAR23-70000-C", "index_price": 21401.78, "direction": "buy", "amount": 1.0}, {"trade_seq": 339, "trade_id": "226954935", "timestamp": 1660892301242, "tick_direction": 2, "price": 0.014, "mark_price": 0.01366016, "iv": 80.31, "instrument_name": "BTC-31MAR23-70000-C", "index_price": 21925.89, "direction": "buy", "amount": 2.0}, {"trade_seq": 338, "trade_id": "226888071", "timestamp": 1660849098578, "tick_direction": 1, "price": 0.0165, "mark_price": 0.01616773, "iv": 79.21, "instrument_name": "BTC-31MAR23-70000-C", "index_price": 23337.21, "direction": "buy", "amount": 4.0}, {"trade_seq": 337, "trade_id": "226888070", "timestamp": 1660849098578, "tick_direction": 1, "price": 0.0165, "mark_price": 0.01616773, "iv": 79.21, "instrument_name": "BTC-31MAR23-70000-C", "index_price": 23337.21, "direction": "buy", "amount": 2.0}, {"trade_seq": 336, "trade_id": "226844973", "timestamp": 1660812049495, "tick_direction": 1, "price": 0.0165, "mark_price": 0.01634055, "iv": 79.01, "instrument_name": "BTC-31MAR23-70000-C", "index_price": 23355.95, "direction": "buy", "amount": 2.0}, {"trade_seq": 335, "trade_id": "226826412", "timestamp": 1660774659981, "tick_direction": 1, "price": 0.0165, "mark_price": 0.01607834, "iv": 78.97, "instrument_name": "BTC-31MAR23-70000-C", "index_price": 23322.4, "direction": "sell", "amount": 0.1}, {"trade_seq": 334, "trade_id": "226766516", "timestamp": 1660732927207, "tick_direction": 1, "price": 0.0165, "mark_price": 0.01686118, "iv": 77.9, "instrument_name": "BTC-31MAR23-70000-C", "index_price": 23778.44, "direction": "buy", "amount": 2.7}, {"trade_seq": 333, "trade_id": "226766428", "timestamp": 1660732844735, "tick_direction": 0, "price": 0.0165, "mark_price": 0.01699092, "iv": 77.93, "instrument_name": "BTC-31MAR23-70000-C", "index_price": 23745.97, "direction": "buy", "amount": 2.1}, {"trade_seq": 332, "trade_id": "226766213", "timestamp": 1660732735393, "tick_direction": 2, "price": 0.0155, "mark_price": 0.01727561, "iv": 76.96, "instrument_name": "BTC-31MAR23-70000-C", "index_price": 23783.6, "direction": "sell", "amount": 2.9}, {"trade_seq": 331, "trade_id": "226766212", "timestamp": 1660732735393, "tick_direction": 3, "price": 0.016, "mark_price": 0.01727561, "iv": 77.42, "instrument_name": "BTC-31MAR23-70000-C", "index_price": 23783.6, "direction": "sell", "amount": 1.9}, {"trade_seq": 330, "trade_id": "226766209", "timestamp": 1660732735346, "tick_direction": 3, "price": 0.016, "mark_price": 0.01727561, "iv": 77.42, "instrument_name": "BTC-31MAR23-70000-C", "index_price": 23783.6, "direction": "sell", "amount": 2.1}, {"trade_seq": 329, "trade_id": "226766208", "timestamp": 1660732735346, "tick_direction": 3, "price": 0.016, "mark_price": 0.01727561, "iv": 77.42, "instrument_name": "BTC-31MAR23-70000-C", "index_price": 23783.6, "direction": "sell", "amount": 10.0}, {"trade_seq": 328, "trade_id": "226766207", "timestamp": 1660732735346, "tick_direction": 2, "price": 0.016, "mark_price": 0.01727561, "iv": 77.42, "instrument_name": "BTC-31MAR23-70000-C", "index_price": 23783.6, "direction": "sell", "amount": 2.9}, {"trade_seq": 327, "trade_id": "226753963", "timestamp": 1660723423117, "tick_direction": 3, "price": 0.018, "mark_price": 0.01760469, "iv": 79.07, "instrument_name": "BTC-31MAR23-70000-C", "index_price": 23790.24, "direction": "sell", "amount": 2.3}, {"trade_seq": 326, "trade_id": "226753600", "timestamp": 1660723325931, "tick_direction": 2, "price": 0.018, "mark_price": 0.01743611, "iv": 79.09, "instrument_name": "BTC-31MAR23-70000-C", "index_price": 23769.03, "direction": "sell", "amount": 2.3}, {"trade_seq": 325, "trade_id": "226715415", "timestamp": 1660688089334, "tick_direction": 0, "price": 0.0445, "mark_price": 0.01543027, "iv": 96.21, "instrument_name": "BTC-31MAR23-70000-C", "index_price": 23910.3, "direction": "buy", "amount": 5.0}, {"trade_seq": 324, "trade_id": "226715414", "timestamp": 1660688089334, "tick_direction": 1, "price": 0.0395, "mark_price": 0.01543027, "iv": 93.45, "instrument_name": "BTC-31MAR23-70000-C", "index_price": 23910.3, "direction": "buy", "amount": 4.1}, {"trade_seq": 323, "trade_id": "226715413", "timestamp": 1660688089305, "tick_direction": 0, "price": 0.0395, "mark_price": 0.01543027, "iv": 93.45, "instrument_name": "BTC-31MAR23-70000-C", "index_price": 23910.3, "direction": "buy", "amount": 0.9}, {"trade_seq": 322, "trade_id": "226715412", "timestamp": 1660688089305, "tick_direction": 0, "price": 0.034, "mark_price": 0.01543027, "iv": 90.2, "instrument_name": "BTC-31MAR23-70000-C", "index_price": 23910.3, "direction": "buy", "amount": 0.5}, {"trade_seq": 321, "trade_id": "226715411", "timestamp": 1660688089305, "tick_direction": 0, "price": 0.0195, "mark_price": 0.01543027, "iv": 80.09, "instrument_name": "BTC-31MAR23-70000-C", "index_price": 23910.3, "direction": "buy", "amount": 10.0}, {"trade_seq": 320, "trade_id": "226715410", "timestamp": 1660688089305, "tick_direction": 0, "price": 0.018, "mark_price": 0.01543027, "iv": 78.83, "instrument_name": "BTC-31MAR23-70000-C", "index_price": 23910.3, "direction": "buy", "amount": 2.0}, {"trade_seq": 319, "trade_id": "226715409", "timestamp": 1660688089305, "tick_direction": 0, "price": 0.0175, "mark_price": 0.01543027, "iv": 78.4, "instrument_name": "BTC-31MAR23-70000-C", "index_price": 23910.3, "direction": "buy", "amount": 1.6}, {"trade_seq": 318, "trade_id": "226696971", "timestamp": 1660671491416, "tick_direction": 2, "price": 0.016, "mark_price": 0.01569524, "iv": 77.07, "instrument_name": "BTC-31MAR23-70000-C", "index_price": 23875.41, "direction": "buy", "amount": 0.8}, {"trade_seq": 317, "trade_id": "226568780", "timestamp": 1660533263815, "tick_direction": 3, "price": 0.0165, "mark_price": 0.01691301, "iv": 74.41, "instrument_name": "BTC-31MAR23-70000-C", "index_price": 25151.89, "direction": "buy", "amount": 1.0}, {"trade_seq": 316, "trade_id": "226430310", "timestamp": 1660329756083, "tick_direction": 2, "price": 0.0165, "mark_price": 0.01680125, "iv": 75.98, "instrument_name": "BTC-31MAR23-70000-C", "index_price": 24224.5, "direction": "buy", "amount": 1.0}, {"trade_seq": 315, "trade_id": "226190215", "timestamp": 1660128302289, "tick_direction": 2, "price": 0.017, "mark_price": 0.01703424, "iv": 78.66, "instrument_name": "BTC-31MAR23-70000-C", "index_price": 23073.37, "direction": "sell", "amount": 4.0}, {"trade_seq": 314, "trade_id": "226074509", "timestamp": 1659987974069, "tick_direction": 1, "price": 0.0185, "mark_price": 0.01853138, "iv": 77.63, "instrument_name": "BTC-31MAR23-70000-C", "index_price": 23950.51, "direction": "sell", "amount": 1.4}, {"trade_seq": 313, "trade_id": "226034077", "timestamp": 1659950714912, "tick_direction": 0, "price": 0.0185, "mark_price": 0.01825404, "iv": 77.03, "instrument_name": "BTC-31MAR23-70000-C", "index_price": 24164.33, "direction": "sell", "amount": 1.2}, {"trade_seq": 312, "trade_id": "225458128", "timestamp": 1659328775335, "tick_direction": 2, "price": 0.016, "mark_price": 0.0162583, "iv": 75.32, "instrument_name": "BTC-31MAR23-70000-C", "index_price": 23405.04, "direction": "sell", "amount": 2.4}, {"trade_seq": 311, "trade_id": "225344758", "timestamp": 1659218431245, "tick_direction": 0, "price": 0.0175, "mark_price": 0.0171478, "iv": 75.35, "instrument_name": "BTC-31MAR23-70000-C", "index_price": 23821.07, "direction": "sell", "amount": 0.2}, {"trade_seq": 310, "trade_id": "225067495", "timestamp": 1659079600087, "tick_direction": 0, "price": 0.017, "mark_price": 0.01598205, "iv": 74.67, "instrument_name": "BTC-31MAR23-70000-C", "index_price": 23846.7, "direction": "buy", "amount": 1.0}, {"trade_seq": 309, "trade_id": "225059227", "timestamp": 1659077579678, "tick_direction": 3, "price": 0.0165, "mark_price": 0.01612054, "iv": 73.87, "instrument_name": "BTC-31MAR23-70000-C", "index_price": 24061.73, "direction": "buy", "amount": 1.0}, {"trade_seq": 308, "trade_id": "225022357", "timestamp": 1659058653832, "tick_direction": 3, "price": 0.0165, "mark_price": 0.01687804, "iv": 74.54, "instrument_name": "BTC-31MAR23-70000-C", "index_price": 23779.69, "direction": "buy", "amount": 1.0}, {"trade_seq": 307, "trade_id": "225022356", "timestamp": 1659058650154, "tick_direction": 2, "price": 0.0165, "mark_price": 0.01687713, "iv": 74.54, "instrument_name": "BTC-31MAR23-70000-C", "index_price": 23779.36, "direction": "buy", "amount": 1.0}, {"trade_seq": 306, "trade_id": "224960192", "timestamp": 1659028483768, "tick_direction": 0, "price": 0.017, "mark_price": 0.0171835, "iv": 74.78, "instrument_name": "BTC-31MAR23-70000-C", "index_price": 23904.87, "direction": "buy", "amount": 2.0}, {"trade_seq": 305, "trade_id": "224834070", "timestamp": 1658976251326, "tick_direction": 2, "price": 0.015, "mark_price": 0.01525791, "iv": 75.04, "instrument_name": "BTC-31MAR23-70000-C", "index_price": 22907.94, "direction": "buy", "amount": 2.0}, {"trade_seq": 304, "trade_id": "224687056", "timestamp": 1658921517205, "tick_direction": 0, "price": 0.0155, "mark_price": 0.01622057, "iv": 79.03, "instrument_name": "BTC-31MAR23-70000-C", "index_price": 21308.28, "direction": "buy", "amount": 10.0}, {"trade_seq": 303, "trade_id": "224663940", "timestamp": 1658897720528, "tick_direction": 0, "price": 0.015, "mark_price": 0.01524964, "iv": 78.95, "instrument_name": "BTC-31MAR23-70000-C", "index_price": 21125.67, "direction": "sell", "amount": 5.0}, {"trade_seq": 302, "trade_id": "224610245", "timestamp": 1658852791083, "tick_direction": 3, "price": 0.0145, "mark_price": 0.01342946, "iv": 79.07, "instrument_name": "BTC-31MAR23-70000-C", "index_price": 20824.69, "direction": "buy", "amount": 8.0}, {"trade_seq": 301, "trade_id": "224610244", "timestamp": 1658852791083, "tick_direction": 2, "price": 0.0145, "mark_price": 0.01342946, "iv": 79.07, "instrument_name": "BTC-31MAR23-70000-C", "index_price": 20824.69, "direction": "buy", "amount": 1.0}, {"trade_seq": 300, "trade_id": "224249263", "timestamp": 1658573983059, "tick_direction": 3, "price": 0.018, "mark_price": 0.01888495, "iv": 77.93, "instrument_name": "BTC-31MAR23-70000-C", "index_price": 22491.94, "direction": "buy", "amount": 3.4}, {"trade_seq": 299, "trade_id": "224249262", "timestamp": 1658573983053, "tick_direction": 2, "price": 0.018, "mark_price": 0.01888495, "iv": 77.93, "instrument_name": "BTC-31MAR23-70000-C", "index_price": 22491.94, "direction": "sell", "amount": 1.6}, {"trade_seq": 298, "trade_id": "224104635", "timestamp": 1658480433674, "tick_direction": 0, "price": 0.0195, "mark_price": 0.01922037, "iv": 77.04, "instrument_name": "BTC-31MAR23-70000-C", "index_price": 23340.54, "direction": "buy", "amount": 1.0}, {"trade_seq": 297, "trade_id": "224102969", "timestamp": 1658479823255, "tick_direction": 0, "price": 0.019, "mark_price": 0.01896075, "iv": 76.95, "instrument_name": "BTC-31MAR23-70000-C", "index_price": 23196.6, "direction": "buy", "amount": 1.0}, {"trade_seq": 296, "trade_id": "224102968", "timestamp": 1658479816450, "tick_direction": 2, "price": 0.0185, "mark_price": 0.018955, "iv": 76.56, "instrument_name": "BTC-31MAR23-70000-C", "index_price": 23195.83, "direction": "buy", "amount": 1.0}, {"trade_seq": 295, "trade_id": "223987035", "timestamp": 1658411075843, "tick_direction": 1, "price": 0.0195, "mark_price": 0.0175677, "iv": 78.42, "instrument_name": "BTC-31MAR23-70000-C", "index_price": 22671.62, "direction": "buy", "amount": 8.0}, {"trade_seq": 294, "trade_id": "223987034", "timestamp": 1658411075843, "tick_direction": 1, "price": 0.0195, "mark_price": 0.0175677, "iv": 78.42, "instrument_name": "BTC-31MAR23-70000-C", "index_price": 22671.62, "direction": "buy", "amount": 15.0}, {"trade_seq": 293, "trade_id": "223987033", "timestamp": 1658411075843, "tick_direction": 0, "price": 0.0195, "mark_price": 0.0175677, "iv": 78.42, "instrument_name": "BTC-31MAR23-70000-C", "index_price": 22671.62, "direction": "buy", "amount": 1.5}, {"trade_seq": 292, "trade_id": "223986570", "timestamp": 1658410935146, "tick_direction": 2, "price": 0.0185, "mark_price": 0.01759925, "iv": 77.53, "instrument_name": "BTC-31MAR23-70000-C", "index_price": 22728.19, "direction": "buy", "amount": 1.6}, {"trade_seq": 291, "trade_id": "223802416", "timestamp": 1658329037794, "tick_direction": 0, "price": 0.02, "mark_price": 0.01953017, "iv": 75.46, "instrument_name": "BTC-31MAR23-70000-C", "index_price": 24154.12, "direction": "buy", "amount": 0.1}, {"trade_seq": 290, "trade_id": "223796465", "timestamp": 1658327309278, "tick_direction": 1, "price": 0.0195, "mark_price": 0.0185747, "iv": 75.48, "instrument_name": "BTC-31MAR23-70000-C", "index_price": 23976.17, "direction": "sell", "amount": 2.1}, {"trade_seq": 289, "trade_id": "223796464", "timestamp": 1658327309276, "tick_direction": 1, "price": 0.0195, "mark_price": 0.0185747, "iv": 75.48, "instrument_name": "BTC-31MAR23-70000-C", "index_price": 23976.17, "direction": "sell", "amount": 16.0}, {"trade_seq": 288, "trade_id": "223796463", "timestamp": 1658327309275, "tick_direction": 0, "price": 0.0195, "mark_price": 0.0185747, "iv": 75.48, "instrument_name": "BTC-31MAR23-70000-C", "index_price": 23976.17, "direction": "sell", "amount": 16.0}, {"trade_seq": 287, "trade_id": "223613786", "timestamp": 1658248789476, "tick_direction": 0, "price": 0.0185, "mark_price": 0.0175974, "iv": 75.87, "instrument_name": "BTC-31MAR23-70000-C", "index_price": 23331.81, "direction": "sell", "amount": 3.7}, {"trade_seq": 286, "trade_id": "223387968", "timestamp": 1658166483563, "tick_direction": 1, "price": 0.0165, "mark_price": 0.01666379, "iv": 77.14, "instrument_name": "BTC-31MAR23-70000-C", "index_price": 21957.25, "direction": "sell", "amount": 6.3}, {"trade_seq": 285, "trade_id": "223346577", "timestamp": 1658149743753, "tick_direction": 1, "price": 0.0165, "mark_price": 0.01642773, "iv": 76.48, "instrument_name": "BTC-31MAR23-70000-C", "index_price": 22206.56, "direction": "sell", "amount": 1.3}, {"trade_seq": 284, "trade_id": "223346576", "timestamp": 1658149743749, "tick_direction": 0, "price": 0.0165, "mark_price": 0.01642773, "iv": 76.48, "instrument_name": "BTC-31MAR23-70000-C", "index_price": 22206.56, "direction": "sell", "amount": 2.4}, {"trade_seq": 283, "trade_id": "223168117", "timestamp": 1658005907689, "tick_direction": 0, "price": 0.0135, "mark_price": 0.01372653, "iv": 75.91, "instrument_name": "BTC-31MAR23-70000-C", "index_price": 21112.86, "direction": "buy", "amount": 5.0}, {"trade_seq": 282, "trade_id": "222821852", "timestamp": 1657726408600, "tick_direction": 3, "price": 0.0123, "mark_price": 0.01226471, "iv": 77.94, "instrument_name": "BTC-31MAR23-70000-C", "index_price": 19462.38, "direction": "sell", "block_trade_id": "44819", "amount": 43.0}, {"trade_seq": 281, "trade_id": "222821283", "timestamp": 1657726260268, "tick_direction": 2, "price": 0.0123, "mark_price": 0.01223592, "iv": 77.92, "instrument_name": "BTC-31MAR23-70000-C", "index_price": 19498.76, "direction": "sell", "block_trade_id": "44812", "amount": 25.0}, {"trade_seq": 280, "trade_id": "222287967", "timestamp": 1657224098370, "tick_direction": 1, "price": 0.0185, "mark_price": 0.0174886, "iv": 77.46, "instrument_name": "BTC-31MAR23-70000-C", "index_price": 21777.67, "direction": "sell", "amount": 3.1}, {"trade_seq": 279, "trade_id": "222287965", "timestamp": 1657224095160, "tick_direction": 0, "price": 0.0185, "mark_price": 0.01747972, "iv": 77.46, "instrument_name": "BTC-31MAR23-70000-C", "index_price": 21776.05, "direction": "sell", "amount": 4.9}, {"trade_seq": 278, "trade_id": "222285954", "timestamp": 1657223716014, "tick_direction": 0, "price": 0.0175, "mark_price": 0.01714111, "iv": 76.78, "instrument_name": "BTC-31MAR23-70000-C", "index_price": 21742.72, "direction": "sell", "amount": 8.0}, {"trade_seq": 277, "trade_id": "222095960", "timestamp": 1657076306164, "tick_direction": 2, "price": 0.014, "mark_price": 0.01490676, "iv": 77.63, "instrument_name": "BTC-31MAR23-70000-C", "index_price": 19860.85, "direction": "buy", "amount": 7.7}, {"trade_seq": 276, "trade_id": "221958091", "timestamp": 1657009569960, "tick_direction": 3, "price": 0.016, "mark_price": 0.01630647, "iv": 78.95, "instrument_name": "BTC-31MAR23-70000-C", "index_price": 19988.61, "direction": "sell", "amount": 1.8}, {"trade_seq": 275, "trade_id": "221956798", "timestamp": 1657009011174, "tick_direction": 3, "price": 0.016, "mark_price": 0.01597276, "iv": 78.76, "instrument_name": "BTC-31MAR23-70000-C", "index_price": 20085.15, "direction": "sell", "amount": 4.2}, {"trade_seq": 274, "trade_id": "221862738", "timestamp": 1656952613255, "tick_direction": 3, "price": 0.016, "mark_price": 0.01623487, "iv": 79.76, "instrument_name": "BTC-31MAR23-70000-C", "index_price": 19681.16, "direction": "buy", "amount": 1.0}, {"trade_seq": 273, "trade_id": "221862737", "timestamp": 1656952613255, "tick_direction": 3, "price": 0.016, "mark_price": 0.01623487, "iv": 79.76, "instrument_name": "BTC-31MAR23-70000-C", "index_price": 19681.16, "direction": "buy", "amount": 1.0}, {"trade_seq": 272, "trade_id": "221663794", "timestamp": 1656702817294, "tick_direction": 2, "price": 0.016, "mark_price": 0.01664385, "iv": 80.1, "instrument_name": "BTC-31MAR23-70000-C", "index_price": 19383.93, "direction": "sell", "amount": 2.0}, {"trade_seq": 271, "trade_id": "221580098", "timestamp": 1656648423162, "tick_direction": 2, "price": 0.0165, "mark_price": 0.01678969, "iv": 80.02, "instrument_name": "BTC-31MAR23-70000-C", "index_price": 19521.73, "direction": "buy", "amount": 2.2}, {"trade_seq": 270, "trade_id": "221325264", "timestamp": 1656516189719, "tick_direction": 2, "price": 0.017, "mark_price": 0.01619452, "iv": 79.2, "instrument_name": "BTC-31MAR23-70000-C", "index_price": 19974.72, "direction": "buy", "amount": 5.0}, {"trade_seq": 269, "trade_id": "221172239", "timestamp": 1656422163511, "tick_direction": 2, "price": 0.0185, "mark_price": 0.01853091, "iv": 77.95, "instrument_name": "BTC-31MAR23-70000-C", "index_price": 20972.58, "direction": "sell", "amount": 3.0}, {"trade_seq": 268, "trade_id": "221009040", "timestamp": 1656239913713, "tick_direction": 0, "price": 0.02, "mark_price": 0.017355, "iv": 77.82, "instrument_name": "BTC-31MAR23-70000-C", "index_price": 21384.44, "direction": "sell", "amount": 0.1}, {"trade_seq": 267, "trade_id": "220884016", "timestamp": 1656074699665, "tick_direction": 2, "price": 0.017, "mark_price": 0.01792087, "iv": 75.46, "instrument_name": "BTC-31MAR23-70000-C", "index_price": 21276.33, "direction": "buy", "amount": 0.1}, {"trade_seq": 266, "trade_id": "220481503", "timestamp": 1655851393749, "tick_direction": 1, "price": 0.018, "mark_price": 0.01799073, "iv": 77.25, "instrument_name": "BTC-31MAR23-70000-C", "index_price": 20799.07, "direction": "buy", "amount": 0.5}, {"trade_seq": 265, "trade_id": "220481302", "timestamp": 1655851177907, "tick_direction": 0, "price": 0.018, "mark_price": 0.01794493, "iv": 77.28, "instrument_name": "BTC-31MAR23-70000-C", "index_price": 20774.97, "direction": "buy", "amount": 1.0}, {"trade_seq": 264, "trade_id": "220410115", "timestamp": 1655812699014, "tick_direction": 0, "price": 0.0175, "mark_price": 0.01727367, "iv": 76.35, "instrument_name": "BTC-31MAR23-70000-C", "index_price": 20935.93, "direction": "buy", "amount": 2.0}, {"trade_seq": 263, "trade_id": "220410056", "timestamp": 1655812671017, "tick_direction": 2, "price": 0.017, "mark_price": 0.01725563, "iv": 75.97, "instrument_name": "BTC-31MAR23-70000-C", "index_price": 20924.32, "direction": "buy", "amount": 2.0}, {"trade_seq": 262, "trade_id": "220007378", "timestamp": 1655635277587, "tick_direction": 0, "price": 0.018, "mark_price": 0.01744506, "iv": 79.37, "instrument_name": "BTC-31MAR23-70000-C", "index_price": 19661.87, "direction": "buy", "amount": 5.0}, {"trade_seq": 261, "trade_id": "219908463", "timestamp": 1655603031426, "tick_direction": 2, "price": 0.015, "mark_price": 0.01654787, "iv": 79.03, "instrument_name": "BTC-31MAR23-70000-C", "index_price": 18598.22, "direction": "sell", "amount": 0.5}, {"trade_seq": 260, "trade_id": "219736035", "timestamp": 1655557477738, "tick_direction": 0, "price": 0.02, "mark_price": 0.01696269, "iv": 82.1, "instrument_name": "BTC-31MAR23-70000-C", "index_price": 19079.62, "direction": "sell", "amount": 0.1}, {"trade_seq": 259, "trade_id": "219698015", "timestamp": 1655543399423, "tick_direction": 0, "price": 0.016, "mark_price": 0.01499371, "iv": 79.2, "instrument_name": "BTC-31MAR23-70000-C", "index_price": 18953.22, "direction": "buy", "amount": 4.0}, {"trade_seq": 258, "trade_id": "219694239", "timestamp": 1655542274681, "tick_direction": 2, "price": 0.0155, "mark_price": 0.01558342, "iv": 78.72, "instrument_name": "BTC-31MAR23-70000-C", "index_price": 18995.55, "direction": "buy", "amount": 2.0}, {"trade_seq": 257, "trade_id": "219512983", "timestamp": 1655469172565, "tick_direction": 3, "price": 0.017, "mark_price": 0.01747633, "iv": 75.48, "instrument_name": "BTC-31MAR23-70000-C", "index_price": 20886.99, "direction": "sell", "amount": 2.0}, {"trade_seq": 256, "trade_id": "219512982", "timestamp": 1655469172565, "tick_direction": 2, "price": 0.017, "mark_price": 0.01747633, "iv": 75.48, "instrument_name": "BTC-31MAR23-70000-C", "index_price": 20886.99, "direction": "sell", "amount": 2.0}, {"trade_seq": 255, "trade_id": "219504411", "timestamp": 1655465366020, "tick_direction": 3, "price": 0.0185, "mark_price": 0.01832975, "iv": 76.29, "instrument_name": "BTC-31MAR23-70000-C", "index_price": 21069.69, "direction": "buy", "amount": 1.0}, {"trade_seq": 254, "trade_id": "219504105", "timestamp": 1655465288406, "tick_direction": 3, "price": 0.0185, "mark_price": 0.01887753, "iv": 76.21, "instrument_name": "BTC-31MAR23-70000-C", "index_price": 21101.88, "direction": "sell", "amount": 1.0}, {"trade_seq": 253, "trade_id": "219204603", "timestamp": 1655358092622, "tick_direction": 2, "price": 0.0185, "mark_price": 0.0200579, "iv": 73.9, "instrument_name": "BTC-31MAR23-70000-C", "index_price": 22057.6, "direction": "sell", "amount": 5.0}, {"trade_seq": 252, "trade_id": "218916069", "timestamp": 1655285532387, "tick_direction": 1, "price": 0.023, "mark_price": 0.0231852, "iv": 81.22, "instrument_name": "BTC-31MAR23-70000-C", "index_price": 20246.18, "direction": "buy", "amount": 2.0}, {"trade_seq": 251, "trade_id": "218915224", "timestamp": 1655285381072, "tick_direction": 0, "price": 0.023, "mark_price": 0.02258998, "iv": 81.43, "instrument_name": "BTC-31MAR23-70000-C", "index_price": 20158.13, "direction": "buy", "amount": 7.0}, {"trade_seq": 250, "trade_id": "218765390", "timestamp": 1655239464497, "tick_direction": 0, "price": 0.0225, "mark_price": 0.01989464, "iv": 76.86, "instrument_name": "BTC-31MAR23-70000-C", "index_price": 21830.33, "direction": "buy", "amount": 1.0}, {"trade_seq": 249, "trade_id": "218688089", "timestamp": 1655220520775, "tick_direction": 3, "price": 0.0175, "mark_price": 0.01942154, "iv": 71.95, "instrument_name": "BTC-31MAR23-70000-C", "index_price": 22406.43, "direction": "buy", "amount": 10.0}, {"trade_seq": 248, "trade_id": "218687976", "timestamp": 1655220500150, "tick_direction": 2, "price": 0.0175, "mark_price": 0.01939343, "iv": 71.96, "instrument_name": "BTC-31MAR23-70000-C", "index_price": 22428.25, "direction": "buy", "amount": 10.0}, {"trade_seq": 247, "trade_id": "218536264", "timestamp": 1655192438522, "tick_direction": 2, "price": 0.02, "mark_price": 0.0211865, "iv": 72.77, "instrument_name": "BTC-31MAR23-70000-C", "index_price": 22884.84, "direction": "buy", "amount": 0.1}, {"trade_seq": 246, "trade_id": "218516205", "timestamp": 1655189931841, "tick_direction": 0, "price": 0.0215, "mark_price": 0.02076962, "iv": 74.47, "instrument_name": "BTC-31MAR23-70000-C", "index_price": 22602.35, "direction": "sell", "amount": 0.3}, {"trade_seq": 245, "trade_id": "218462954", "timestamp": 1655180323755, "tick_direction": 1, "price": 0.0205, "mark_price": 0.02040237, "iv": 75.24, "instrument_name": "BTC-31MAR23-70000-C", "index_price": 21907.87, "direction": "sell", "amount": 1.0}, {"trade_seq": 244, "trade_id": "218461344", "timestamp": 1655179901678, "tick_direction": 1, "price": 0.0205, "mark_price": 0.01985406, "iv": 74.69, "instrument_name": "BTC-31MAR23-70000-C", "index_price": 22155.68, "direction": "sell", "amount": 1.0}, {"trade_seq": 243, "trade_id": "218461333", "timestamp": 1655179881171, "tick_direction": 1, "price": 0.0205, "mark_price": 0.01997486, "iv": 74.7, "instrument_name": "BTC-31MAR23-70000-C", "index_price": 22150.38, "direction": "sell", "amount": 1.0}, {"trade_seq": 242, "trade_id": "218461264", "timestamp": 1655179848275, "tick_direction": 0, "price": 0.0205, "mark_price": 0.02026612, "iv": 74.68, "instrument_name": "BTC-31MAR23-70000-C", "index_price": 22169.64, "direction": "sell", "amount": 1.0}, {"trade_seq": 241, "trade_id": "218457024", "timestamp": 1655178991562, "tick_direction": 2, "price": 0.02, "mark_price": 0.0195644, "iv": 74.54, "instrument_name": "BTC-31MAR23-70000-C", "index_price": 22063.87, "direction": "sell", "amount": 1.0}, {"trade_seq": 240, "trade_id": "218424529", "timestamp": 1655173228890, "tick_direction": 0, "price": 0.023, "mark_price": 0.02026614, "iv": 78.14, "instrument_name": "BTC-31MAR23-70000-C", "index_price": 21365.04, "direction": "buy", "amount": 1.0}, {"trade_seq": 239, "trade_id": "218344448", "timestamp": 1655165578948, "tick_direction": 3, "price": 0.018, "mark_price": 0.02063999, "iv": 71.63, "instrument_name": "BTC-31MAR23-70000-C", "index_price": 22660.96, "direction": "buy", "amount": 2.0}, {"trade_seq": 238, "trade_id": "218344447", "timestamp": 1655165578937, "tick_direction": 2, "price": 0.018, "mark_price": 0.02063999, "iv": 71.62, "instrument_name": "BTC-31MAR23-70000-C", "index_price": 22663.62, "direction": "buy", "amount": 8.0}, {"trade_seq": 237, "trade_id": "218300210", "timestamp": 1655158334014, "tick_direction": 2, "price": 0.02, "mark_price": 0.01985221, "iv": 72.61, "instrument_name": "BTC-31MAR23-70000-C", "index_price": 22870.1, "direction": "sell", "amount": 1.2}, {"trade_seq": 236, "trade_id": "218221706", "timestamp": 1655136597581, "tick_direction": 0, "price": 0.0255, "mark_price": 0.02212633, "iv": 74.99, "instrument_name": "BTC-31MAR23-70000-C", "index_price": 23502.88, "direction": "sell", "amount": 3.0}, {"trade_seq": 235, "trade_id": "218220007", "timestamp": 1655136494755, "tick_direction": 2, "price": 0.0208, "mark_price": 0.02107228, "iv": 72.23, "instrument_name": "BTC-31MAR23-70000-C", "index_price": 23375.27, "direction": "sell", "block_trade_id": "41660", "amount": 20.0}, {"trade_seq": 234, "trade_id": "218176623", "timestamp": 1655131679719, "tick_direction": 2, "price": 0.022, "mark_price": 0.02455467, "iv": 73.89, "instrument_name": "BTC-31MAR23-70000-C", "index_price": 22942.8, "direction": "sell", "amount": 1.0}, {"trade_seq": 233, "trade_id": "218031125", "timestamp": 1655109604660, "tick_direction": 2, "price": 0.023, "mark_price": 0.02391542, "iv": 71.22, "instrument_name": "BTC-31MAR23-70000-C", "index_price": 24581.67, "direction": "sell", "amount": 3.5}, {"trade_seq": 232, "trade_id": "217996968", "timestamp": 1655106123046, "tick_direction": 0, "price": 0.0245, "mark_price": 0.02311599, "iv": 71.83, "instrument_name": "BTC-31MAR23-70000-C", "index_price": 24756.63, "direction": "sell", "amount": 3.5}, {"trade_seq": 231, "trade_id": "217992700", "timestamp": 1655105779299, "tick_direction": 2, "price": 0.023, "mark_price": 0.0242549, "iv": 70.1, "instrument_name": "BTC-31MAR23-70000-C", "index_price": 25146.56, "direction": "sell", "amount": 1.5}, {"trade_seq": 230, "trade_id": "217837318", "timestamp": 1655073761735, "tick_direction": 2, "price": 0.0235, "mark_price": 0.02387068, "iv": 66.86, "instrument_name": "BTC-31MAR23-70000-C", "index_price": 26992.42, "direction": "sell", "amount": 2.0}, {"trade_seq": 229, "trade_id": "217467120", "timestamp": 1654874065952, "tick_direction": 0, "price": 0.0285, "mark_price": 0.0295446, "iv": 64.66, "instrument_name": "BTC-31MAR23-70000-C", "index_price": 29518.13, "direction": "buy", "amount": 0.2}, {"trade_seq": 228, "trade_id": "217345256", "timestamp": 1654826069520, "tick_direction": 2, "price": 0.028, "mark_price": 0.02814231, "iv": 63.77, "instrument_name": "BTC-31MAR23-70000-C", "index_price": 29866.76, "direction": "sell", "amount": 3.0}, {"trade_seq": 227, "trade_id": "217249987", "timestamp": 1654747022681, "tick_direction": 0, "price": 0.0301, "mark_price": 0.0290166, "iv": 64.16, "instrument_name": "BTC-31MAR23-70000-C", "index_price": 30265.09, "direction": "buy", "block_trade_id": "41153", "amount": 25.0}, {"trade_seq": 226, "trade_id": "217027744", "timestamp": 1654600526820, "tick_direction": 2, "price": 0.027, "mark_price": 0.0279598, "iv": 63.59, "instrument_name": "BTC-31MAR23-70000-C", "index_price": 29437.86, "direction": "buy", "amount": 2.0}, {"trade_seq": 225, "trade_id": "217027649", "timestamp": 1654600419948, "tick_direction": 2, "price": 0.0275, "mark_price": 0.02786234, "iv": 63.92, "instrument_name": "BTC-31MAR23-70000-C", "index_price": 29401.66, "direction": "buy", "amount": 2.0}, {"trade_seq": 224, "trade_id": "216839913", "timestamp": 1654480942334, "tick_direction": 0, "price": 0.0325, "mark_price": 0.03342338, "iv": 63.8, "instrument_name": "BTC-31MAR23-70000-C", "index_price": 30925.28, "direction": "buy", "amount": 5.0}, {"trade_seq": 223, "trade_id": "216619187", "timestamp": 1654195981526, "tick_direction": 0, "price": 0.0315, "mark_price": 0.03097509, "iv": 64.26, "instrument_name": "BTC-31MAR23-70000-C", "index_price": 30073.27, "direction": "buy", "block_trade_id": "40676", "amount": 25.0}, {"trade_seq": 222, "trade_id": "216617827", "timestamp": 1654195365618, "tick_direction": 3, "price": 0.031, "mark_price": 0.03178532, "iv": 63.81, "instrument_name": "BTC-31MAR23-70000-C", "index_price": 30194.29, "direction": "buy", "amount": 7.0}, {"trade_seq": 221, "trade_id": "216617826", "timestamp": 1654195365615, "tick_direction": 3, "price": 0.031, "mark_price": 0.03178532, "iv": 63.81, "instrument_name": "BTC-31MAR23-70000-C", "index_price": 30194.29, "direction": "sell", "amount": 10.0}, {"trade_seq": 220, "trade_id": "216617825", "timestamp": 1654195365615, "tick_direction": 2, "price": 0.031, "mark_price": 0.03178532, "iv": 63.81, "instrument_name": "BTC-31MAR23-70000-C", "index_price": 30194.29, "direction": "sell", "amount": 3.0}, {"trade_seq": 219, "trade_id": "216614531", "timestamp": 1654189281331, "tick_direction": 2, "price": 0.0315, "mark_price": 0.03072956, "iv": 63.95, "instrument_name": "BTC-31MAR23-70000-C", "index_price": 30263.96, "direction": "sell", "amount": 10.0}, {"trade_seq": 218, "trade_id": "216614414", "timestamp": 1654189027305, "tick_direction": 0, "price": 0.0318, "mark_price": 0.0306687, "iv": 64.12, "instrument_name": "BTC-31MAR23-70000-C", "index_price": 30241.68, "direction": "buy", "block_trade_id": "40670", "amount": 25.0}, {"trade_seq": 217, "trade_id": "216565517", "timestamp": 1654160312819, "tick_direction": 3, "price": 0.029, "mark_price": 0.03072712, "iv": 63.14, "instrument_name": "BTC-31MAR23-70000-C", "index_price": 29936.33, "direction": "sell", "amount": 11.6}, {"trade_seq": 216, "trade_id": "216565516", "timestamp": 1654160312819, "tick_direction": 2, "price": 0.029, "mark_price": 0.03072712, "iv": 63.14, "instrument_name": "BTC-31MAR23-70000-C", "index_price": 29936.33, "direction": "sell", "amount": 0.4}, {"trade_seq": 215, "trade_id": "216565496", "timestamp": 1654160278430, "tick_direction": 2, "price": 0.0295, "mark_price": 0.03074032, "iv": 63.4, "instrument_name": "BTC-31MAR23-70000-C", "index_price": 29935.03, "direction": "sell", "amount": 16.0}, {"trade_seq": 214, "trade_id": "216542150", "timestamp": 1654131952150, "tick_direction": 3, "price": 0.03, "mark_price": 0.03117182, "iv": 64.1, "instrument_name": "BTC-31MAR23-70000-C", "index_price": 29653.71, "direction": "sell", "amount": 16.0}, {"trade_seq": 213, "trade_id": "216542149", "timestamp": 1654131952150, "tick_direction": 2, "price": 0.03, "mark_price": 0.03117182, "iv": 64.1, "instrument_name": "BTC-31MAR23-70000-C", "index_price": 29653.71, "direction": "sell", "amount": 0.5}, {"trade_seq": 212, "trade_id": "216512397", "timestamp": 1654114060424, "tick_direction": 2, "price": 0.033, "mark_price": 0.03229225, "iv": 65.07, "instrument_name": "BTC-31MAR23-70000-C", "index_price": 29974.87, "direction": "sell", "amount": 1.0}, {"trade_seq": 211, "trade_id": "216486714", "timestamp": 1654102283961, "tick_direction": 2, "price": 0.0335, "mark_price": 0.03450285, "iv": 64.75, "instrument_name": "BTC-31MAR23-70000-C", "index_price": 30342.46, "direction": "buy", "amount": 1.0}, {"trade_seq": 210, "trade_id": "216448129", "timestamp": 1654091474835, "tick_direction": 2, "price": 0.036, "mark_price": 0.0366851, "iv": 63.69, "instrument_name": "BTC-31MAR23-70000-C", "index_price": 31643.81, "direction": "sell", "amount": 1.0}, {"trade_seq": 209, "trade_id": "216335692", "timestamp": 1653999072551, "tick_direction": 2, "price": 0.038, "mark_price": 0.03774585, "iv": 64.33, "instrument_name": "BTC-31MAR23-70000-C", "index_price": 31732.55, "direction": "sell", "amount": 0.5}, {"trade_seq": 208, "trade_id": "216334340", "timestamp": 1653997799050, "tick_direction": 1, "price": 0.039, "mark_price": 0.03770964, "iv": 64.79, "instrument_name": "BTC-31MAR23-70000-C", "index_price": 31731.04, "direction": "sell", "amount": 1.0}, {"trade_seq": 207, "trade_id": "216334168", "timestamp": 1653997785029, "tick_direction": 1, "price": 0.039, "mark_price": 0.03767969, "iv": 64.81, "instrument_name": "BTC-31MAR23-70000-C", "index_price": 31739.45, "direction": "sell", "amount": 0.5}, {"trade_seq": 206, "trade_id": "216334012", "timestamp": 1653997762841, "tick_direction": 0, "price": 0.039, "mark_price": 0.037757, "iv": 64.77, "instrument_name": "BTC-31MAR23-70000-C", "index_price": 31765.95, "direction": "sell", "amount": 0.3}, {"trade_seq": 205, "trade_id": "216228145", "timestamp": 1653947398417, "tick_direction": 2, "price": 0.036, "mark_price": 0.03838537, "iv": 63.64, "instrument_name": "BTC-31MAR23-70000-C", "index_price": 31605.27, "direction": "sell", "amount": 3.0}, {"trade_seq": 204, "trade_id": "216227169", "timestamp": 1653947033720, "tick_direction": 0, "price": 0.0365, "mark_price": 0.03837712, "iv": 63.86, "instrument_name": "BTC-31MAR23-70000-C", "index_price": 31592.75, "direction": "sell", "amount": 4.0}, {"trade_seq": 203, "trade_id": "216164491", "timestamp": 1653921331417, "tick_direction": 2, "price": 0.036, "mark_price": 0.0361275, "iv": 65.26, "instrument_name": "BTC-31MAR23-70000-C", "index_price": 30588.45, "direction": "buy", "amount": 3.0}, {"trade_seq": 202, "trade_id": "216138041", "timestamp": 1653906557481, "tick_direction": 0, "price": 0.037, "mark_price": 0.03585249, "iv": 65.77, "instrument_name": "BTC-31MAR23-70000-C", "index_price": 30608.87, "direction": "sell", "amount": 8.8}, {"trade_seq": 201, "trade_id": "215957799", "timestamp": 1653694787857, "tick_direction": 3, "price": 0.033, "mark_price": 0.03302384, "iv": 67.2, "instrument_name": "BTC-31MAR23-70000-C", "index_price": 28570.34, "direction": "sell", "amount": 0.1}, {"trade_seq": 200, "trade_id": "215956762", "timestamp": 1653693723022, "tick_direction": 3, "price": 0.033, "mark_price": 0.03325628, "iv": 67.01, "instrument_name": "BTC-31MAR23-70000-C", "index_price": 28683.99, "direction": "sell", "amount": 0.4}, {"trade_seq": 199, "trade_id": "215956761", "timestamp": 1653693723022, "tick_direction": 2, "price": 0.033, "mark_price": 0.03325628, "iv": 67.01, "instrument_name": "BTC-31MAR23-70000-C", "index_price": 28683.99, "direction": "sell", "amount": 0.5}, {"trade_seq": 198, "trade_id": "215952054", "timestamp": 1653688385448, "tick_direction": 0, "price": 0.0345, "mark_price": 0.03444498, "iv": 67.65, "instrument_name": "BTC-31MAR23-70000-C", "index_price": 28762.11, "direction": "sell", "amount": 0.6}, {"trade_seq": 197, "trade_id": "215930313", "timestamp": 1653673764196, "tick_direction": 2, "price": 0.033, "mark_price": 0.03400933, "iv": 67.53, "instrument_name": "BTC-31MAR23-70000-C", "index_price": 28381.28, "direction": "buy", "amount": 8.5}, {"trade_seq": 196, "trade_id": "215913487", "timestamp": 1653666822909, "tick_direction": 2, "price": 0.035, "mark_price": 0.03579453, "iv": 67.58, "instrument_name": "BTC-31MAR23-70000-C", "index_price": 28865.58, "direction": "buy", "amount": 1.0}, {"trade_seq": 195, "trade_id": "215777475", "timestamp": 1653581799779, "tick_direction": 2, "price": 0.036, "mark_price": 0.03759453, "iv": 66.89, "instrument_name": "BTC-31MAR23-70000-C", "index_price": 29525.36, "direction": "sell", "amount": 0.6}, {"trade_seq": 194, "trade_id": "215777351", "timestamp": 1653581759799, "tick_direction": 3, "price": 0.0365, "mark_price": 0.03755455, "iv": 67.17, "instrument_name": "BTC-31MAR23-70000-C", "index_price": 29491.78, "direction": "buy", "amount": 8.6}, {"trade_seq": 193, "trade_id": "215777329", "timestamp": 1653581753550, "tick_direction": 3, "price": 0.0365, "mark_price": 0.03757319, "iv": 67.16, "instrument_name": "BTC-31MAR23-70000-C", "index_price": 29497.83, "direction": "buy", "amount": 8.6}, {"trade_seq": 192, "trade_id": "215777250", "timestamp": 1653581719100, "tick_direction": 2, "price": 0.0365, "mark_price": 0.03767081, "iv": 67.13, "instrument_name": "BTC-31MAR23-70000-C", "index_price": 29521.15, "direction": "buy", "amount": 8.6}, {"trade_seq": 191, "trade_id": "215712724", "timestamp": 1653569141586, "tick_direction": 1, "price": 0.037, "mark_price": 0.03580741, "iv": 68.75, "instrument_name": "BTC-31MAR23-70000-C", "index_price": 28839.11, "direction": "buy", "amount": 8.0}, {"trade_seq": 190, "trade_id": "215712723", "timestamp": 1653569141586, "tick_direction": 0, "price": 0.037, "mark_price": 0.03580741, "iv": 68.75, "instrument_name": "BTC-31MAR23-70000-C", "index_price": 28839.11, "direction": "buy", "amount": 0.9}, {"trade_seq": 189, "trade_id": "215696661", "timestamp": 1653560074246, "tick_direction": 2, "price": 0.035, "mark_price": 0.03616098, "iv": 67.11, "instrument_name": "BTC-31MAR23-70000-C", "index_price": 29189.72, "direction": "sell", "amount": 16.0}, {"trade_seq": 188, "trade_id": "215696652", "timestamp": 1653560056904, "tick_direction": 2, "price": 0.0355, "mark_price": 0.03612976, "iv": 67.37, "instrument_name": "BTC-31MAR23-70000-C", "index_price": 29177.79, "direction": "buy", "amount": 18.0}, {"trade_seq": 187, "trade_id": "215611473", "timestamp": 1653487052252, "tick_direction": 0, "price": 0.038, "mark_price": 0.03740566, "iv": 67.54, "instrument_name": "BTC-31MAR23-70000-C", "index_price": 29672.99, "direction": "sell", "amount": 5.0}, {"trade_seq": 186, "trade_id": "215480737", "timestamp": 1653379166250, "tick_direction": 0, "price": 0.037, "mark_price": 0.03547213, "iv": 67.41, "instrument_name": "BTC-31MAR23-70000-C", "index_price": 29366.19, "direction": "sell", "amount": 5.0}, {"trade_seq": 185, "trade_id": "215475556", "timestamp": 1653373469585, "tick_direction": 1, "price": 0.036, "mark_price": 0.03536877, "iv": 66.96, "instrument_name": "BTC-31MAR23-70000-C", "index_price": 29349.87, "direction": "sell", "amount": 1.0}, {"trade_seq": 184, "trade_id": "215475554", "timestamp": 1653373458376, "tick_direction": 0, "price": 0.036, "mark_price": 0.03537467, "iv": 66.95, "instrument_name": "BTC-31MAR23-70000-C", "index_price": 29350.45, "direction": "sell", "amount": 3.0}, {"trade_seq": 183, "trade_id": "215465931", "timestamp": 1653361153459, "tick_direction": 3, "price": 0.0345, "mark_price": 0.03624684, "iv": 66.39, "instrument_name": "BTC-31MAR23-70000-C", "index_price": 29247.75, "direction": "sell", "amount": 7.0}, {"trade_seq": 182, "trade_id": "215465930", "timestamp": 1653361153459, "tick_direction": 2, "price": 0.0345, "mark_price": 0.03624684, "iv": 66.39, "instrument_name": "BTC-31MAR23-70000-C", "index_price": 29247.75, "direction": "sell", "amount": 16.0}, {"trade_seq": 181, "trade_id": "215464135", "timestamp": 1653359472898, "tick_direction": 2, "price": 0.0355, "mark_price": 0.0368643, "iv": 66.95, "instrument_name": "BTC-31MAR23-70000-C", "index_price": 29198.67, "direction": "sell", "amount": 2.0}, {"trade_seq": 180, "trade_id": "215430923", "timestamp": 1653333957874, "tick_direction": 3, "price": 0.038, "mark_price": 0.03865708, "iv": 67.97, "instrument_name": "BTC-31MAR23-70000-C", "index_price": 29228.29, "direction": "sell", "amount": 0.6}, {"trade_seq": 179, "trade_id": "215430922", "timestamp": 1653333957874, "tick_direction": 3, "price": 0.038, "mark_price": 0.03865708, "iv": 67.97, "instrument_name": "BTC-31MAR23-70000-C", "index_price": 29228.29, "direction": "sell", "amount": 7.0}, {"trade_seq": 178, "trade_id": "215430921", "timestamp": 1653333957874, "tick_direction": 2, "price": 0.038, "mark_price": 0.03865708, "iv": 67.97, "instrument_name": "BTC-31MAR23-70000-C", "index_price": 29228.29, "direction": "sell", "amount": 5.0}, {"trade_seq": 177, "trade_id": "215315539", "timestamp": 1653232727351, "tick_direction": 0, "price": 0.0415, "mark_price": 0.04179695, "iv": 68.48, "instrument_name": "BTC-31MAR23-70000-C", "index_price": 29752.62, "direction": "sell", "amount": 2.0}, {"trade_seq": 176, "trade_id": "215216294", "timestamp": 1653090683037, "tick_direction": 3, "price": 0.041, "mark_price": 0.04077286, "iv": 69.0, "instrument_name": "BTC-31MAR23-70000-C", "index_price": 29236.99, "direction": "sell", "amount": 0.6}, {"trade_seq": 175, "trade_id": "215167146", "timestamp": 1653059713979, "tick_direction": 3, "price": 0.041, "mark_price": 0.03981173, "iv": 68.76, "instrument_name": "BTC-31MAR23-70000-C", "index_price": 29349.4, "direction": "buy", "amount": 6.0}, {"trade_seq": 174, "trade_id": "215167145", "timestamp": 1653059713979, "tick_direction": 2, "price": 0.041, "mark_price": 0.03981173, "iv": 68.76, "instrument_name": "BTC-31MAR23-70000-C", "index_price": 29349.4, "direction": "buy", "amount": 0.9}, {"trade_seq": 173, "trade_id": "215116813", "timestamp": 1653034239891, "tick_direction": 2, "price": 0.042, "mark_price": 0.04280126, "iv": 67.5, "instrument_name": "BTC-31MAR23-70000-C", "index_price": 30274.83, "direction": "sell", "amount": 2.0}, {"trade_seq": 172, "trade_id": "215049947", "timestamp": 1652983935737, "tick_direction": 0, "price": 0.0455, "mark_price": 0.04561339, "iv": 68.96, "instrument_name": "BTC-31MAR23-70000-C", "index_price": 30290.47, "direction": "sell", "amount": 4.1}, {"trade_seq": 171, "trade_id": "215049864", "timestamp": 1652983870892, "tick_direction": 0, "price": 0.045, "mark_price": 0.04554768, "iv": 68.76, "instrument_name": "BTC-31MAR23-70000-C", "index_price": 30275.54, "direction": "sell", "amount": 1.9}, {"trade_seq": 170, "trade_id": "215031525", "timestamp": 1652975964436, "tick_direction": 1, "price": 0.0445, "mark_price": 0.04477258, "iv": 68.4, "instrument_name": "BTC-31MAR23-70000-C", "index_price": 30314.76, "direction": "sell", "amount": 0.6}, {"trade_seq": 169, "trade_id": "215029521", "timestamp": 1652975186431, "tick_direction": 0, "price": 0.0445, "mark_price": 0.04403804, "iv": 68.38, "instrument_name": "BTC-31MAR23-70000-C", "index_price": 30338.81, "direction": "buy", "amount": 5.0}, {"trade_seq": 168, "trade_id": "215020583", "timestamp": 1652973603300, "tick_direction": 0, "price": 0.0435, "mark_price": 0.04279669, "iv": 68.69, "instrument_name": "BTC-31MAR23-70000-C", "index_price": 29949.05, "direction": "buy", "amount": 5.0}, {"trade_seq": 167, "trade_id": "215017199", "timestamp": 1652972115978, "tick_direction": 0, "price": 0.043, "mark_price": 0.04167215, "iv": 68.77, "instrument_name": "BTC-31MAR23-70000-C", "index_price": 29807.99, "direction": "buy", "amount": 10.0}, {"trade_seq": 166, "trade_id": "215016830", "timestamp": 1652971916666, "tick_direction": 0, "price": 0.0425, "mark_price": 0.0410954, "iv": 68.73, "instrument_name": "BTC-31MAR23-70000-C", "index_price": 29691.91, "direction": "buy", "amount": 5.0}, {"trade_seq": 165, "trade_id": "214995285", "timestamp": 1652963409593, "tick_direction": 0, "price": 0.04, "mark_price": 0.0404001, "iv": 67.84, "instrument_name": "BTC-31MAR23-70000-C", "index_price": 29552.33, "direction": "sell", "amount": 1.0}, {"trade_seq": 164, "trade_id": "214985330", "timestamp": 1652958348865, "tick_direction": 3, "price": 0.038, "mark_price": 0.03930939, "iv": 67.75, "instrument_name": "BTC-31MAR23-70000-C", "index_price": 29124.73, "direction": "sell", "amount": 0.1}, {"trade_seq": 163, "trade_id": "214985329", "timestamp": 1652958348865, "tick_direction": 2, "price": 0.038, "mark_price": 0.03930939, "iv": 67.75, "instrument_name": "BTC-31MAR23-70000-C", "index_price": 29124.73, "direction": "sell", "amount": 0.9}, {"trade_seq": 162, "trade_id": "214971125", "timestamp": 1652949667797, "tick_direction": 3, "price": 0.041, "mark_price": 0.03969408, "iv": 69.14, "instrument_name": "BTC-31MAR23-70000-C", "index_price": 29087.84, "direction": "buy", "amount": 1.0}, {"trade_seq": 161, "trade_id": "214898902", "timestamp": 1652910465376, "tick_direction": 3, "price": 0.041, "mark_price": 0.0431627, "iv": 68.86, "instrument_name": "BTC-31MAR23-70000-C", "index_price": 29181.24, "direction": "sell", "amount": 15.0}, {"trade_seq": 160, "trade_id": "214898901", "timestamp": 1652910465376, "tick_direction": 2, "price": 0.041, "mark_price": 0.0431627, "iv": 68.86, "instrument_name": "BTC-31MAR23-70000-C", "index_price": 29181.24, "direction": "sell", "amount": 1.1}, {"trade_seq": 159, "trade_id": "214898215", "timestamp": 1652909665938, "tick_direction": 0, "price": 0.042, "mark_price": 0.04323259, "iv": 69.32, "instrument_name": "BTC-31MAR23-70000-C", "index_price": 29148.18, "direction": "sell", "amount": 1.2}, {"trade_seq": 158, "trade_id": "214857206", "timestamp": 1652889319079, "tick_direction": 3, "price": 0.0405, "mark_price": 0.03881662, "iv": 69.1, "instrument_name": "BTC-31MAR23-70000-C", "index_price": 28898.17, "direction": "buy", "amount": 12.3}, {"trade_seq": 157, "trade_id": "214857205", "timestamp": 1652889319079, "tick_direction": 3, "price": 0.0405, "mark_price": 0.03881662, "iv": 69.1, "instrument_name": "BTC-31MAR23-70000-C", "index_price": 28898.17, "direction": "buy", "amount": 6.0}, {"trade_seq": 156, "trade_id": "214857204", "timestamp": 1652889319079, "tick_direction": 3, "price": 0.0405, "mark_price": 0.03881662, "iv": 69.1, "instrument_name": "BTC-31MAR23-70000-C", "index_price": 28898.17, "direction": "buy", "amount": 1.7}, {"trade_seq": 155, "trade_id": "214826970", "timestamp": 1652878157066, "tick_direction": 3, "price": 0.0405, "mark_price": 0.04037064, "iv": 67.79, "instrument_name": "BTC-31MAR23-70000-C", "index_price": 29625.98, "direction": "sell", "amount": 0.2}, {"trade_seq": 154, "trade_id": "214826950", "timestamp": 1652878155237, "tick_direction": 3, "price": 0.0405, "mark_price": 0.04038034, "iv": 67.76, "instrument_name": "BTC-31MAR23-70000-C", "index_price": 29642.98, "direction": "sell", "amount": 0.1}, {"trade_seq": 153, "trade_id": "214826949", "timestamp": 1652878155225, "tick_direction": 2, "price": 0.0405, "mark_price": 0.04038034, "iv": 67.76, "instrument_name": "BTC-31MAR23-70000-C", "index_price": 29642.98, "direction": "sell", "amount": 1.7}, {"trade_seq": 152, "trade_id": "214786048", "timestamp": 1652829637039, "tick_direction": 2, "price": 0.0425, "mark_price": 0.04529355, "iv": 67.06, "instrument_name": "BTC-31MAR23-70000-C", "index_price": 30486.59, "direction": "sell", "amount": 17.0}, {"trade_seq": 151, "trade_id": "214785897", "timestamp": 1652829315849, "tick_direction": 2, "price": 0.0435, "mark_price": 0.04616355, "iv": 67.46, "instrument_name": "BTC-31MAR23-70000-C", "index_price": 30480.52, "direction": "sell", "amount": 17.0}, {"trade_seq": 150, "trade_id": "214785881", "timestamp": 1652829303829, "tick_direction": 0, "price": 0.044, "mark_price": 0.04611447, "iv": 67.7, "instrument_name": "BTC-31MAR23-70000-C", "index_price": 30460.04, "direction": "buy", "amount": 17.0}, {"trade_seq": 149, "trade_id": "214670389", "timestamp": 1652718459417, "tick_direction": 3, "price": 0.0435, "mark_price": 0.04461724, "iv": 69.38, "instrument_name": "BTC-31MAR23-70000-C", "index_price": 29352.25, "direction": "buy", "amount": 6.0}, {"trade_seq": 148, "trade_id": "214611447", "timestamp": 1652685255986, "tick_direction": 2, "price": 0.0435, "mark_price": 0.04524815, "iv": 69.25, "instrument_name": "BTC-31MAR23-70000-C", "index_price": 29410.22, "direction": "sell", "amount": 1.5}, {"trade_seq": 147, "trade_id": "214594865", "timestamp": 1652678106683, "tick_direction": 0, "price": 0.046, "mark_price": 0.04774897, "iv": 68.62, "instrument_name": "BTC-31MAR23-70000-C", "index_price": 30376.42, "direction": "buy", "amount": 2.0}, {"trade_seq": 146, "trade_id": "214443381", "timestamp": 1652527726397, "tick_direction": 2, "price": 0.0405, "mark_price": 0.0438447, "iv": 68.64, "instrument_name": "BTC-31MAR23-70000-C", "index_price": 28932.36, "direction": "sell", "amount": 0.3}, {"trade_seq": 145, "trade_id": "214367763", "timestamp": 1652463815621, "tick_direction": 2, "price": 0.048, "mark_price": 0.04599497, "iv": 69.97, "instrument_name": "BTC-31MAR23-70000-C", "index_price": 29927.36, "direction": "sell", "amount": 1.0}, {"trade_seq": 144, "trade_id": "214347801", "timestamp": 1652454927988, "tick_direction": 2, "price": 0.0505, "mark_price": 0.04896779, "iv": 69.84, "instrument_name": "BTC-31MAR23-70000-C", "index_price": 30585.54, "direction": "sell", "amount": 2.0}, {"trade_seq": 143, "trade_id": "214260944", "timestamp": 1652411661287, "tick_direction": 1, "price": 0.0555, "mark_price": 0.05683237, "iv": 72.18, "instrument_name": "BTC-31MAR23-70000-C", "index_price": 30364.1, "direction": "sell", "amount": 14.0}, {"trade_seq": 142, "trade_id": "214260935", "timestamp": 1652411657506, "tick_direction": 0, "price": 0.0555, "mark_price": 0.05690342, "iv": 72.16, "instrument_name": "BTC-31MAR23-70000-C", "index_price": 30378.23, "direction": "sell", "amount": 36.0}, {"trade_seq": 141, "trade_id": "214209673", "timestamp": 1652392125171, "tick_direction": 2, "price": 0.0495, "mark_price": 0.0566072, "iv": 73.41, "instrument_name": "BTC-31MAR23-70000-C", "index_price": 28283.48, "direction": "sell", "amount": 1.0}, {"trade_seq": 140, "trade_id": "214059235", "timestamp": 1652351665208, "tick_direction": 0, "price": 0.058, "mark_price": 0.05503799, "iv": 77.84, "instrument_name": "BTC-31MAR23-70000-C", "index_price": 27807.72, "direction": "buy", "amount": 10.0}, {"trade_seq": 139, "trade_id": "213886090", "timestamp": 1652333663818, "tick_direction": 2, "price": 0.05, "mark_price": 0.05410178, "iv": 75.7, "instrument_name": "BTC-31MAR23-70000-C", "index_price": 27267.44, "direction": "buy", "amount": 0.2}, {"trade_seq": 138, "trade_id": "213855508", "timestamp": 1652331845091, "tick_direction": 0, "price": 0.055, "mark_price": 0.0543301, "iv": 77.15, "instrument_name": "BTC-31MAR23-70000-C", "index_price": 27461.94, "direction": "buy", "amount": 0.5}, {"trade_seq": 137, "trade_id": "213732617", "timestamp": 1652305440905, "tick_direction": 1, "price": 0.0525, "mark_price": 0.04882407, "iv": 74.26, "instrument_name": "BTC-31MAR23-70000-C", "index_price": 28463.26, "direction": "buy", "amount": 10.0}, {"trade_seq": 136, "trade_id": "213730287", "timestamp": 1652304969762, "tick_direction": 0, "price": 0.0525, "mark_price": 0.05145081, "iv": 74.64, "instrument_name": "BTC-31MAR23-70000-C", "index_price": 28260.94, "direction": "buy", "amount": 10.0}, {"trade_seq": 135, "trade_id": "213607112", "timestamp": 1652286411305, "tick_direction": 2, "price": 0.0505, "mark_price": 0.04999347, "iv": 69.31, "instrument_name": "BTC-31MAR23-70000-C", "index_price": 30718.73, "direction": "sell", "amount": 0.1}, {"trade_seq": 134, "trade_id": "213606873", "timestamp": 1652286355787, "tick_direction": 0, "price": 0.0525, "mark_price": 0.05016915, "iv": 70.02, "instrument_name": "BTC-31MAR23-70000-C", "index_price": 30789.25, "direction": "sell", "amount": 0.1}, {"trade_seq": 133, "trade_id": "213516871", "timestamp": 1652276362245, "tick_direction": 2, "price": 0.049, "mark_price": 0.05008615, "iv": 70.59, "instrument_name": "BTC-31MAR23-70000-C", "index_price": 29707.02, "direction": "buy", "amount": 1.0}, {"trade_seq": 132, "trade_id": "213425937", "timestamp": 1652267517517, "tick_direction": 3, "price": 0.0505, "mark_price": 0.0516006, "iv": 67.42, "instrument_name": "BTC-31MAR23-70000-C", "index_price": 31788.67, "direction": "buy", "amount": 0.8}, {"trade_seq": 131, "trade_id": "213425610", "timestamp": 1652267410246, "tick_direction": 3, "price": 0.0505, "mark_price": 0.05155441, "iv": 67.43, "instrument_name": "BTC-31MAR23-70000-C", "index_price": 31751.26, "direction": "buy", "amount": 0.1}, {"trade_seq": 130, "trade_id": "213425605", "timestamp": 1652267410056, "tick_direction": 2, "price": 0.0505, "mark_price": 0.05152672, "iv": 67.43, "instrument_name": "BTC-31MAR23-70000-C", "index_price": 31769.34, "direction": "buy", "amount": 0.1}, {"trade_seq": 129, "trade_id": "213418353", "timestamp": 1652264432085, "tick_direction": 0, "price": 0.0515, "mark_price": 0.05177716, "iv": 67.54, "instrument_name": "BTC-31MAR23-70000-C", "index_price": 31868.77, "direction": "buy", "amount": 5.0}, {"trade_seq": 128, "trade_id": "213337132", "timestamp": 1652241376436, "tick_direction": 3, "price": 0.047, "mark_price": 0.04648566, "iv": 66.94, "instrument_name": "BTC-31MAR23-70000-C", "index_price": 31198.0, "direction": "sell", "amount": 0.1}, {"trade_seq": 127, "trade_id": "213337112", "timestamp": 1652241354963, "tick_direction": 2, "price": 0.047, "mark_price": 0.04639409, "iv": 66.98, "instrument_name": "BTC-31MAR23-70000-C", "index_price": 31178.66, "direction": "sell", "amount": 0.1}, {"trade_seq": 126, "trade_id": "213331219", "timestamp": 1652236410307, "tick_direction": 1, "price": 0.048, "mark_price": 0.04852402, "iv": 67.09, "instrument_name": "BTC-31MAR23-70000-C", "index_price": 31340.85, "direction": "sell", "amount": 4.0}, {"trade_seq": 125, "trade_id": "213331218", "timestamp": 1652236410304, "tick_direction": 0, "price": 0.048, "mark_price": 0.04852402, "iv": 67.09, "instrument_name": "BTC-31MAR23-70000-C", "index_price": 31340.85, "direction": "sell", "amount": 45.0}, {"trade_seq": 124, "trade_id": "213328185", "timestamp": 1652235839822, "tick_direction": 0, "price": 0.047, "mark_price": 0.04788481, "iv": 67.1, "instrument_name": "BTC-31MAR23-70000-C", "index_price": 31156.67, "direction": "buy", "amount": 1.0}, {"trade_seq": 123, "trade_id": "213282497", "timestamp": 1652215506410, "tick_direction": 2, "price": 0.045, "mark_price": 0.04705408, "iv": 66.31, "instrument_name": "BTC-31MAR23-70000-C", "index_price": 31045.9, "direction": "sell", "amount": 14.0}, {"trade_seq": 122, "trade_id": "213256346", "timestamp": 1652201966754, "tick_direction": 1, "price": 0.0475, "mark_price": 0.04685755, "iv": 67.18, "instrument_name": "BTC-31MAR23-70000-C", "index_price": 31149.31, "direction": "sell", "amount": 0.1}, {"trade_seq": 121, "trade_id": "213256109", "timestamp": 1652201843380, "tick_direction": 0, "price": 0.0475, "mark_price": 0.04702792, "iv": 67.13, "instrument_name": "BTC-31MAR23-70000-C", "index_price": 31178.98, "direction": "sell", "amount": 0.1}, {"trade_seq": 120, "trade_id": "213238197", "timestamp": 1652196289941, "tick_direction": 2, "price": 0.0455, "mark_price": 0.04601466, "iv": 66.54, "instrument_name": "BTC-31MAR23-70000-C", "index_price": 31019.6, "direction": "buy", "amount": 5.0}, {"trade_seq": 119, "trade_id": "213128679", "timestamp": 1652161270390, "tick_direction": 0, "price": 0.0535, "mark_price": 0.05433782, "iv": 68.66, "instrument_name": "BTC-31MAR23-70000-C", "index_price": 31642.42, "direction": "sell", "amount": 42.0}, {"trade_seq": 118, "trade_id": "213104802", "timestamp": 1652152662845, "tick_direction": 2, "price": 0.0515, "mark_price": 0.05177977, "iv": 69.01, "instrument_name": "BTC-31MAR23-70000-C", "index_price": 30941.7, "direction": "buy", "amount": 0.2}, {"trade_seq": 117, "trade_id": "213072565", "timestamp": 1652143904050, "tick_direction": 0, "price": 0.052, "mark_price": 0.0513806, "iv": 69.87, "instrument_name": "BTC-31MAR23-70000-C", "index_price": 30512.96, "direction": "sell", "amount": 1.0}, {"trade_seq": 116, "trade_id": "212998029", "timestamp": 1652129800865, "tick_direction": 2, "price": 0.0505, "mark_price": 0.05242123, "iv": 67.9, "instrument_name": "BTC-31MAR23-70000-C", "index_price": 31269.88, "direction": "sell", "amount": 8.0}, {"trade_seq": 115, "trade_id": "212929281", "timestamp": 1652121831450, "tick_direction": 0, "price": 0.051, "mark_price": 0.04700751, "iv": 69.7, "instrument_name": "BTC-31MAR23-70000-C", "index_price": 30362.27, "direction": "sell", "amount": 0.1}, {"trade_seq": 114, "trade_id": "212924019", "timestamp": 1652121473280, "tick_direction": 2, "price": 0.0485, "mark_price": 0.04729427, "iv": 68.09, "instrument_name": "BTC-31MAR23-70000-C", "index_price": 30718.96, "direction": "sell", "amount": 1.0}, {"trade_seq": 113, "trade_id": "212828175", "timestamp": 1652109823751, "tick_direction": 2, "price": 0.05, "mark_price": 0.05001454, "iv": 65.92, "instrument_name": "BTC-31MAR23-70000-C", "index_price": 32359.19, "direction": "sell", "amount": 1.0}, {"trade_seq": 112, "trade_id": "212828073", "timestamp": 1652109808952, "tick_direction": 2, "price": 0.0505, "mark_price": 0.05016949, "iv": 66.05, "instrument_name": "BTC-31MAR23-70000-C", "index_price": 32409.1, "direction": "sell", "amount": 0.6}, {"trade_seq": 111, "trade_id": "212789341", "timestamp": 1652103312938, "tick_direction": 3, "price": 0.052, "mark_price": 0.05195622, "iv": 65.58, "instrument_name": "BTC-31MAR23-70000-C", "index_price": 33053.16, "direction": "sell", "amount": 1.0}, {"trade_seq": 110, "trade_id": "212786654", "timestamp": 1652103103020, "tick_direction": 3, "price": 0.052, "mark_price": 0.05165299, "iv": 65.7, "instrument_name": "BTC-31MAR23-70000-C", "index_price": 32954.38, "direction": "sell", "amount": 0.2}, {"trade_seq": 109, "trade_id": "212786416", "timestamp": 1652103087013, "tick_direction": 2, "price": 0.052, "mark_price": 0.051587, "iv": 65.74, "instrument_name": "BTC-31MAR23-70000-C", "index_price": 32927.74, "direction": "sell", "amount": 0.2}, {"trade_seq": 108, "trade_id": "212691186", "timestamp": 1652067080242, "tick_direction": 3, "price": 0.0535, "mark_price": 0.05283065, "iv": 64.91, "instrument_name": "BTC-31MAR23-70000-C", "index_price": 33700.73, "direction": "sell", "amount": 0.4}, {"trade_seq": 107, "trade_id": "212691086", "timestamp": 1652066998075, "tick_direction": 2, "price": 0.0535, "mark_price": 0.05280336, "iv": 64.93, "instrument_name": "BTC-31MAR23-70000-C", "index_price": 33689.48, "direction": "sell", "amount": 0.1}, {"trade_seq": 106, "trade_id": "212647270", "timestamp": 1652045270953, "tick_direction": 0, "price": 0.0575, "mark_price": 0.05602979, "iv": 65.31, "instrument_name": "BTC-31MAR23-70000-C", "index_price": 34276.13, "direction": "sell", "amount": 1.0}, {"trade_seq": 105, "trade_id": "212516275", "timestamp": 1651985331338, "tick_direction": 3, "price": 0.0565, "mark_price": 0.05622556, "iv": 64.6, "instrument_name": "BTC-31MAR23-70000-C", "index_price": 34465.21, "direction": "sell", "amount": 1.0}, {"trade_seq": 104, "trade_id": "212516064", "timestamp": 1651985195023, "tick_direction": 2, "price": 0.0565, "mark_price": 0.05630748, "iv": 64.56, "instrument_name": "BTC-31MAR23-70000-C", "index_price": 34499.22, "direction": "sell", "amount": 1.0}, {"trade_seq": 103, "trade_id": "212438029", "timestamp": 1651960277619, "tick_direction": 2, "price": 0.058, "mark_price": 0.05925218, "iv": 63.76, "instrument_name": "BTC-31MAR23-70000-C", "index_price": 35275.07, "direction": "buy", "amount": 0.1}, {"trade_seq": 102, "trade_id": "212418879", "timestamp": 1651936569288, "tick_direction": 2, "price": 0.0595, "mark_price": 0.06085699, "iv": 63.13, "instrument_name": "BTC-31MAR23-70000-C", "index_price": 35983.85, "direction": "sell", "amount": 50.0}, {"trade_seq": 101, "trade_id": "212412042", "timestamp": 1651922763567, "tick_direction": 2, "price": 0.061, "mark_price": 0.06192766, "iv": 63.48, "instrument_name": "BTC-31MAR23-70000-C", "index_price": 36070.83, "direction": "sell", "amount": 0.5}, {"trade_seq": 100, "trade_id": "212322297", "timestamp": 1651850195785, "tick_direction": 0, "price": 0.0635, "mark_price": 0.06412289, "iv": 63.98, "instrument_name": "BTC-31MAR23-70000-C", "index_price": 36181.94, "direction": "sell", "amount": 50.0}, {"trade_seq": 99, "trade_id": "212256433", "timestamp": 1651836300056, "tick_direction": 2, "price": 0.0625, "mark_price": 0.06297233, "iv": 64.22, "instrument_name": "BTC-31MAR23-70000-C", "index_price": 35798.09, "direction": "buy", "amount": 0.4}, {"trade_seq": 98, "trade_id": "212155426", "timestamp": 1651779441154, "tick_direction": 2, "price": 0.063, "mark_price": 0.06530558, "iv": 63.94, "instrument_name": "BTC-31MAR23-70000-C", "index_price": 36054.61, "direction": "buy", "amount": 2.2}, {"trade_seq": 97, "trade_id": "212154725", "timestamp": 1651779384457, "tick_direction": 0, "price": 0.0645, "mark_price": 0.06520036, "iv": 64.51, "instrument_name": "BTC-31MAR23-70000-C", "index_price": 36081.89, "direction": "buy", "amount": 2.6}, {"trade_seq": 96, "trade_id": "212151976", "timestamp": 1651778828097, "tick_direction": 2, "price": 0.0625, "mark_price": 0.06437068, "iv": 64.11, "instrument_name": "BTC-31MAR23-70000-C", "index_price": 35915.71, "direction": "buy", "amount": 0.3}, {"trade_seq": 95, "trade_id": "212110481", "timestamp": 1651774153073, "tick_direction": 2, "price": 0.0675, "mark_price": 0.06704201, "iv": 64.33, "instrument_name": "BTC-31MAR23-70000-C", "index_price": 36801.51, "direction": "sell", "amount": 2.0}, {"trade_seq": 94, "trade_id": "211997299", "timestamp": 1651750027702, "tick_direction": 0, "price": 0.0785, "mark_price": 0.07743402, "iv": 63.23, "instrument_name": "BTC-31MAR23-70000-C", "index_price": 39552.46, "direction": "sell", "amount": 0.3}, {"trade_seq": 93, "trade_id": "211844699", "timestamp": 1651613621825, "tick_direction": 0, "price": 0.0735, "mark_price": 0.07312882, "iv": 64.26, "instrument_name": "BTC-31MAR23-70000-C", "index_price": 37858.38, "direction": "buy", "block_trade_id": "37951", "amount": 25.0}, {"trade_seq": 92, "trade_id": "211836820", "timestamp": 1651606782778, "tick_direction": 2, "price": 0.072, "mark_price": 0.07225694, "iv": 64.27, "instrument_name": "BTC-31MAR23-70000-C", "index_price": 37568.48, "direction": "sell", "amount": 0.1}, {"trade_seq": 91, "trade_id": "211836681", "timestamp": 1651606740400, "tick_direction": 0, "price": 0.0725, "mark_price": 0.07262711, "iv": 64.31, "instrument_name": "BTC-31MAR23-70000-C", "index_price": 37614.93, "direction": "sell", "amount": 0.3}, {"trade_seq": 90, "trade_id": "211832973", "timestamp": 1651603427243, "tick_direction": 2, "price": 0.07, "mark_price": 0.07109678, "iv": 63.59, "instrument_name": "BTC-31MAR23-70000-C", "index_price": 37587.17, "direction": "buy", "amount": 5.0}, {"trade_seq": 89, "trade_id": "211793722", "timestamp": 1651572472110, "tick_direction": 2, "price": 0.073, "mark_price": 0.07519578, "iv": 63.01, "instrument_name": "BTC-31MAR23-70000-C", "index_price": 38441.85, "direction": "sell", "amount": 0.9}, {"trade_seq": 88, "trade_id": "211564486", "timestamp": 1651300586807, "tick_direction": 2, "price": 0.075, "mark_price": 0.0756605, "iv": 62.95, "instrument_name": "BTC-31MAR23-70000-C", "index_price": 38694.95, "direction": "sell", "amount": 1.0}, {"trade_seq": 87, "trade_id": "211485808", "timestamp": 1651223172148, "tick_direction": 0, "price": 0.0795, "mark_price": 0.07887961, "iv": 63.52, "instrument_name": "BTC-31MAR23-70000-C", "index_price": 39206.93, "direction": "sell", "amount": 1.0}, {"trade_seq": 86, "trade_id": "211217872", "timestamp": 1651005969448, "tick_direction": 2, "price": 0.077, "mark_price": 0.07632307, "iv": 64.16, "instrument_name": "BTC-31MAR23-70000-C", "index_price": 38081.64, "direction": "sell", "amount": 5.0}, {"trade_seq": 85, "trade_id": "211154222", "timestamp": 1650984231578, "tick_direction": 2, "price": 0.081, "mark_price": 0.08008333, "iv": 62.98, "instrument_name": "BTC-31MAR23-70000-C", "index_price": 39481.23, "direction": "buy", "amount": 5.0}, {"trade_seq": 84, "trade_id": "211138814", "timestamp": 1650979344736, "tick_direction": 0, "price": 0.0825, "mark_price": 0.08204452, "iv": 62.52, "instrument_name": "BTC-31MAR23-70000-C", "index_price": 40137.67, "direction": "buy", "amount": 5.0}, {"trade_seq": 83, "trade_id": "210994324", "timestamp": 1650876170057, "tick_direction": 0, "price": 0.077, "mark_price": 0.07833758, "iv": 63.22, "instrument_name": "BTC-31MAR23-70000-C", "index_price": 38567.19, "direction": "buy", "amount": 0.2}