{"trades": [{"trade_seq": 6231, "trade_id": "194147262", "timestamp": 1638965665321, "tick_direction": 1, "price": 0.0005, "mark_price": 6e-08, "iv": 192.7, "instrument_name": "BTC-31DEC21-200000-C", "index_price": 49058.09, "direction": "buy", "amount": 0.1}, {"trade_seq": 6230, "trade_id": "194147261", "timestamp": 1638965665321, "tick_direction": 1, "price": 0.0005, "mark_price": 6e-08, "iv": 192.7, "instrument_name": "BTC-31DEC21-200000-C", "index_price": 49058.09, "direction": "buy", "amount": 0.4}, {"trade_seq": 6229, "trade_id": "194147071", "timestamp": 1638965587898, "tick_direction": 0, "price": 0.0005, "mark_price": 5e-08, "iv": 192.82, "instrument_name": "BTC-31DEC21-200000-C", "index_price": 49024.9, "direction": "buy", "amount": 0.5}, {"trade_seq": 6228, "trade_id": "193434963", "timestamp": 1638638790062, "tick_direction": 2, "price": 0.0001, "mark_price": 2.1e-07, "iv": 158.97, "instrument_name": "BTC-31DEC21-200000-C", "index_price": 47964.41, "direction": "buy", "block_trade_id": "26948", "amount": 25.0}, {"trade_seq": 6227, "trade_id": "193382493", "timestamp": 1638622646751, "tick_direction": 3, "price": 0.0005, "mark_price": 5.8e-07, "iv": 182.52, "instrument_name": "BTC-31DEC21-200000-C", "index_price": 47039.36, "direction": "buy", "amount": 0.4}, {"trade_seq": 6226, "trade_id": "193187467", "timestamp": 1638595665239, "tick_direction": 3, "price": 0.0005, "mark_price": 6.3e-07, "liquidation": "T", "iv": 194.28, "instrument_name": "BTC-31DEC21-200000-C", "index_price": 43040.07, "direction": "buy", "amount": 0.3}, {"trade_seq": 6225, "trade_id": "192971444", "timestamp": 1638550081139, "tick_direction": 3, "price": 0.0005, "mark_price": 1.18e-06, "iv": 162.36, "instrument_name": "BTC-31DEC21-200000-C", "index_price": 55235.42, "direction": "buy", "amount": 5.7}, {"trade_seq": 6224, "trade_id": "192971443", "timestamp": 1638550081139, "tick_direction": 3, "price": 0.0005, "mark_price": 1.18e-06, "iv": 162.36, "instrument_name": "BTC-31DEC21-200000-C", "index_price": 55235.42, "direction": "buy", "amount": 4.3}, {"trade_seq": 6223, "trade_id": "192873556", "timestamp": 1638496801803, "tick_direction": 3, "price": 0.0005, "mark_price": 1.75e-06, "iv": 157.92, "instrument_name": "BTC-31DEC21-200000-C", "index_price": 56553.52, "direction": "buy", "amount": 0.7}, {"trade_seq": 6222, "trade_id": "192873555", "timestamp": 1638496801803, "tick_direction": 3, "price": 0.0005, "mark_price": 1.75e-06, "iv": 157.92, "instrument_name": "BTC-31DEC21-200000-C", "index_price": 56553.52, "direction": "buy", "amount": 0.1}, {"trade_seq": 6221, "trade_id": "192169768", "timestamp": 1638128064698, "tick_direction": 3, "price": 0.0005, "mark_price": 2.492e-05, "iv": 150.43, "instrument_name": "BTC-31DEC21-200000-C", "index_price": 54670.91, "direction": "buy", "amount": 5.0}, {"trade_seq": 6220, "trade_id": "192169714", "timestamp": 1638128058677, "tick_direction": 3, "price": 0.0005, "mark_price": 2.502e-05, "iv": 150.41, "instrument_name": "BTC-31DEC21-200000-C", "index_price": 54676.13, "direction": "buy", "amount": 5.0}, {"trade_seq": 6219, "trade_id": "192164704", "timestamp": 1638125969833, "tick_direction": 3, "price": 0.0005, "mark_price": 2.374e-05, "iv": 151.31, "instrument_name": "BTC-31DEC21-200000-C", "index_price": 54162.2, "direction": "buy", "amount": 30.0}, {"trade_seq": 6218, "trade_id": "192164703", "timestamp": 1638125969833, "tick_direction": 3, "price": 0.0005, "mark_price": 2.374e-05, "iv": 151.31, "instrument_name": "BTC-31DEC21-200000-C", "index_price": 54162.2, "direction": "buy", "amount": 5.0}, {"trade_seq": 6217, "trade_id": "192080345", "timestamp": 1638044230520, "tick_direction": 3, "price": 0.0005, "mark_price": 0.00011028, "iv": 147.68, "instrument_name": "BTC-31DEC21-200000-C", "index_price": 55069.36, "direction": "buy", "amount": 1.0}, {"trade_seq": 6216, "trade_id": "192076360", "timestamp": 1638036856548, "tick_direction": 3, "price": 0.0005, "mark_price": 0.00011068, "iv": 148.05, "instrument_name": "BTC-31DEC21-200000-C", "index_price": 54783.7, "direction": "sell", "amount": 2.0}, {"trade_seq": 6215, "trade_id": "192064408", "timestamp": 1638021881483, "tick_direction": 3, "price": 0.0005, "mark_price": 4.761e-05, "iv": 147.05, "instrument_name": "BTC-31DEC21-200000-C", "index_price": 55094.17, "direction": "sell", "amount": 6.0}, {"trade_seq": 6214, "trade_id": "192064407", "timestamp": 1638021875180, "tick_direction": 3, "price": 0.0005, "mark_price": 4.718e-05, "iv": 147.05, "instrument_name": "BTC-31DEC21-200000-C", "index_price": 55092.53, "direction": "buy", "amount": 30.0}, {"trade_seq": 6213, "trade_id": "192064406", "timestamp": 1638021875180, "tick_direction": 3, "price": 0.0005, "mark_price": 4.718e-05, "iv": 147.05, "instrument_name": "BTC-31DEC21-200000-C", "index_price": 55092.53, "direction": "buy", "amount": 5.0}, {"trade_seq": 6212, "trade_id": "191970385", "timestamp": 1637947911624, "tick_direction": 3, "price": 0.0005, "mark_price": 3.263e-05, "iv": 146.44, "instrument_name": "BTC-31DEC21-200000-C", "index_price": 54400.94, "direction": "buy", "amount": 1.0}, {"trade_seq": 6211, "trade_id": "191970379", "timestamp": 1637947900581, "tick_direction": 3, "price": 0.0005, "mark_price": 3.264e-05, "iv": 146.44, "instrument_name": "BTC-31DEC21-200000-C", "index_price": 54399.99, "direction": "buy", "amount": 3.0}, {"trade_seq": 6210, "trade_id": "191970366", "timestamp": 1637947886291, "tick_direction": 2, "price": 0.0005, "mark_price": 3.263e-05, "iv": 146.44, "instrument_name": "BTC-31DEC21-200000-C", "index_price": 54395.64, "direction": "buy", "amount": 1.0}, {"trade_seq": 6209, "trade_id": "191842652", "timestamp": 1637920411747, "tick_direction": 1, "price": 0.001, "mark_price": 0.0001184, "iv": 154.8, "instrument_name": "BTC-31DEC21-200000-C", "index_price": 54970.78, "direction": "buy", "amount": 0.2}, {"trade_seq": 6208, "trade_id": "191648250", "timestamp": 1637854739893, "tick_direction": 1, "price": 0.001, "mark_price": 9.933e-05, "iv": 146.3, "instrument_name": "BTC-31DEC21-200000-C", "index_price": 58726.13, "direction": "buy", "amount": 8.0}, {"trade_seq": 6207, "trade_id": "191648249", "timestamp": 1637854739893, "tick_direction": 0, "price": 0.001, "mark_price": 9.933e-05, "iv": 146.3, "instrument_name": "BTC-31DEC21-200000-C", "index_price": 58726.13, "direction": "buy", "amount": 5.0}, {"trade_seq": 6206, "trade_id": "191648035", "timestamp": 1637854689854, "tick_direction": 3, "price": 0.0005, "mark_price": 9.929e-05, "iv": 136.59, "instrument_name": "BTC-31DEC21-200000-C", "index_price": 58727.67, "direction": "buy", "amount": 5.0}, {"trade_seq": 6205, "trade_id": "191648034", "timestamp": 1637854689854, "tick_direction": 3, "price": 0.0005, "mark_price": 9.929e-05, "iv": 136.59, "instrument_name": "BTC-31DEC21-200000-C", "index_price": 58727.67, "direction": "buy", "amount": 4.5}, {"trade_seq": 6204, "trade_id": "191643998", "timestamp": 1637853081481, "tick_direction": 3, "price": 0.0005, "mark_price": 9.803e-05, "iv": 136.32, "instrument_name": "BTC-31DEC21-200000-C", "index_price": 58837.04, "direction": "buy", "amount": 1.0}, {"trade_seq": 6203, "trade_id": "191251658", "timestamp": 1637666600806, "tick_direction": 3, "price": 0.0005, "mark_price": 0.00070989, "iv": 136.7, "instrument_name": "BTC-31DEC21-200000-C", "index_price": 56204.66, "direction": "sell", "amount": 0.2}, {"trade_seq": 6202, "trade_id": "191200763", "timestamp": 1637659785262, "tick_direction": 3, "price": 0.0005, "mark_price": 0.00071607, "iv": 136.37, "instrument_name": "BTC-31DEC21-200000-C", "index_price": 56304.26, "direction": "sell", "amount": 2.0}, {"trade_seq": 6201, "trade_id": "191200762", "timestamp": 1637659785262, "tick_direction": 3, "price": 0.0005, "mark_price": 0.00071607, "iv": 136.37, "instrument_name": "BTC-31DEC21-200000-C", "index_price": 56304.26, "direction": "sell", "amount": 0.4}, {"trade_seq": 6200, "trade_id": "191200761", "timestamp": 1637659785262, "tick_direction": 2, "price": 0.0005, "mark_price": 0.00071607, "iv": 136.37, "instrument_name": "BTC-31DEC21-200000-C", "index_price": 56304.26, "direction": "sell", "amount": 2.1}, {"trade_seq": 6199, "trade_id": "191188052", "timestamp": 1637654882633, "tick_direction": 1, "price": 0.001, "mark_price": 0.00071096, "iv": 146.32, "instrument_name": "BTC-31DEC21-200000-C", "index_price": 56006.64, "direction": "buy", "amount": 0.1}, {"trade_seq": 6198, "trade_id": "191044254", "timestamp": 1637595559884, "tick_direction": 1, "price": 0.001, "mark_price": 0.00013341, "iv": 141.66, "instrument_name": "BTC-31DEC21-200000-C", "index_price": 58019.52, "direction": "buy", "amount": 0.9}, {"trade_seq": 6197, "trade_id": "191044253", "timestamp": 1637595559884, "tick_direction": 0, "price": 0.001, "mark_price": 0.00013341, "iv": 141.66, "instrument_name": "BTC-31DEC21-200000-C", "index_price": 58019.52, "direction": "buy", "amount": 0.1}, {"trade_seq": 6196, "trade_id": "190915211", "timestamp": 1637532961596, "tick_direction": 3, "price": 0.0005, "mark_price": 0.0007225, "iv": 128.45, "instrument_name": "BTC-31DEC21-200000-C", "index_price": 59529.91, "direction": "sell", "amount": 3.2}, {"trade_seq": 6195, "trade_id": "190915210", "timestamp": 1637532961596, "tick_direction": 3, "price": 0.0005, "mark_price": 0.0007225, "iv": 128.45, "instrument_name": "BTC-31DEC21-200000-C", "index_price": 59529.91, "direction": "sell", "amount": 5.0}, {"trade_seq": 6194, "trade_id": "190915209", "timestamp": 1637532961596, "tick_direction": 3, "price": 0.0005, "mark_price": 0.0007225, "iv": 128.45, "instrument_name": "BTC-31DEC21-200000-C", "index_price": 59529.91, "direction": "sell", "amount": 5.0}, {"trade_seq": 6193, "trade_id": "190915208", "timestamp": 1637532961596, "tick_direction": 3, "price": 0.0005, "mark_price": 0.0007225, "iv": 128.45, "instrument_name": "BTC-31DEC21-200000-C", "index_price": 59529.91, "direction": "sell", "amount": 5.0}, {"trade_seq": 6192, "trade_id": "190915207", "timestamp": 1637532961596, "tick_direction": 3, "price": 0.0005, "mark_price": 0.0007225, "iv": 128.45, "instrument_name": "BTC-31DEC21-200000-C", "index_price": 59529.91, "direction": "sell", "amount": 1.8}, {"trade_seq": 6191, "trade_id": "190724796", "timestamp": 1637338978282, "tick_direction": 3, "price": 0.0005, "mark_price": 0.00070816, "iv": 127.59, "instrument_name": "BTC-31DEC21-200000-C", "index_price": 57935.75, "direction": "sell", "amount": 0.9}, {"trade_seq": 6190, "trade_id": "190724795", "timestamp": 1637338978282, "tick_direction": 3, "price": 0.0005, "mark_price": 0.00070816, "iv": 127.59, "instrument_name": "BTC-31DEC21-200000-C", "index_price": 57935.75, "direction": "sell", "amount": 2.0}, {"trade_seq": 6189, "trade_id": "190724794", "timestamp": 1637338978282, "tick_direction": 3, "price": 0.0005, "mark_price": 0.00070816, "iv": 127.59, "instrument_name": "BTC-31DEC21-200000-C", "index_price": 57935.75, "direction": "sell", "amount": 5.0}, {"trade_seq": 6188, "trade_id": "190724793", "timestamp": 1637338978282, "tick_direction": 2, "price": 0.0005, "mark_price": 0.00070816, "iv": 127.59, "instrument_name": "BTC-31DEC21-200000-C", "index_price": 57935.75, "direction": "sell", "amount": 0.1}, {"trade_seq": 6187, "trade_id": "190460087", "timestamp": 1637252717223, "tick_direction": 1, "price": 0.0015, "mark_price": 0.00087612, "iv": 141.5, "instrument_name": "BTC-31DEC21-200000-C", "index_price": 57685.2, "direction": "buy", "amount": 1.0}, {"trade_seq": 6186, "trade_id": "190460080", "timestamp": 1637252715930, "tick_direction": 1, "price": 0.0015, "mark_price": 0.00087632, "iv": 141.45, "instrument_name": "BTC-31DEC21-200000-C", "index_price": 57697.81, "direction": "buy", "amount": 1.0}, {"trade_seq": 6185, "trade_id": "190460074", "timestamp": 1637252714555, "tick_direction": 1, "price": 0.0015, "mark_price": 0.00087987, "iv": 141.45, "instrument_name": "BTC-31DEC21-200000-C", "index_price": 57712.81, "direction": "buy", "amount": 1.0}, {"trade_seq": 6184, "trade_id": "190460038", "timestamp": 1637252713154, "tick_direction": 1, "price": 0.0015, "mark_price": 0.0008819, "iv": 141.36, "instrument_name": "BTC-31DEC21-200000-C", "index_price": 57751.56, "direction": "buy", "amount": 1.0}, {"trade_seq": 6183, "trade_id": "190460015", "timestamp": 1637252711325, "tick_direction": 1, "price": 0.0015, "mark_price": 0.00088333, "iv": 141.33, "instrument_name": "BTC-31DEC21-200000-C", "index_price": 57776.06, "direction": "buy", "amount": 1.0}, {"trade_seq": 6182, "trade_id": "190459998", "timestamp": 1637252710339, "tick_direction": 1, "price": 0.0015, "mark_price": 0.00088502, "iv": 141.3, "instrument_name": "BTC-31DEC21-200000-C", "index_price": 57796.7, "direction": "buy", "amount": 1.0}, {"trade_seq": 6181, "trade_id": "190459987", "timestamp": 1637252709029, "tick_direction": 1, "price": 0.0015, "mark_price": 0.00088805, "iv": 141.25, "instrument_name": "BTC-31DEC21-200000-C", "index_price": 57794.14, "direction": "buy", "amount": 1.0}, {"trade_seq": 6180, "trade_id": "190459967", "timestamp": 1637252707705, "tick_direction": 1, "price": 0.0015, "mark_price": 0.00088804, "iv": 141.25, "instrument_name": "BTC-31DEC21-200000-C", "index_price": 57825.56, "direction": "buy", "amount": 1.0}, {"trade_seq": 6179, "trade_id": "190459917", "timestamp": 1637252705838, "tick_direction": 0, "price": 0.0015, "mark_price": 0.00088394, "iv": 141.25, "instrument_name": "BTC-31DEC21-200000-C", "index_price": 57827.42, "direction": "buy", "amount": 1.0}, {"trade_seq": 6178, "trade_id": "190391411", "timestamp": 1637239246710, "tick_direction": 3, "price": 0.0005, "mark_price": 0.00088403, "iv": 123.81, "instrument_name": "BTC-31DEC21-200000-C", "index_price": 59263.93, "direction": "sell", "amount": 0.1}, {"trade_seq": 6177, "trade_id": "190391410", "timestamp": 1637239246710, "tick_direction": 2, "price": 0.0005, "mark_price": 0.00088403, "iv": 123.81, "instrument_name": "BTC-31DEC21-200000-C", "index_price": 59263.93, "direction": "sell", "amount": 0.9}, {"trade_seq": 6176, "trade_id": "190375776", "timestamp": 1637231215500, "tick_direction": 1, "price": 0.001, "mark_price": 0.00073134, "iv": 132.25, "instrument_name": "BTC-31DEC21-200000-C", "index_price": 59415.56, "direction": "buy", "amount": 0.1}, {"trade_seq": 6175, "trade_id": "190375774", "timestamp": 1637231213717, "tick_direction": 1, "price": 0.001, "mark_price": 0.00073131, "iv": 132.26, "instrument_name": "BTC-31DEC21-200000-C", "index_price": 59409.97, "direction": "buy", "amount": 0.1}, {"trade_seq": 6174, "trade_id": "190375767", "timestamp": 1637231211338, "tick_direction": 1, "price": 0.001, "mark_price": 0.00073203, "iv": 132.24, "instrument_name": "BTC-31DEC21-200000-C", "index_price": 59419.74, "direction": "buy", "amount": 0.1}, {"trade_seq": 6173, "trade_id": "190375766", "timestamp": 1637231209183, "tick_direction": 1, "price": 0.001, "mark_price": 0.0007318, "iv": 132.25, "instrument_name": "BTC-31DEC21-200000-C", "index_price": 59421.12, "direction": "buy", "amount": 0.1}, {"trade_seq": 6172, "trade_id": "190375764", "timestamp": 1637231206892, "tick_direction": 1, "price": 0.001, "mark_price": 0.0007317, "iv": 132.25, "instrument_name": "BTC-31DEC21-200000-C", "index_price": 59413.07, "direction": "buy", "amount": 0.1}, {"trade_seq": 6171, "trade_id": "190375751", "timestamp": 1637231191224, "tick_direction": 0, "price": 0.001, "mark_price": 0.00072917, "iv": 132.31, "instrument_name": "BTC-31DEC21-200000-C", "index_price": 59383.46, "direction": "buy", "amount": 14.0}, {"trade_seq": 6170, "trade_id": "190375439", "timestamp": 1637231086264, "tick_direction": 2, "price": 0.0005, "mark_price": 0.00073701, "iv": 123.45, "instrument_name": "BTC-31DEC21-200000-C", "index_price": 59411.96, "direction": "sell", "amount": 1.1}, {"trade_seq": 6169, "trade_id": "190350228", "timestamp": 1637213957478, "tick_direction": 1, "price": 0.001, "mark_price": 0.00072516, "iv": 131.3, "instrument_name": "BTC-31DEC21-200000-C", "index_price": 59830.94, "direction": "buy", "amount": 0.5}, {"trade_seq": 6168, "trade_id": "190332867", "timestamp": 1637200424648, "tick_direction": 1, "price": 0.001, "mark_price": 0.00071713, "iv": 129.71, "instrument_name": "BTC-31DEC21-200000-C", "index_price": 60618.04, "direction": "buy", "amount": 29.7}, {"trade_seq": 6167, "trade_id": "190332866", "timestamp": 1637200424648, "tick_direction": 0, "price": 0.001, "mark_price": 0.00071713, "iv": 129.71, "instrument_name": "BTC-31DEC21-200000-C", "index_price": 60618.04, "direction": "buy", "amount": 0.3}, {"trade_seq": 6166, "trade_id": "190319764", "timestamp": 1637193562568, "tick_direction": 2, "price": 0.0005, "mark_price": 0.00071798, "iv": 121.32, "instrument_name": "BTC-31DEC21-200000-C", "index_price": 60367.82, "direction": "sell", "amount": 2.0}, {"trade_seq": 6165, "trade_id": "190302334", "timestamp": 1637179479633, "tick_direction": 1, "price": 0.001, "mark_price": 0.00072372, "iv": 129.93, "instrument_name": "BTC-31DEC21-200000-C", "index_price": 60323.67, "direction": "buy", "amount": 2.0}, {"trade_seq": 6164, "trade_id": "190290173", "timestamp": 1637170464267, "tick_direction": 1, "price": 0.001, "mark_price": 0.00072105, "iv": 129.94, "instrument_name": "BTC-31DEC21-200000-C", "index_price": 60197.74, "direction": "buy", "amount": 1.0}, {"trade_seq": 6163, "trade_id": "190247410", "timestamp": 1637147693171, "tick_direction": 1, "price": 0.001, "mark_price": 0.00071843, "iv": 129.12, "instrument_name": "BTC-31DEC21-200000-C", "index_price": 60496.41, "direction": "buy", "amount": 1.0}, {"trade_seq": 6162, "trade_id": "190247360", "timestamp": 1637147662884, "tick_direction": 1, "price": 0.001, "mark_price": 0.00071926, "iv": 129.11, "instrument_name": "BTC-31DEC21-200000-C", "index_price": 60508.59, "direction": "buy", "amount": 0.7}, {"trade_seq": 6161, "trade_id": "190247359", "timestamp": 1637147662884, "tick_direction": 1, "price": 0.001, "mark_price": 0.00071926, "iv": 129.11, "instrument_name": "BTC-31DEC21-200000-C", "index_price": 60508.59, "direction": "buy", "amount": 0.3}, {"trade_seq": 6160, "trade_id": "190212864", "timestamp": 1637136480358, "tick_direction": 1, "price": 0.001, "mark_price": 0.00072113, "iv": 129.88, "instrument_name": "BTC-31DEC21-200000-C", "index_price": 59876.8, "direction": "buy", "amount": 0.7}, {"trade_seq": 6159, "trade_id": "190212863", "timestamp": 1637136480358, "tick_direction": 1, "price": 0.001, "mark_price": 0.00072113, "iv": 129.88, "instrument_name": "BTC-31DEC21-200000-C", "index_price": 59876.8, "direction": "buy", "amount": 1.3}, {"trade_seq": 6158, "trade_id": "190212693", "timestamp": 1637136334673, "tick_direction": 1, "price": 0.001, "mark_price": 0.00072318, "iv": 129.87, "instrument_name": "BTC-31DEC21-200000-C", "index_price": 59870.67, "direction": "buy", "amount": 1.0}, {"trade_seq": 6157, "trade_id": "190204513", "timestamp": 1637133320158, "tick_direction": 1, "price": 0.001, "mark_price": 0.00071696, "iv": 130.42, "instrument_name": "BTC-31DEC21-200000-C", "index_price": 59512.19, "direction": "buy", "amount": 2.0}, {"trade_seq": 6156, "trade_id": "190194144", "timestamp": 1637124573628, "tick_direction": 1, "price": 0.001, "mark_price": 0.0007027, "iv": 131.0, "instrument_name": "BTC-31DEC21-200000-C", "index_price": 59036.14, "direction": "buy", "amount": 0.7}, {"trade_seq": 6155, "trade_id": "190194143", "timestamp": 1637124573628, "tick_direction": 1, "price": 0.001, "mark_price": 0.0007027, "iv": 131.0, "instrument_name": "BTC-31DEC21-200000-C", "index_price": 59036.14, "direction": "buy", "amount": 2.5}, {"trade_seq": 6154, "trade_id": "190194142", "timestamp": 1637124573628, "tick_direction": 1, "price": 0.001, "mark_price": 0.0007027, "iv": 131.0, "instrument_name": "BTC-31DEC21-200000-C", "index_price": 59036.14, "direction": "buy", "amount": 4.8}, {"trade_seq": 6153, "trade_id": "190002658", "timestamp": 1637059070866, "tick_direction": 0, "price": 0.001, "mark_price": 0.00073718, "iv": 129.03, "instrument_name": "BTC-31DEC21-200000-C", "index_price": 59783.29, "direction": "buy", "amount": 0.2}, {"trade_seq": 6152, "trade_id": "189896085", "timestamp": 1637039840650, "tick_direction": 3, "price": 0.0005, "mark_price": 0.00071551, "iv": 118.15, "instrument_name": "BTC-31DEC21-200000-C", "index_price": 61106.38, "direction": "sell", "amount": 2.0}, {"trade_seq": 6151, "trade_id": "189890503", "timestamp": 1637038021039, "tick_direction": 3, "price": 0.0005, "mark_price": 0.0008903, "iv": 117.92, "instrument_name": "BTC-31DEC21-200000-C", "index_price": 61257.55, "direction": "sell", "amount": 8.5}, {"trade_seq": 6150, "trade_id": "189890502", "timestamp": 1637038021039, "tick_direction": 3, "price": 0.0005, "mark_price": 0.0008903, "iv": 117.92, "instrument_name": "BTC-31DEC21-200000-C", "index_price": 61257.55, "direction": "sell", "amount": 5.0}, {"trade_seq": 6149, "trade_id": "189890501", "timestamp": 1637038021039, "tick_direction": 3, "price": 0.0005, "mark_price": 0.0008903, "iv": 117.92, "instrument_name": "BTC-31DEC21-200000-C", "index_price": 61257.55, "direction": "sell", "amount": 1.0}, {"trade_seq": 6148, "trade_id": "189890500", "timestamp": 1637038021039, "tick_direction": 3, "price": 0.0005, "mark_price": 0.0008903, "iv": 117.92, "instrument_name": "BTC-31DEC21-200000-C", "index_price": 61257.55, "direction": "sell", "amount": 5.0}, {"trade_seq": 6147, "trade_id": "189890499", "timestamp": 1637038021039, "tick_direction": 3, "price": 0.0005, "mark_price": 0.0008903, "iv": 117.92, "instrument_name": "BTC-31DEC21-200000-C", "index_price": 61257.55, "direction": "sell", "amount": 0.1}, {"trade_seq": 6146, "trade_id": "189890498", "timestamp": 1637038021039, "tick_direction": 3, "price": 0.0005, "mark_price": 0.0008903, "iv": 117.92, "instrument_name": "BTC-31DEC21-200000-C", "index_price": 61257.55, "direction": "sell", "amount": 2.0}, {"trade_seq": 6145, "trade_id": "189890497", "timestamp": 1637038021039, "tick_direction": 3, "price": 0.0005, "mark_price": 0.0008903, "iv": 117.92, "instrument_name": "BTC-31DEC21-200000-C", "index_price": 61257.55, "direction": "sell", "amount": 5.0}, {"trade_seq": 6144, "trade_id": "189890496", "timestamp": 1637038021039, "tick_direction": 3, "price": 0.0005, "mark_price": 0.0008903, "iv": 117.92, "instrument_name": "BTC-31DEC21-200000-C", "index_price": 61257.55, "direction": "sell", "amount": 1.0}, {"trade_seq": 6143, "trade_id": "189890495", "timestamp": 1637038021039, "tick_direction": 3, "price": 0.0005, "mark_price": 0.0008903, "iv": 117.92, "instrument_name": "BTC-31DEC21-200000-C", "index_price": 61257.55, "direction": "sell", "amount": 0.4}, {"trade_seq": 6142, "trade_id": "189856627", "timestamp": 1637033418622, "tick_direction": 2, "price": 0.0005, "mark_price": 0.00072367, "iv": 118.1, "instrument_name": "BTC-31DEC21-200000-C", "index_price": 61067.66, "direction": "sell", "amount": 0.1}, {"trade_seq": 6141, "trade_id": "189749626", "timestamp": 1637004984361, "tick_direction": 3, "price": 0.001, "mark_price": 0.00095105, "iv": 121.21, "instrument_name": "BTC-31DEC21-200000-C", "index_price": 64139.0, "direction": "sell", "amount": 2.0}, {"trade_seq": 6140, "trade_id": "189729478", "timestamp": 1636994303693, "tick_direction": 2, "price": 0.001, "mark_price": 0.0012398, "iv": 120.73, "instrument_name": "BTC-31DEC21-200000-C", "index_price": 64382.26, "direction": "sell", "amount": 2.0}, {"trade_seq": 6139, "trade_id": "189694647", "timestamp": 1636979016167, "tick_direction": 1, "price": 0.002, "mark_price": 0.00144116, "iv": 128.26, "instrument_name": "BTC-31DEC21-200000-C", "index_price": 65739.32, "direction": "buy", "amount": 0.1}, {"trade_seq": 6138, "trade_id": "189694587", "timestamp": 1636978923988, "tick_direction": 0, "price": 0.002, "mark_price": 0.001441, "iv": 128.27, "instrument_name": "BTC-31DEC21-200000-C", "index_price": 65709.33, "direction": "buy", "amount": 12.0}, {"trade_seq": 6137, "trade_id": "189693551", "timestamp": 1636977850606, "tick_direction": 3, "price": 0.0015, "mark_price": 0.00124901, "iv": 123.85, "instrument_name": "BTC-31DEC21-200000-C", "index_price": 65808.25, "direction": "sell", "amount": 0.2}, {"trade_seq": 6136, "trade_id": "189693547", "timestamp": 1636977847530, "tick_direction": 3, "price": 0.0015, "mark_price": 0.00124577, "iv": 123.83, "instrument_name": "BTC-31DEC21-200000-C", "index_price": 65818.34, "direction": "sell", "amount": 0.2}, {"trade_seq": 6135, "trade_id": "189693544", "timestamp": 1636977842321, "tick_direction": 3, "price": 0.0015, "mark_price": 0.00124038, "iv": 123.83, "instrument_name": "BTC-31DEC21-200000-C", "index_price": 65819.76, "direction": "sell", "amount": 0.2}, {"trade_seq": 6134, "trade_id": "189693543", "timestamp": 1636977842313, "tick_direction": 3, "price": 0.0015, "mark_price": 0.00124038, "iv": 123.83, "instrument_name": "BTC-31DEC21-200000-C", "index_price": 65819.76, "direction": "buy", "amount": 11.6}, {"trade_seq": 6133, "trade_id": "189692990", "timestamp": 1636976930286, "tick_direction": 3, "price": 0.0015, "mark_price": 0.00122715, "iv": 123.96, "instrument_name": "BTC-31DEC21-200000-C", "index_price": 65752.33, "direction": "buy", "amount": 0.4}, {"trade_seq": 6132, "trade_id": "189692949", "timestamp": 1636976896464, "tick_direction": 2, "price": 0.0015, "mark_price": 0.00122783, "iv": 123.95, "instrument_name": "BTC-31DEC21-200000-C", "index_price": 65764.98, "direction": "buy", "amount": 18.0}, {"trade_seq": 6131, "trade_id": "189655987", "timestamp": 1636953338952, "tick_direction": 1, "price": 0.002, "mark_price": 0.00143938, "iv": 127.73, "instrument_name": "BTC-31DEC21-200000-C", "index_price": 65820.09, "direction": "buy", "amount": 6.0}, {"trade_seq": 6130, "trade_id": "189655986", "timestamp": 1636953338952, "tick_direction": 1, "price": 0.002, "mark_price": 0.00143938, "iv": 127.73, "instrument_name": "BTC-31DEC21-200000-C", "index_price": 65820.09, "direction": "buy", "amount": 10.0}, {"trade_seq": 6129, "trade_id": "189655985", "timestamp": 1636953338952, "tick_direction": 0, "price": 0.002, "mark_price": 0.00143938, "iv": 127.73, "instrument_name": "BTC-31DEC21-200000-C", "index_price": 65820.09, "direction": "buy", "amount": 12.0}, {"trade_seq": 6128, "trade_id": "189653881", "timestamp": 1636950502010, "tick_direction": 1, "price": 0.0015, "mark_price": 0.00140247, "iv": 123.41, "instrument_name": "BTC-31DEC21-200000-C", "index_price": 65827.92, "direction": "buy", "amount": 30.0}, {"trade_seq": 6127, "trade_id": "189653020", "timestamp": 1636949478704, "tick_direction": 1, "price": 0.0015, "mark_price": 0.0011619, "iv": 123.39, "instrument_name": "BTC-31DEC21-200000-C", "index_price": 65842.99, "direction": "buy", "amount": 2.0}, {"trade_seq": 6126, "trade_id": "189653019", "timestamp": 1636949478704, "tick_direction": 0, "price": 0.0015, "mark_price": 0.0011619, "iv": 123.39, "instrument_name": "BTC-31DEC21-200000-C", "index_price": 65842.99, "direction": "buy", "amount": 30.0}, {"trade_seq": 6125, "trade_id": "189584696", "timestamp": 1636904537224, "tick_direction": 0, "price": 0.0011, "mark_price": 0.00071723, "iv": 121.08, "instrument_name": "BTC-31DEC21-200000-C", "index_price": 64111.94, "direction": "buy", "block_trade_id": "25288", "amount": 30.0}, {"trade_seq": 6124, "trade_id": "189584677", "timestamp": 1636904425278, "tick_direction": 1, "price": 0.001, "mark_price": 0.00071785, "iv": 119.83, "instrument_name": "BTC-31DEC21-200000-C", "index_price": 64121.73, "direction": "buy", "block_trade_id": "25287", "amount": 50.0}, {"trade_seq": 6123, "trade_id": "189583651", "timestamp": 1636903372619, "tick_direction": 1, "price": 0.001, "mark_price": 0.00091835, "iv": 119.68, "instrument_name": "BTC-31DEC21-200000-C", "index_price": 64214.7, "direction": "buy", "block_trade_id": "25286", "amount": 50.0}, {"trade_seq": 6122, "trade_id": "189583480", "timestamp": 1636903242519, "tick_direction": 1, "price": 0.001, "mark_price": 0.0009811, "iv": 119.63, "instrument_name": "BTC-31DEC21-200000-C", "index_price": 64225.58, "direction": "sell", "amount": 1.0}, {"trade_seq": 6121, "trade_id": "189583470", "timestamp": 1636903238650, "tick_direction": 1, "price": 0.001, "mark_price": 0.00097741, "iv": 119.63, "instrument_name": "BTC-31DEC21-200000-C", "index_price": 64224.6, "direction": "sell", "amount": 1.3}, {"trade_seq": 6120, "trade_id": "189583453", "timestamp": 1636903232617, "tick_direction": 1, "price": 0.001, "mark_price": 0.000971, "iv": 119.64, "instrument_name": "BTC-31DEC21-200000-C", "index_price": 64213.23, "direction": "sell", "amount": 1.3}, {"trade_seq": 6119, "trade_id": "189583435", "timestamp": 1636903224566, "tick_direction": 1, "price": 0.001, "mark_price": 0.00096324, "iv": 119.65, "instrument_name": "BTC-31DEC21-200000-C", "index_price": 64205.56, "direction": "sell", "amount": 1.4}, {"trade_seq": 6118, "trade_id": "189583410", "timestamp": 1636903214469, "tick_direction": 1, "price": 0.001, "mark_price": 0.00095307, "iv": 119.69, "instrument_name": "BTC-31DEC21-200000-C", "index_price": 64185.7, "direction": "sell", "amount": 0.8}, {"trade_seq": 6117, "trade_id": "189583402", "timestamp": 1636903210440, "tick_direction": 1, "price": 0.001, "mark_price": 0.00094825, "iv": 119.71, "instrument_name": "BTC-31DEC21-200000-C", "index_price": 64173.8, "direction": "sell", "amount": 1.4}, {"trade_seq": 6116, "trade_id": "189583401", "timestamp": 1636903206410, "tick_direction": 1, "price": 0.001, "mark_price": 0.00094495, "iv": 119.71, "instrument_name": "BTC-31DEC21-200000-C", "index_price": 64173.46, "direction": "sell", "amount": 1.5}, {"trade_seq": 6115, "trade_id": "189583394", "timestamp": 1636903202394, "tick_direction": 1, "price": 0.001, "mark_price": 0.0009416, "iv": 119.7, "instrument_name": "BTC-31DEC21-200000-C", "index_price": 64173.26, "direction": "sell", "amount": 1.3}, {"trade_seq": 6114, "trade_id": "189583381", "timestamp": 1636903190303, "tick_direction": 1, "price": 0.001, "mark_price": 0.00094019, "iv": 119.71, "instrument_name": "BTC-31DEC21-200000-C", "index_price": 64164.55, "direction": "sell", "amount": 0.1}, {"trade_seq": 6113, "trade_id": "189583292", "timestamp": 1636903160048, "tick_direction": 1, "price": 0.001, "mark_price": 0.00090755, "iv": 119.79, "instrument_name": "BTC-31DEC21-200000-C", "index_price": 64137.07, "direction": "sell", "amount": 1.2}, {"trade_seq": 6112, "trade_id": "189583291", "timestamp": 1636903158049, "tick_direction": 1, "price": 0.001, "mark_price": 0.00090581, "iv": 119.79, "instrument_name": "BTC-31DEC21-200000-C", "index_price": 64135.49, "direction": "sell", "amount": 1.3}, {"trade_seq": 6111, "trade_id": "189583290", "timestamp": 1636903156030, "tick_direction": 1, "price": 0.001, "mark_price": 0.00090397, "iv": 119.79, "instrument_name": "BTC-31DEC21-200000-C", "index_price": 64134.04, "direction": "sell", "amount": 1.7}, {"trade_seq": 6110, "trade_id": "189583284", "timestamp": 1636903152000, "tick_direction": 1, "price": 0.001, "mark_price": 0.00090039, "iv": 119.79, "instrument_name": "BTC-31DEC21-200000-C", "index_price": 64132.72, "direction": "sell", "amount": 1.3}, {"trade_seq": 6109, "trade_id": "189583282", "timestamp": 1636903149974, "tick_direction": 1, "price": 0.001, "mark_price": 0.00089869, "iv": 119.79, "instrument_name": "BTC-31DEC21-200000-C", "index_price": 64132.88, "direction": "sell", "amount": 1.7}, {"trade_seq": 6108, "trade_id": "189583281", "timestamp": 1636903149377, "tick_direction": 0, "price": 0.001, "mark_price": 0.00089784, "iv": 119.79, "instrument_name": "BTC-31DEC21-200000-C", "index_price": 64132.88, "direction": "sell", "amount": 2.7}, {"trade_seq": 6107, "trade_id": "189514096", "timestamp": 1636830102989, "tick_direction": 3, "price": 0.0005, "mark_price": 0.00088454, "iv": 110.67, "instrument_name": "BTC-31DEC21-200000-C", "index_price": 64103.43, "direction": "sell", "amount": 0.1}, {"trade_seq": 6106, "trade_id": "189513970", "timestamp": 1636830056578, "tick_direction": 3, "price": 0.0005, "mark_price": 0.00087957, "iv": 110.69, "instrument_name": "BTC-31DEC21-200000-C", "index_price": 64085.44, "direction": "sell", "amount": 0.1}, {"trade_seq": 6105, "trade_id": "189513848", "timestamp": 1636830009341, "tick_direction": 3, "price": 0.0005, "mark_price": 0.00088211, "iv": 110.61, "instrument_name": "BTC-31DEC21-200000-C", "index_price": 64144.56, "direction": "sell", "amount": 0.1}, {"trade_seq": 6104, "trade_id": "189513763", "timestamp": 1636829939003, "tick_direction": 2, "price": 0.0005, "mark_price": 0.00088019, "iv": 110.56, "instrument_name": "BTC-31DEC21-200000-C", "index_price": 64159.4, "direction": "sell", "amount": 0.1}, {"trade_seq": 6103, "trade_id": "189495792", "timestamp": 1636817359385, "tick_direction": 3, "price": 0.001, "mark_price": 0.00072254, "iv": 117.64, "instrument_name": "BTC-31DEC21-200000-C", "index_price": 64624.33, "direction": "buy", "amount": 0.3}, {"trade_seq": 6102, "trade_id": "189495791", "timestamp": 1636817359385, "tick_direction": 2, "price": 0.001, "mark_price": 0.00072254, "iv": 117.64, "instrument_name": "BTC-31DEC21-200000-C", "index_price": 64624.33, "direction": "buy", "amount": 0.1}, {"trade_seq": 6101, "trade_id": "189489912", "timestamp": 1636814327027, "tick_direction": 1, "price": 0.0015, "mark_price": 0.00089088, "iv": 122.99, "instrument_name": "BTC-31DEC21-200000-C", "index_price": 64592.12, "direction": "buy", "amount": 1.9}, {"trade_seq": 6100, "trade_id": "189489911", "timestamp": 1636814327027, "tick_direction": 0, "price": 0.0015, "mark_price": 0.00089088, "iv": 122.99, "instrument_name": "BTC-31DEC21-200000-C", "index_price": 64592.12, "direction": "buy", "amount": 0.1}, {"trade_seq": 6099, "trade_id": "189485971", "timestamp": 1636813294553, "tick_direction": 1, "price": 0.001, "mark_price": 0.00072726, "iv": 118.39, "instrument_name": "BTC-31DEC21-200000-C", "index_price": 64115.88, "direction": "buy", "amount": 5.0}, {"trade_seq": 6098, "trade_id": "189481016", "timestamp": 1636811624901, "tick_direction": 1, "price": 0.001, "mark_price": 0.00071836, "iv": 119.26, "instrument_name": "BTC-31DEC21-200000-C", "index_price": 63524.71, "direction": "buy", "amount": 0.5}, {"trade_seq": 6097, "trade_id": "189476855", "timestamp": 1636806453235, "tick_direction": 1, "price": 0.001, "mark_price": 0.00071709, "iv": 119.14, "instrument_name": "BTC-31DEC21-200000-C", "index_price": 63556.51, "direction": "buy", "amount": 0.3}, {"trade_seq": 6096, "trade_id": "189476845", "timestamp": 1636806430183, "tick_direction": 1, "price": 0.001, "mark_price": 0.00071634, "iv": 119.15, "instrument_name": "BTC-31DEC21-200000-C", "index_price": 63550.42, "direction": "buy", "amount": 0.1}, {"trade_seq": 6095, "trade_id": "189476821", "timestamp": 1636806403102, "tick_direction": 0, "price": 0.001, "mark_price": 0.00071506, "iv": 119.17, "instrument_name": "BTC-31DEC21-200000-C", "index_price": 63543.72, "direction": "buy", "amount": 0.1}, {"trade_seq": 6094, "trade_id": "189446428", "timestamp": 1636768401736, "tick_direction": 3, "price": 0.0005, "mark_price": 0.00070921, "iv": 110.0, "instrument_name": "BTC-31DEC21-200000-C", "index_price": 63932.32, "direction": "sell", "amount": 0.1}, {"trade_seq": 6093, "trade_id": "189436342", "timestamp": 1636760017167, "tick_direction": 2, "price": 0.0005, "mark_price": 0.00090318, "iv": 109.58, "instrument_name": "BTC-31DEC21-200000-C", "index_price": 64099.27, "direction": "sell", "amount": 0.1}, {"trade_seq": 6092, "trade_id": "189352165", "timestamp": 1636726311854, "tick_direction": 3, "price": 0.001, "mark_price": 0.00091793, "iv": 116.95, "instrument_name": "BTC-31DEC21-200000-C", "index_price": 64132.56, "direction": "sell", "amount": 1.0}, {"trade_seq": 6091, "trade_id": "189347899", "timestamp": 1636724159281, "tick_direction": 3, "price": 0.001, "mark_price": 0.00094799, "iv": 117.65, "instrument_name": "BTC-31DEC21-200000-C", "index_price": 63623.09, "direction": "sell", "amount": 1.0}, {"trade_seq": 6090, "trade_id": "189342116", "timestamp": 1636722268983, "tick_direction": 3, "price": 0.001, "mark_price": 0.00118325, "iv": 117.23, "instrument_name": "BTC-31DEC21-200000-C", "index_price": 63933.89, "direction": "sell", "amount": 3.5}, {"trade_seq": 6089, "trade_id": "189341899", "timestamp": 1636722220096, "tick_direction": 3, "price": 0.001, "mark_price": 0.00123046, "iv": 117.31, "instrument_name": "BTC-31DEC21-200000-C", "index_price": 63888.5, "direction": "sell", "amount": 1.3}, {"trade_seq": 6088, "trade_id": "189341864", "timestamp": 1636722213446, "tick_direction": 3, "price": 0.001, "mark_price": 0.00123093, "iv": 117.3, "instrument_name": "BTC-31DEC21-200000-C", "index_price": 63888.68, "direction": "sell", "amount": 1.3}, {"trade_seq": 6087, "trade_id": "189340913", "timestamp": 1636721979601, "tick_direction": 3, "price": 0.001, "mark_price": 0.00122423, "iv": 117.37, "instrument_name": "BTC-31DEC21-200000-C", "index_price": 63821.4, "direction": "sell", "amount": 1.2}, {"trade_seq": 6086, "trade_id": "189340159", "timestamp": 1636721644985, "tick_direction": 3, "price": 0.001, "mark_price": 0.00124458, "iv": 117.22, "instrument_name": "BTC-31DEC21-200000-C", "index_price": 63898.78, "direction": "sell", "amount": 1.2}, {"trade_seq": 6085, "trade_id": "189329152", "timestamp": 1636718022822, "tick_direction": 3, "price": 0.001, "mark_price": 0.00122173, "iv": 117.47, "instrument_name": "BTC-31DEC21-200000-C", "index_price": 63645.27, "direction": "sell", "amount": 1.2}, {"trade_seq": 6084, "trade_id": "189308043", "timestamp": 1636710981451, "tick_direction": 3, "price": 0.001, "mark_price": 0.00138844, "iv": 117.08, "instrument_name": "BTC-31DEC21-200000-C", "index_price": 63893.55, "direction": "sell", "amount": 1.3}, {"trade_seq": 6083, "trade_id": "189307371", "timestamp": 1636710888626, "tick_direction": 3, "price": 0.001, "mark_price": 0.00139942, "iv": 116.93, "instrument_name": "BTC-31DEC21-200000-C", "index_price": 63966.66, "direction": "sell", "amount": 1.2}, {"trade_seq": 6082, "trade_id": "189307306", "timestamp": 1636710879077, "tick_direction": 3, "price": 0.001, "mark_price": 0.00139831, "iv": 116.92, "instrument_name": "BTC-31DEC21-200000-C", "index_price": 63975.51, "direction": "sell", "amount": 1.2}, {"trade_seq": 6081, "trade_id": "189262713", "timestamp": 1636693945872, "tick_direction": 3, "price": 0.001, "mark_price": 0.00089951, "iv": 115.4, "instrument_name": "BTC-31DEC21-200000-C", "index_price": 64966.77, "direction": "sell", "amount": 2.4}, {"trade_seq": 6080, "trade_id": "189262708", "timestamp": 1636693925716, "tick_direction": 3, "price": 0.001, "mark_price": 0.00089971, "iv": 115.4, "instrument_name": "BTC-31DEC21-200000-C", "index_price": 64968.71, "direction": "sell", "amount": 4.1}, {"trade_seq": 6079, "trade_id": "189262702", "timestamp": 1636693923699, "tick_direction": 3, "price": 0.001, "mark_price": 0.0008997, "iv": 115.4, "instrument_name": "BTC-31DEC21-200000-C", "index_price": 64968.8, "direction": "sell", "amount": 6.8}, {"trade_seq": 6078, "trade_id": "189243681", "timestamp": 1636679875661, "tick_direction": 3, "price": 0.001, "mark_price": 0.00121692, "iv": 115.88, "instrument_name": "BTC-31DEC21-200000-C", "index_price": 64483.44, "direction": "sell", "amount": 1.0}, {"trade_seq": 6077, "trade_id": "189243680", "timestamp": 1636679875661, "tick_direction": 3, "price": 0.001, "mark_price": 0.00121692, "iv": 115.88, "instrument_name": "BTC-31DEC21-200000-C", "index_price": 64483.44, "direction": "sell", "amount": 1.0}, {"trade_seq": 6076, "trade_id": "189243679", "timestamp": 1636679875661, "tick_direction": 2, "price": 0.001, "mark_price": 0.00121692, "iv": 115.88, "instrument_name": "BTC-31DEC21-200000-C", "index_price": 64483.44, "direction": "sell", "amount": 0.2}, {"trade_seq": 6075, "trade_id": "189209062", "timestamp": 1636644340455, "tick_direction": 1, "price": 0.0015, "mark_price": 0.00121576, "iv": 119.94, "instrument_name": "BTC-31DEC21-200000-C", "index_price": 64976.05, "direction": "buy", "amount": 7.5}, {"trade_seq": 6074, "trade_id": "189209061", "timestamp": 1636644340455, "tick_direction": 0, "price": 0.0015, "mark_price": 0.00121576, "iv": 119.94, "instrument_name": "BTC-31DEC21-200000-C", "index_price": 64976.05, "direction": "buy", "amount": 2.5}, {"trade_seq": 6073, "trade_id": "189186730", "timestamp": 1636634871406, "tick_direction": 3, "price": 0.001, "mark_price": 0.00123005, "iv": 114.63, "instrument_name": "BTC-31DEC21-200000-C", "index_price": 64883.77, "direction": "sell", "amount": 0.4}, {"trade_seq": 6072, "trade_id": "189186729", "timestamp": 1636634871406, "tick_direction": 3, "price": 0.001, "mark_price": 0.00123005, "iv": 114.63, "instrument_name": "BTC-31DEC21-200000-C", "index_price": 64883.77, "direction": "sell", "amount": 0.5}, {"trade_seq": 6071, "trade_id": "189186728", "timestamp": 1636634871406, "tick_direction": 3, "price": 0.001, "mark_price": 0.00123005, "iv": 114.63, "instrument_name": "BTC-31DEC21-200000-C", "index_price": 64883.77, "direction": "sell", "amount": 0.1}, {"trade_seq": 6070, "trade_id": "189186724", "timestamp": 1636634870233, "tick_direction": 3, "price": 0.001, "mark_price": 0.00122993, "iv": 114.63, "instrument_name": "BTC-31DEC21-200000-C", "index_price": 64883.95, "direction": "sell", "amount": 1.0}, {"trade_seq": 6069, "trade_id": "189186721", "timestamp": 1636634869265, "tick_direction": 3, "price": 0.001, "mark_price": 0.0012297, "iv": 114.63, "instrument_name": "BTC-31DEC21-200000-C", "index_price": 64884.07, "direction": "sell", "amount": 1.0}, {"trade_seq": 6068, "trade_id": "189186720", "timestamp": 1636634866899, "tick_direction": 3, "price": 0.001, "mark_price": 0.00122958, "iv": 114.64, "instrument_name": "BTC-31DEC21-200000-C", "index_price": 64882.84, "direction": "sell", "amount": 1.0}, {"trade_seq": 6067, "trade_id": "189186719", "timestamp": 1636634865904, "tick_direction": 3, "price": 0.001, "mark_price": 0.00122961, "iv": 114.64, "instrument_name": "BTC-31DEC21-200000-C", "index_price": 64883.51, "direction": "sell", "amount": 1.0}, {"trade_seq": 6066, "trade_id": "189186718", "timestamp": 1636634863418, "tick_direction": 3, "price": 0.001, "mark_price": 0.00122984, "iv": 114.63, "instrument_name": "BTC-31DEC21-200000-C", "index_price": 64886.17, "direction": "sell", "amount": 0.9}, {"trade_seq": 6065, "trade_id": "189186717", "timestamp": 1636634863418, "tick_direction": 2, "price": 0.001, "mark_price": 0.00122984, "iv": 114.63, "instrument_name": "BTC-31DEC21-200000-C", "index_price": 64886.17, "direction": "sell", "amount": 0.1}, {"trade_seq": 6064, "trade_id": "189180030", "timestamp": 1636630080405, "tick_direction": 2, "price": 0.0015, "mark_price": 0.00123658, "iv": 119.3, "instrument_name": "BTC-31DEC21-200000-C", "index_price": 65278.41, "direction": "buy", "block_trade_id": "25101", "amount": 50.0}, {"trade_seq": 6063, "trade_id": "188961217", "timestamp": 1636559450553, "tick_direction": 1, "price": 0.002, "mark_price": 0.00145135, "iv": 117.57, "instrument_name": "BTC-31DEC21-200000-C", "index_price": 68461.36, "direction": "buy", "amount": 1.0}, {"trade_seq": 6062, "trade_id": "188961121", "timestamp": 1636559367726, "tick_direction": 1, "price": 0.002, "mark_price": 0.00145782, "iv": 117.56, "instrument_name": "BTC-31DEC21-200000-C", "index_price": 68463.43, "direction": "buy", "amount": 1.0}, {"trade_seq": 6061, "trade_id": "188960191", "timestamp": 1636558843773, "tick_direction": 1, "price": 0.002, "mark_price": 0.00146341, "iv": 117.6, "instrument_name": "BTC-31DEC21-200000-C", "index_price": 68419.25, "direction": "buy", "amount": 1.0}, {"trade_seq": 6060, "trade_id": "188960155", "timestamp": 1636558823431, "tick_direction": 1, "price": 0.002, "mark_price": 0.00146857, "iv": 117.57, "instrument_name": "BTC-31DEC21-200000-C", "index_price": 68435.37, "direction": "buy", "amount": 1.0}, {"trade_seq": 6059, "trade_id": "188960103", "timestamp": 1636558782371, "tick_direction": 1, "price": 0.002, "mark_price": 0.00147191, "iv": 117.59, "instrument_name": "BTC-31DEC21-200000-C", "index_price": 68416.93, "direction": "buy", "amount": 1.0}, {"trade_seq": 6058, "trade_id": "188960010", "timestamp": 1636558771586, "tick_direction": 0, "price": 0.002, "mark_price": 0.00147635, "iv": 117.56, "instrument_name": "BTC-31DEC21-200000-C", "index_price": 68442.2, "direction": "buy", "amount": 15.0}, {"trade_seq": 6057, "trade_id": "188959249", "timestamp": 1636558635704, "tick_direction": 1, "price": 0.0019, "mark_price": 0.00143769, "iv": 116.93, "instrument_name": "BTC-31DEC21-200000-C", "index_price": 68357.17, "direction": "buy", "block_trade_id": "25042", "amount": 40.0}, {"trade_seq": 6056, "trade_id": "188958878", "timestamp": 1636558565311, "tick_direction": 1, "price": 0.0019, "mark_price": 0.00143443, "iv": 116.95, "instrument_name": "BTC-31DEC21-200000-C", "index_price": 68337.44, "direction": "buy", "block_trade_id": "25041", "amount": 40.0}, {"trade_seq": 6055, "trade_id": "188958438", "timestamp": 1636558460539, "tick_direction": 1, "price": 0.0019, "mark_price": 0.00143292, "iv": 116.95, "instrument_name": "BTC-31DEC21-200000-C", "index_price": 68326.64, "direction": "buy", "block_trade_id": "25040", "amount": 40.0}, {"trade_seq": 6054, "trade_id": "188958382", "timestamp": 1636558426801, "tick_direction": 1, "price": 0.0019, "mark_price": 0.00142875, "iv": 116.98, "instrument_name": "BTC-31DEC21-200000-C", "index_price": 68300.75, "direction": "buy", "block_trade_id": "25039", "amount": 40.0}, {"trade_seq": 6053, "trade_id": "188957104", "timestamp": 1636558116989, "tick_direction": 0, "price": 0.0019, "mark_price": 0.0014048, "iv": 116.88, "instrument_name": "BTC-31DEC21-200000-C", "index_price": 68386.96, "direction": "buy", "block_trade_id": "25036", "amount": 90.0}, {"trade_seq": 6052, "trade_id": "188955207", "timestamp": 1636557357377, "tick_direction": 1, "price": 0.0015, "mark_price": 0.00122555, "iv": 113.8, "instrument_name": "BTC-31DEC21-200000-C", "index_price": 68268.84, "direction": "sell", "amount": 8.0}, {"trade_seq": 6051, "trade_id": "188955206", "timestamp": 1636557357374, "tick_direction": 1, "price": 0.0015, "mark_price": 0.00122555, "iv": 113.8, "instrument_name": "BTC-31DEC21-200000-C", "index_price": 68268.84, "direction": "buy", "amount": 2.0}, {"trade_seq": 6050, "trade_id": "188955205", "timestamp": 1636557357374, "tick_direction": 1, "price": 0.0015, "mark_price": 0.00122555, "iv": 113.8, "instrument_name": "BTC-31DEC21-200000-C", "index_price": 68268.84, "direction": "buy", "amount": 100.0}, {"trade_seq": 6049, "trade_id": "188887929", "timestamp": 1636537849581, "tick_direction": 1, "price": 0.0015, "mark_price": 0.00094691, "iv": 115.63, "instrument_name": "BTC-31DEC21-200000-C", "index_price": 66664.87, "direction": "buy", "amount": 5.0}, {"trade_seq": 6048, "trade_id": "188887918", "timestamp": 1636537796349, "tick_direction": 1, "price": 0.0015, "mark_price": 0.0009585, "iv": 115.62, "instrument_name": "BTC-31DEC21-200000-C", "index_price": 66677.05, "direction": "buy", "amount": 5.0}, {"trade_seq": 6047, "trade_id": "188887882", "timestamp": 1636537617446, "tick_direction": 0, "price": 0.0015, "mark_price": 0.00090012, "iv": 115.55, "instrument_name": "BTC-31DEC21-200000-C", "index_price": 66728.06, "direction": "buy", "block_trade_id": "25004", "amount": 44.2}, {"trade_seq": 6046, "trade_id": "188881903", "timestamp": 1636531896935, "tick_direction": 3, "price": 0.001, "mark_price": 0.00074691, "iv": 110.59, "instrument_name": "BTC-31DEC21-200000-C", "index_price": 66566.41, "direction": "buy", "amount": 0.4}, {"trade_seq": 6045, "trade_id": "188881616", "timestamp": 1636531766584, "tick_direction": 3, "price": 0.001, "mark_price": 0.00075401, "iv": 110.73, "instrument_name": "BTC-31DEC21-200000-C", "index_price": 66477.47, "direction": "buy", "amount": 0.3}, {"trade_seq": 6044, "trade_id": "188869936", "timestamp": 1636521587316, "tick_direction": 3, "price": 0.001, "mark_price": 0.00120616, "iv": 110.58, "instrument_name": "BTC-31DEC21-200000-C", "index_price": 66497.29, "direction": "sell", "amount": 2.4}, {"trade_seq": 6043, "trade_id": "188869934", "timestamp": 1636521583599, "tick_direction": 3, "price": 0.001, "mark_price": 0.00121079, "iv": 110.58, "instrument_name": "BTC-31DEC21-200000-C", "index_price": 66496.34, "direction": "sell", "amount": 2.4}, {"trade_seq": 6042, "trade_id": "188868800", "timestamp": 1636519792805, "tick_direction": 3, "price": 0.001, "mark_price": 0.00123219, "iv": 110.38, "instrument_name": "BTC-31DEC21-200000-C", "index_price": 66597.45, "direction": "sell", "amount": 2.2}, {"trade_seq": 6041, "trade_id": "188867134", "timestamp": 1636518428409, "tick_direction": 3, "price": 0.001, "mark_price": 0.00118008, "iv": 110.47, "instrument_name": "BTC-31DEC21-200000-C", "index_price": 66534.08, "direction": "sell", "amount": 2.0}, {"trade_seq": 6040, "trade_id": "188867104", "timestamp": 1636518408213, "tick_direction": 3, "price": 0.001, "mark_price": 0.00119882, "iv": 110.52, "instrument_name": "BTC-31DEC21-200000-C", "index_price": 66510.15, "direction": "sell", "amount": 2.0}, {"trade_seq": 6039, "trade_id": "188867032", "timestamp": 1636518388058, "tick_direction": 3, "price": 0.001, "mark_price": 0.00122165, "iv": 110.53, "instrument_name": "BTC-31DEC21-200000-C", "index_price": 66498.02, "direction": "sell", "amount": 2.0}, {"trade_seq": 6038, "trade_id": "188866999", "timestamp": 1636518372523, "tick_direction": 3, "price": 0.001, "mark_price": 0.00123946, "iv": 110.53, "instrument_name": "BTC-31DEC21-200000-C", "index_price": 66494.16, "direction": "sell", "amount": 2.0}, {"trade_seq": 6037, "trade_id": "188866998", "timestamp": 1636518372523, "tick_direction": 3, "price": 0.001, "mark_price": 0.00123946, "iv": 110.53, "instrument_name": "BTC-31DEC21-200000-C", "index_price": 66494.16, "direction": "sell", "amount": 3.2}, {"trade_seq": 6036, "trade_id": "188866997", "timestamp": 1636518372523, "tick_direction": 2, "price": 0.001, "mark_price": 0.00123946, "iv": 110.53, "instrument_name": "BTC-31DEC21-200000-C", "index_price": 66494.16, "direction": "sell", "amount": 1.0}, {"trade_seq": 6035, "trade_id": "188834430", "timestamp": 1636485190972, "tick_direction": 3, "price": 0.0015, "mark_price": 0.00126734, "iv": 115.2, "instrument_name": "BTC-31DEC21-200000-C", "index_price": 66412.17, "direction": "buy", "amount": 0.1}, {"trade_seq": 6034, "trade_id": "188827478", "timestamp": 1636479357889, "tick_direction": 3, "price": 0.0015, "mark_price": 0.00124003, "iv": 114.72, "instrument_name": "BTC-31DEC21-200000-C", "index_price": 66676.89, "direction": "buy", "amount": 0.1}, {"trade_seq": 6033, "trade_id": "188783718", "timestamp": 1636463872823, "tick_direction": 3, "price": 0.0015, "mark_price": 0.00141041, "iv": 112.98, "instrument_name": "BTC-31DEC21-200000-C", "index_price": 67812.07, "direction": "sell", "amount": 0.1}, {"trade_seq": 6032, "trade_id": "188783460", "timestamp": 1636463701591, "tick_direction": 3, "price": 0.0015, "mark_price": 0.00137796, "iv": 113.0, "instrument_name": "BTC-31DEC21-200000-C", "index_price": 67793.85, "direction": "sell", "amount": 0.1}, {"trade_seq": 6031, "trade_id": "188777683", "timestamp": 1636459186492, "tick_direction": 3, "price": 0.0015, "mark_price": 0.0014392, "iv": 113.18, "instrument_name": "BTC-31DEC21-200000-C", "index_price": 67615.37, "direction": "sell", "amount": 0.2}, {"trade_seq": 6030, "trade_id": "188776630", "timestamp": 1636458613552, "tick_direction": 3, "price": 0.0015, "mark_price": 0.0013763, "iv": 113.41, "instrument_name": "BTC-31DEC21-200000-C", "index_price": 67432.25, "direction": "sell", "amount": 0.3}, {"trade_seq": 6029, "trade_id": "188776396", "timestamp": 1636458447772, "tick_direction": 3, "price": 0.0015, "mark_price": 0.0013637, "iv": 113.38, "instrument_name": "BTC-31DEC21-200000-C", "index_price": 67469.08, "direction": "buy", "amount": 0.2}, {"trade_seq": 6028, "trade_id": "188776345", "timestamp": 1636458380161, "tick_direction": 3, "price": 0.0015, "mark_price": 0.00140956, "iv": 113.36, "instrument_name": "BTC-31DEC21-200000-C", "index_price": 67481.22, "direction": "buy", "amount": 0.4}, {"trade_seq": 6027, "trade_id": "188776302", "timestamp": 1636458364450, "tick_direction": 3, "price": 0.0015, "mark_price": 0.00143024, "iv": 113.27, "instrument_name": "BTC-31DEC21-200000-C", "index_price": 67545.66, "direction": "sell", "amount": 0.3}, {"trade_seq": 6026, "trade_id": "188776263", "timestamp": 1636458335771, "tick_direction": 3, "price": 0.0015, "mark_price": 0.00143489, "iv": 113.22, "instrument_name": "BTC-31DEC21-200000-C", "index_price": 67580.9, "direction": "sell", "amount": 0.3}, {"trade_seq": 6025, "trade_id": "188772100", "timestamp": 1636456779097, "tick_direction": 2, "price": 0.0015, "mark_price": 0.00125679, "iv": 112.99, "instrument_name": "BTC-31DEC21-200000-C", "index_price": 67805.38, "direction": "buy", "amount": 0.1}, {"trade_seq": 6024, "trade_id": "188762324", "timestamp": 1636449703037, "tick_direction": 0, "price": 0.002, "mark_price": 0.00143317, "iv": 116.59, "instrument_name": "BTC-31DEC21-200000-C", "index_price": 67955.91, "direction": "buy", "amount": 2.0}, {"trade_seq": 6023, "trade_id": "188757687", "timestamp": 1636446755214, "tick_direction": 2, "price": 0.0014, "mark_price": 0.00124968, "iv": 111.65, "instrument_name": "BTC-31DEC21-200000-C", "index_price": 67972.77, "direction": "buy", "block_trade_id": "24942", "amount": 25.0}, {"trade_seq": 6022, "trade_id": "188746664", "timestamp": 1636439987700, "tick_direction": 2, "price": 0.0015, "mark_price": 0.00143036, "iv": 112.37, "instrument_name": "BTC-31DEC21-200000-C", "index_price": 68004.39, "direction": "sell", "amount": 2.0}, {"trade_seq": 6021, "trade_id": "188738449", "timestamp": 1636434434106, "tick_direction": 1, "price": 0.002, "mark_price": 0.0014491, "iv": 115.82, "instrument_name": "BTC-31DEC21-200000-C", "index_price": 68301.5, "direction": "buy", "amount": 0.2}, {"trade_seq": 6020, "trade_id": "188738448", "timestamp": 1636434434106, "tick_direction": 0, "price": 0.002, "mark_price": 0.0014491, "iv": 115.82, "instrument_name": "BTC-31DEC21-200000-C", "index_price": 68301.5, "direction": "buy", "amount": 0.8}, {"trade_seq": 6019, "trade_id": "188737264", "timestamp": 1636433614612, "tick_direction": 3, "price": 0.0015, "mark_price": 0.00175721, "iv": 111.74, "instrument_name": "BTC-31DEC21-200000-C", "index_price": 68404.14, "direction": "sell", "amount": 0.2}, {"trade_seq": 6018, "trade_id": "188694032", "timestamp": 1636414379644, "tick_direction": 2, "price": 0.0015, "mark_price": 0.00173472, "iv": 112.47, "instrument_name": "BTC-31DEC21-200000-C", "index_price": 67575.58, "direction": "sell", "amount": 0.3}, {"trade_seq": 6017, "trade_id": "188641931", "timestamp": 1636389814429, "tick_direction": 0, "price": 0.002, "mark_price": 0.00144909, "iv": 118.21, "instrument_name": "BTC-31DEC21-200000-C", "index_price": 66051.22, "direction": "buy", "amount": 0.2}, {"trade_seq": 6016, "trade_id": "188633856", "timestamp": 1636386806914, "tick_direction": 3, "price": 0.0015, "mark_price": 0.00124403, "iv": 113.65, "instrument_name": "BTC-31DEC21-200000-C", "index_price": 66406.22, "direction": "buy", "amount": 5.8}, {"trade_seq": 6015, "trade_id": "188633527", "timestamp": 1636386752327, "tick_direction": 3, "price": 0.0015, "mark_price": 0.00124952, "iv": 113.62, "instrument_name": "BTC-31DEC21-200000-C", "index_price": 66415.42, "direction": "buy", "amount": 0.2}, {"trade_seq": 6014, "trade_id": "188633526", "timestamp": 1636386752311, "tick_direction": 3, "price": 0.0015, "mark_price": 0.00124952, "iv": 113.62, "instrument_name": "BTC-31DEC21-200000-C", "index_price": 66415.42, "direction": "buy", "amount": 0.2}, {"trade_seq": 6013, "trade_id": "188625690", "timestamp": 1636384370446, "tick_direction": 3, "price": 0.0015, "mark_price": 0.00175113, "iv": 114.77, "instrument_name": "BTC-31DEC21-200000-C", "index_price": 65577.63, "direction": "sell", "amount": 2.8}, {"trade_seq": 6012, "trade_id": "188625689", "timestamp": 1636384370446, "tick_direction": 3, "price": 0.0015, "mark_price": 0.00175113, "iv": 114.77, "instrument_name": "BTC-31DEC21-200000-C", "index_price": 65577.63, "direction": "sell", "amount": 1.0}, {"trade_seq": 6011, "trade_id": "188610820", "timestamp": 1636377611053, "tick_direction": 3, "price": 0.0015, "mark_price": 0.00172671, "iv": 114.36, "instrument_name": "BTC-31DEC21-200000-C", "index_price": 65799.56, "direction": "sell", "amount": 1.0}, {"trade_seq": 6010, "trade_id": "188610819", "timestamp": 1636377611053, "tick_direction": 2, "price": 0.0015, "mark_price": 0.00172671, "iv": 114.36, "instrument_name": "BTC-31DEC21-200000-C", "index_price": 65799.56, "direction": "sell", "amount": 1.0}, {"trade_seq": 6009, "trade_id": "188592664", "timestamp": 1636366752432, "tick_direction": 0, "price": 0.002, "mark_price": 0.00172275, "iv": 117.95, "instrument_name": "BTC-31DEC21-200000-C", "index_price": 65942.49, "direction": "buy", "amount": 0.1}, {"trade_seq": 6008, "trade_id": "188482783", "timestamp": 1636329766542, "tick_direction": 3, "price": 0.0015, "mark_price": 0.00146328, "iv": 117.28, "instrument_name": "BTC-31DEC21-200000-C", "index_price": 63479.88, "direction": "sell", "amount": 2.3}, {"trade_seq": 6007, "trade_id": "188482733", "timestamp": 1636329746332, "tick_direction": 2, "price": 0.0015, "mark_price": 0.0014596, "iv": 117.33, "instrument_name": "BTC-31DEC21-200000-C", "index_price": 63454.82, "direction": "sell", "amount": 2.3}, {"trade_seq": 6006, "trade_id": "188473435", "timestamp": 1636323939596, "tick_direction": 0, "price": 0.002, "mark_price": 0.00107189, "iv": 122.0, "instrument_name": "BTC-31DEC21-200000-C", "index_price": 62922.95, "direction": "buy", "amount": 0.6}, {"trade_seq": 6005, "trade_id": "188472227", "timestamp": 1636322640121, "tick_direction": 1, "price": 0.0015, "mark_price": 0.00114544, "iv": 117.86, "instrument_name": "BTC-31DEC21-200000-C", "index_price": 62980.76, "direction": "sell", "amount": 1.0}, {"trade_seq": 6004, "trade_id": "188438572", "timestamp": 1636293356114, "tick_direction": 1, "price": 0.0015, "mark_price": 0.00141334, "iv": 119.01, "instrument_name": "BTC-31DEC21-200000-C", "index_price": 61878.62, "direction": "sell", "amount": 2.3}, {"trade_seq": 6003, "trade_id": "188438197", "timestamp": 1636293281383, "tick_direction": 1, "price": 0.0015, "mark_price": 0.00135135, "iv": 118.88, "instrument_name": "BTC-31DEC21-200000-C", "index_price": 61970.08, "direction": "sell", "amount": 2.7}, {"trade_seq": 6002, "trade_id": "188432630", "timestamp": 1636287814000, "tick_direction": 0, "price": 0.0015, "mark_price": 0.00125759, "iv": 118.61, "instrument_name": "BTC-31DEC21-200000-C", "index_price": 62139.84, "direction": "buy", "amount": 0.1}, {"trade_seq": 6001, "trade_id": "188426040", "timestamp": 1636281851685, "tick_direction": 3, "price": 0.001, "mark_price": 0.00125671, "iv": 113.64, "instrument_name": "BTC-31DEC21-200000-C", "index_price": 61959.56, "direction": "sell", "amount": 0.1}, {"trade_seq": 6000, "trade_id": "188426006", "timestamp": 1636281814215, "tick_direction": 3, "price": 0.001, "mark_price": 0.00126347, "iv": 113.61, "instrument_name": "BTC-31DEC21-200000-C", "index_price": 61979.19, "direction": "sell", "amount": 0.1}, {"trade_seq": 5999, "trade_id": "188414760", "timestamp": 1636273770984, "tick_direction": 2, "price": 0.001, "mark_price": 0.00123033, "iv": 113.93, "instrument_name": "BTC-31DEC21-200000-C", "index_price": 61706.95, "direction": "sell", "amount": 2.2}, {"trade_seq": 5998, "trade_id": "188354864", "timestamp": 1636213247686, "tick_direction": 0, "price": 0.0016, "mark_price": 0.001429, "iv": 120.95, "instrument_name": "BTC-31DEC21-200000-C", "index_price": 60693.38, "direction": "buy", "block_trade_id": "24710", "amount": 30.0}, {"trade_seq": 5997, "trade_id": "188354547", "timestamp": 1636212812463, "tick_direction": 1, "price": 0.0015, "mark_price": 0.00137615, "iv": 120.0, "instrument_name": "BTC-31DEC21-200000-C", "index_price": 60715.97, "direction": "sell", "amount": 2.3}, {"trade_seq": 5996, "trade_id": "188336523", "timestamp": 1636199988058, "tick_direction": 0, "price": 0.0015, "mark_price": 0.00123163, "iv": 120.43, "instrument_name": "BTC-31DEC21-200000-C", "index_price": 60393.15, "direction": "buy", "amount": 0.1}, {"trade_seq": 5995, "trade_id": "188333437", "timestamp": 1636198240771, "tick_direction": 3, "price": 0.001, "mark_price": 0.001213, "iv": 114.95, "instrument_name": "BTC-31DEC21-200000-C", "index_price": 60547.47, "direction": "sell", "amount": 2.2}, {"trade_seq": 5994, "trade_id": "188333406", "timestamp": 1636198200147, "tick_direction": 3, "price": 0.001, "mark_price": 0.00122508, "iv": 114.91, "instrument_name": "BTC-31DEC21-200000-C", "index_price": 60566.09, "direction": "sell", "amount": 2.2}, {"trade_seq": 5993, "trade_id": "188333228", "timestamp": 1636197983011, "tick_direction": 2, "price": 0.001, "mark_price": 0.00124214, "iv": 114.86, "instrument_name": "BTC-31DEC21-200000-C", "index_price": 60625.35, "direction": "sell", "amount": 3.5}, {"trade_seq": 5992, "trade_id": "188276928", "timestamp": 1636147873345, "tick_direction": 0, "price": 0.0015, "mark_price": 0.00124238, "iv": 118.32, "instrument_name": "BTC-31DEC21-200000-C", "index_price": 61213.94, "direction": "buy", "amount": 0.2}, {"trade_seq": 5991, "trade_id": "188276745", "timestamp": 1636147464291, "tick_direction": 2, "price": 0.001, "mark_price": 0.00123917, "iv": 113.28, "instrument_name": "BTC-31DEC21-200000-C", "index_price": 61135.43, "direction": "sell", "amount": 0.1}, {"trade_seq": 5990, "trade_id": "188276731", "timestamp": 1636147404479, "tick_direction": 1, "price": 0.0015, "mark_price": 0.00123685, "iv": 118.36, "instrument_name": "BTC-31DEC21-200000-C", "index_price": 61173.65, "direction": "buy", "amount": 30.0}, {"trade_seq": 5989, "trade_id": "188275773", "timestamp": 1636146468223, "tick_direction": 1, "price": 0.0015, "mark_price": 0.00123788, "iv": 118.59, "instrument_name": "BTC-31DEC21-200000-C", "index_price": 61015.15, "direction": "buy", "amount": 0.4}, {"trade_seq": 5988, "trade_id": "188275731", "timestamp": 1636146404240, "tick_direction": 1, "price": 0.0015, "mark_price": 0.00124024, "iv": 118.59, "instrument_name": "BTC-31DEC21-200000-C", "index_price": 61034.58, "direction": "buy", "amount": 0.5}, {"trade_seq": 5987, "trade_id": "188226256", "timestamp": 1636120359419, "tick_direction": 0, "price": 0.0015, "mark_price": 0.0012744, "iv": 117.18, "instrument_name": "BTC-31DEC21-200000-C", "index_price": 61680.88, "direction": "sell", "amount": 3.1}, {"trade_seq": 5986, "trade_id": "188158916", "timestamp": 1636076062303, "tick_direction": 3, "price": 0.001, "mark_price": 0.00143428, "iv": 112.29, "instrument_name": "BTC-31DEC21-200000-C", "index_price": 61111.58, "direction": "sell", "amount": 7.2}, {"trade_seq": 5985, "trade_id": "188158915", "timestamp": 1636076062303, "tick_direction": 3, "price": 0.001, "mark_price": 0.00143428, "iv": 112.29, "instrument_name": "BTC-31DEC21-200000-C", "index_price": 61111.58, "direction": "sell", "amount": 2.7}, {"trade_seq": 5984, "trade_id": "188158914", "timestamp": 1636076062303, "tick_direction": 3, "price": 0.001, "mark_price": 0.00143428, "iv": 112.29, "instrument_name": "BTC-31DEC21-200000-C", "index_price": 61111.58, "direction": "sell", "amount": 0.1}, {"trade_seq": 5983, "trade_id": "188154284", "timestamp": 1636070615389, "tick_direction": 3, "price": 0.001, "mark_price": 0.00142713, "iv": 111.87, "instrument_name": "BTC-31DEC21-200000-C", "index_price": 61374.97, "direction": "sell", "amount": 2.0}, {"trade_seq": 5982, "trade_id": "188154283", "timestamp": 1636070615389, "tick_direction": 3, "price": 0.001, "mark_price": 0.00142713, "iv": 111.87, "instrument_name": "BTC-31DEC21-200000-C", "index_price": 61374.97, "direction": "sell", "amount": 5.0}, {"trade_seq": 5981, "trade_id": "188154282", "timestamp": 1636070615389, "tick_direction": 2, "price": 0.001, "mark_price": 0.00142713, "iv": 111.87, "instrument_name": "BTC-31DEC21-200000-C", "index_price": 61374.97, "direction": "sell", "amount": 3.0}, {"trade_seq": 5980, "trade_id": "188148895", "timestamp": 1636063902104, "tick_direction": 3, "price": 0.0015, "mark_price": 0.00171838, "iv": 117.28, "instrument_name": "BTC-31DEC21-200000-C", "index_price": 61121.15, "direction": "sell", "amount": 1.0}, {"trade_seq": 5979, "trade_id": "188148894", "timestamp": 1636063902104, "tick_direction": 2, "price": 0.0015, "mark_price": 0.00171838, "iv": 117.28, "instrument_name": "BTC-31DEC21-200000-C", "index_price": 61121.15, "direction": "sell", "amount": 0.1}, {"trade_seq": 5978, "trade_id": "188044693", "timestamp": 1636012946536, "tick_direction": 1, "price": 0.002, "mark_price": 0.001961, "iv": 119.11, "instrument_name": "BTC-31DEC21-200000-C", "index_price": 62020.63, "direction": "sell", "amount": 3.0}, {"trade_seq": 5977, "trade_id": "188044686", "timestamp": 1636012944827, "tick_direction": 0, "price": 0.002, "mark_price": 0.00196093, "iv": 119.1, "instrument_name": "BTC-31DEC21-200000-C", "index_price": 62025.58, "direction": "sell", "amount": 5.3}, {"trade_seq": 5976, "trade_id": "188011389", "timestamp": 1635988770327, "tick_direction": 2, "price": 0.0015, "mark_price": 0.00195326, "iv": 114.13, "instrument_name": "BTC-31DEC21-200000-C", "index_price": 62582.41, "direction": "sell", "amount": 2.0}, {"trade_seq": 5975, "trade_id": "187992072", "timestamp": 1635972416281, "tick_direction": 1, "price": 0.002, "mark_price": 0.00174357, "iv": 117.48, "instrument_name": "BTC-31DEC21-200000-C", "index_price": 62838.13, "direction": "buy", "amount": 15.0}, {"trade_seq": 5974, "trade_id": "187970592", "timestamp": 1635963720022, "tick_direction": 1, "price": 0.002, "mark_price": 0.00193018, "iv": 118.03, "instrument_name": "BTC-31DEC21-200000-C", "index_price": 62415.77, "direction": "buy", "amount": 5.0}, {"trade_seq": 5973, "trade_id": "187970584", "timestamp": 1635963702314, "tick_direction": 0, "price": 0.002, "mark_price": 0.00194412, "iv": 117.99, "instrument_name": "BTC-31DEC21-200000-C", "index_price": 62435.76, "direction": "buy", "amount": 30.0}, {"trade_seq": 5972, "trade_id": "187968132", "timestamp": 1635963324348, "tick_direction": 3, "price": 0.0015, "mark_price": 0.00195167, "iv": 114.14, "instrument_name": "BTC-31DEC21-200000-C", "index_price": 62412.29, "direction": "sell", "amount": 3.7}, {"trade_seq": 5971, "trade_id": "187968119", "timestamp": 1635963323088, "tick_direction": 2, "price": 0.0015, "mark_price": 0.00195792, "iv": 114.12, "instrument_name": "BTC-31DEC21-200000-C", "index_price": 62424.6, "direction": "sell", "amount": 6.6}, {"trade_seq": 5970, "trade_id": "187945077", "timestamp": 1635960824054, "tick_direction": 0, "price": 0.002, "mark_price": 0.00174128, "iv": 117.8, "instrument_name": "BTC-31DEC21-200000-C", "index_price": 62603.04, "direction": "buy", "amount": 0.5}, {"trade_seq": 5969, "trade_id": "187930382", "timestamp": 1635950301439, "tick_direction": 3, "price": 0.0015, "mark_price": 0.00185802, "iv": 114.85, "instrument_name": "BTC-31DEC21-200000-C", "index_price": 61850.0, "direction": "sell", "amount": 1.0}, {"trade_seq": 5968, "trade_id": "187930381", "timestamp": 1635950301439, "tick_direction": 2, "price": 0.0015, "mark_price": 0.00185802, "iv": 114.85, "instrument_name": "BTC-31DEC21-200000-C", "index_price": 61850.0, "direction": "sell", "amount": 2.0}, {"trade_seq": 5967, "trade_id": "187905361", "timestamp": 1635943527660, "tick_direction": 3, "price": 0.002, "mark_price": 0.00223126, "iv": 117.48, "instrument_name": "BTC-31DEC21-200000-C", "index_price": 62603.47, "direction": "sell", "amount": 2.0}, {"trade_seq": 5966, "trade_id": "187905360", "timestamp": 1635943527660, "tick_direction": 3, "price": 0.002, "mark_price": 0.00223126, "iv": 117.48, "instrument_name": "BTC-31DEC21-200000-C", "index_price": 62603.47, "direction": "sell", "amount": 1.8}, {"trade_seq": 5965, "trade_id": "187903825", "timestamp": 1635943297112, "tick_direction": 3, "price": 0.002, "mark_price": 0.00217936, "iv": 117.69, "instrument_name": "BTC-31DEC21-200000-C", "index_price": 62482.87, "direction": "sell", "amount": 0.3}, {"trade_seq": 5964, "trade_id": "187903713", "timestamp": 1635943296103, "tick_direction": 3, "price": 0.002, "mark_price": 0.0021873, "iv": 117.69, "instrument_name": "BTC-31DEC21-200000-C", "index_price": 62484.91, "direction": "sell", "amount": 15.1}, {"trade_seq": 5963, "trade_id": "187898993", "timestamp": 1635941177397, "tick_direction": 2, "price": 0.002, "mark_price": 0.0022192, "iv": 116.8, "instrument_name": "BTC-31DEC21-200000-C", "index_price": 63069.16, "direction": "sell", "amount": 30.0}, {"trade_seq": 5962, "trade_id": "187890797", "timestamp": 1635928507725, "tick_direction": 0, "price": 0.0025, "mark_price": 0.00223166, "iv": 119.99, "instrument_name": "BTC-31DEC21-200000-C", "index_price": 62990.98, "direction": "buy", "amount": 2.0}, {"trade_seq": 5961, "trade_id": "187884104", "timestamp": 1635923763029, "tick_direction": 3, "price": 0.002, "mark_price": 0.00224368, "iv": 116.77, "instrument_name": "BTC-31DEC21-200000-C", "index_price": 62957.63, "direction": "sell", "amount": 15.8}, {"trade_seq": 5960, "trade_id": "187882445", "timestamp": 1635920368315, "tick_direction": 3, "price": 0.002, "mark_price": 0.00224497, "iv": 116.61, "instrument_name": "BTC-31DEC21-200000-C", "index_price": 63020.28, "direction": "sell", "amount": 1.2}, {"trade_seq": 5959, "trade_id": "187881616", "timestamp": 1635918877565, "tick_direction": 3, "price": 0.002, "mark_price": 0.00222739, "iv": 116.48, "instrument_name": "BTC-31DEC21-200000-C", "index_price": 63101.55, "direction": "sell", "amount": 1.2}, {"trade_seq": 5958, "trade_id": "187881580", "timestamp": 1635918796877, "tick_direction": 3, "price": 0.002, "mark_price": 0.00222454, "iv": 116.47, "instrument_name": "BTC-31DEC21-200000-C", "index_price": 63108.65, "direction": "sell", "amount": 1.2}, {"trade_seq": 5957, "trade_id": "187880599", "timestamp": 1635917490922, "tick_direction": 3, "price": 0.002, "mark_price": 0.00225043, "iv": 116.48, "instrument_name": "BTC-31DEC21-200000-C", "index_price": 63083.13, "direction": "sell", "amount": 1.2}, {"trade_seq": 5956, "trade_id": "187879501", "timestamp": 1635915952740, "tick_direction": 3, "price": 0.002, "mark_price": 0.0022493, "iv": 116.66, "instrument_name": "BTC-31DEC21-200000-C", "index_price": 62945.26, "direction": "sell", "amount": 0.2}, {"trade_seq": 5955, "trade_id": "187874707", "timestamp": 1635910806589, "tick_direction": 2, "price": 0.002, "mark_price": 0.00225948, "iv": 116.23, "instrument_name": "BTC-31DEC21-200000-C", "index_price": 63153.58, "direction": "sell", "amount": 19.9}, {"trade_seq": 5954, "trade_id": "187866506", "timestamp": 1635901172315, "tick_direction": 1, "price": 0.0025, "mark_price": 0.00227332, "iv": 118.79, "instrument_name": "BTC-31DEC21-200000-C", "index_price": 63510.19, "direction": "buy", "amount": 0.2}, {"trade_seq": 5953, "trade_id": "187832576", "timestamp": 1635874997080, "tick_direction": 1, "price": 0.0025, "mark_price": 0.00225182, "iv": 118.24, "instrument_name": "BTC-31DEC21-200000-C", "index_price": 63633.86, "direction": "buy", "amount": 0.1}, {"trade_seq": 5952, "trade_id": "187807415", "timestamp": 1635863945239, "tick_direction": 1, "price": 0.0025, "mark_price": 0.00247034, "iv": 118.39, "instrument_name": "BTC-31DEC21-200000-C", "index_price": 63449.44, "direction": "sell", "amount": 0.2}, {"trade_seq": 5951, "trade_id": "187807407", "timestamp": 1635863939656, "tick_direction": 1, "price": 0.0025, "mark_price": 0.00246177, "iv": 118.4, "instrument_name": "BTC-31DEC21-200000-C", "index_price": 63442.8, "direction": "sell", "amount": 0.2}, {"trade_seq": 5950, "trade_id": "187785215", "timestamp": 1635853715123, "tick_direction": 1, "price": 0.0025, "mark_price": 0.00245141, "iv": 118.59, "instrument_name": "BTC-31DEC21-200000-C", "index_price": 63145.24, "direction": "sell", "amount": 0.4}, {"trade_seq": 5949, "trade_id": "187785036", "timestamp": 1635853679506, "tick_direction": 1, "price": 0.0025, "mark_price": 0.00245689, "iv": 118.55, "instrument_name": "BTC-31DEC21-200000-C", "index_price": 63174.81, "direction": "sell", "amount": 0.1}, {"trade_seq": 5948, "trade_id": "187779898", "timestamp": 1635850496202, "tick_direction": 1, "price": 0.0025, "mark_price": 0.00246059, "iv": 118.56, "instrument_name": "BTC-31DEC21-200000-C", "index_price": 63183.48, "direction": "sell", "amount": 2.2}, {"trade_seq": 5947, "trade_id": "187779896", "timestamp": 1635850494217, "tick_direction": 1, "price": 0.0025, "mark_price": 0.0024606, "iv": 118.56, "instrument_name": "BTC-31DEC21-200000-C", "index_price": 63183.2, "direction": "sell", "amount": 3.8}, {"trade_seq": 5946, "trade_id": "187761493", "timestamp": 1635846727882, "tick_direction": 1, "price": 0.0025, "mark_price": 0.00224022, "iv": 118.91, "instrument_name": "BTC-31DEC21-200000-C", "index_price": 62907.15, "direction": "buy", "amount": 1.1}, {"trade_seq": 5945, "trade_id": "187756150", "timestamp": 1635846360362, "tick_direction": 1, "price": 0.0025, "mark_price": 0.00231483, "iv": 119.06, "instrument_name": "BTC-31DEC21-200000-C", "index_price": 62834.08, "direction": "buy", "amount": 1.2}, {"trade_seq": 5944, "trade_id": "187737865", "timestamp": 1635839095429, "tick_direction": 1, "price": 0.0025, "mark_price": 0.00223103, "iv": 120.85, "instrument_name": "BTC-31DEC21-200000-C", "index_price": 61616.59, "direction": "buy", "amount": 1.2}, {"trade_seq": 5943, "trade_id": "187737575", "timestamp": 1635839061459, "tick_direction": 1, "price": 0.0025, "mark_price": 0.00223473, "iv": 120.83, "instrument_name": "BTC-31DEC21-200000-C", "index_price": 61635.62, "direction": "buy", "amount": 1.5}, {"trade_seq": 5942, "trade_id": "187712977", "timestamp": 1635816373821, "tick_direction": 1, "price": 0.0025, "mark_price": 0.0022563, "iv": 120.99, "instrument_name": "BTC-31DEC21-200000-C", "index_price": 61413.94, "direction": "buy", "amount": 1.2}, {"trade_seq": 5941, "trade_id": "187708093", "timestamp": 1635814505838, "tick_direction": 0, "price": 0.0025, "mark_price": 0.00225234, "iv": 121.72, "instrument_name": "BTC-31DEC21-200000-C", "index_price": 60891.92, "direction": "buy", "amount": 1.2}, {"trade_seq": 5940, "trade_id": "187702607", "timestamp": 1635812696791, "tick_direction": 2, "price": 0.002, "mark_price": 0.00226092, "iv": 117.74, "instrument_name": "BTC-31DEC21-200000-C", "index_price": 61400.92, "direction": "sell", "amount": 1.1}, {"trade_seq": 5939, "trade_id": "187697521", "timestamp": 1635808162692, "tick_direction": 3, "price": 0.0025, "mark_price": 0.00224696, "iv": 121.26, "instrument_name": "BTC-31DEC21-200000-C", "index_price": 61184.76, "direction": "buy", "amount": 1.0}, {"trade_seq": 5938, "trade_id": "187689836", "timestamp": 1635801068899, "tick_direction": 3, "price": 0.0025, "mark_price": 0.002239, "iv": 122.08, "instrument_name": "BTC-31DEC21-200000-C", "index_price": 60592.06, "direction": "buy", "amount": 1.2}, {"trade_seq": 5937, "trade_id": "187679752", "timestamp": 1635795559590, "tick_direction": 3, "price": 0.0025, "mark_price": 0.0022307, "iv": 121.45, "instrument_name": "BTC-31DEC21-200000-C", "index_price": 60960.29, "direction": "buy", "amount": 1.2}, {"trade_seq": 5936, "trade_id": "187668864", "timestamp": 1635792742819, "tick_direction": 3, "price": 0.0025, "mark_price": 0.00272496, "iv": 121.88, "instrument_name": "BTC-31DEC21-200000-C", "index_price": 60631.35, "direction": "sell", "amount": 14.3}, {"trade_seq": 5935, "trade_id": "187668861", "timestamp": 1635792742809, "tick_direction": 3, "price": 0.0025, "mark_price": 0.00272496, "iv": 121.88, "instrument_name": "BTC-31DEC21-200000-C", "index_price": 60631.35, "direction": "sell", "amount": 17.0}, {"trade_seq": 5934, "trade_id": "187665008", "timestamp": 1635790077722, "tick_direction": 3, "price": 0.0025, "mark_price": 0.00272159, "iv": 121.84, "instrument_name": "BTC-31DEC21-200000-C", "index_price": 60617.32, "direction": "sell", "amount": 15.0}, {"trade_seq": 5933, "trade_id": "187663137", "timestamp": 1635788514854, "tick_direction": 2, "price": 0.0025, "mark_price": 0.00273619, "iv": 121.46, "instrument_name": "BTC-31DEC21-200000-C", "index_price": 60878.2, "direction": "sell", "amount": 1.5}, {"trade_seq": 5932, "trade_id": "187654666", "timestamp": 1635784795095, "tick_direction": 0, "price": 0.003, "mark_price": 0.00272933, "iv": 123.79, "instrument_name": "BTC-31DEC21-200000-C", "index_price": 61154.73, "direction": "buy", "amount": 3.4}, {"trade_seq": 5931, "trade_id": "187652005", "timestamp": 1635782659352, "tick_direction": 3, "price": 0.0025, "mark_price": 0.00273888, "iv": 120.38, "instrument_name": "BTC-31DEC21-200000-C", "index_price": 61525.16, "direction": "sell", "amount": 0.2}, {"trade_seq": 5930, "trade_id": "187651743", "timestamp": 1635782512593, "tick_direction": 3, "price": 0.0025, "mark_price": 0.00273113, "iv": 120.41, "instrument_name": "BTC-31DEC21-200000-C", "index_price": 61521.09, "direction": "sell", "amount": 0.2}, {"trade_seq": 5929, "trade_id": "187651742", "timestamp": 1635782512562, "tick_direction": 3, "price": 0.0025, "mark_price": 0.00273113, "iv": 120.41, "instrument_name": "BTC-31DEC21-200000-C", "index_price": 61521.09, "direction": "sell", "amount": 0.2}, {"trade_seq": 5928, "trade_id": "187650926", "timestamp": 1635781920533, "tick_direction": 3, "price": 0.0025, "mark_price": 0.00273998, "iv": 120.4, "instrument_name": "BTC-31DEC21-200000-C", "index_price": 61525.57, "direction": "sell", "amount": 0.2}, {"trade_seq": 5927, "trade_id": "187650875", "timestamp": 1635781868096, "tick_direction": 3, "price": 0.0025, "mark_price": 0.0027324, "iv": 120.43, "instrument_name": "BTC-31DEC21-200000-C", "index_price": 61498.27, "direction": "sell", "amount": 0.2}, {"trade_seq": 5926, "trade_id": "187650869", "timestamp": 1635781863343, "tick_direction": 3, "price": 0.0025, "mark_price": 0.00273447, "iv": 120.42, "instrument_name": "BTC-31DEC21-200000-C", "index_price": 61505.99, "direction": "sell", "amount": 0.2}, {"trade_seq": 5925, "trade_id": "187650004", "timestamp": 1635780887222, "tick_direction": 3, "price": 0.0025, "mark_price": 0.00254587, "iv": 120.31, "instrument_name": "BTC-31DEC21-200000-C", "index_price": 61553.99, "direction": "sell", "amount": 0.2}, {"trade_seq": 5924, "trade_id": "187649981", "timestamp": 1635780879797, "tick_direction": 3, "price": 0.0025, "mark_price": 0.00254304, "iv": 120.3, "instrument_name": "BTC-31DEC21-200000-C", "index_price": 61555.3, "direction": "sell", "amount": 0.2}, {"trade_seq": 5923, "trade_id": "187649940", "timestamp": 1635780831862, "tick_direction": 3, "price": 0.0025, "mark_price": 0.00250102, "iv": 120.3, "instrument_name": "BTC-31DEC21-200000-C", "index_price": 61568.64, "direction": "sell", "amount": 0.2}, {"trade_seq": 5922, "trade_id": "187649921", "timestamp": 1635780802277, "tick_direction": 3, "price": 0.0025, "mark_price": 0.00247584, "iv": 120.28, "instrument_name": "BTC-31DEC21-200000-C", "index_price": 61580.07, "direction": "sell", "amount": 0.2}, {"trade_seq": 5921, "trade_id": "187649917", "timestamp": 1635780797657, "tick_direction": 2, "price": 0.0025, "mark_price": 0.00247072, "iv": 120.28, "instrument_name": "BTC-31DEC21-200000-C", "index_price": 61579.32, "direction": "sell", "amount": 0.2}, {"trade_seq": 5920, "trade_id": "187621635", "timestamp": 1635762920793, "tick_direction": 0, "price": 0.003, "mark_price": 0.00247126, "iv": 122.03, "instrument_name": "BTC-31DEC21-200000-C", "index_price": 62121.61, "direction": "buy", "amount": 0.1}, {"trade_seq": 5919, "trade_id": "187576869", "timestamp": 1635748095568, "tick_direction": 3, "price": 0.0025, "mark_price": 0.00227325, "iv": 121.53, "instrument_name": "BTC-31DEC21-200000-C", "index_price": 60557.08, "direction": "sell", "amount": 0.5}, {"trade_seq": 5918, "trade_id": "187564536", "timestamp": 1635739892001, "tick_direction": 3, "price": 0.0025, "mark_price": 0.00225518, "iv": 122.39, "instrument_name": "BTC-31DEC21-200000-C", "index_price": 59951.53, "direction": "buy", "amount": 1.3}, {"trade_seq": 5917, "trade_id": "187563941", "timestamp": 1635739798550, "tick_direction": 3, "price": 0.0025, "mark_price": 0.00225728, "iv": 122.39, "instrument_name": "BTC-31DEC21-200000-C", "index_price": 59915.09, "direction": "buy", "amount": 1.2}, {"trade_seq": 5916, "trade_id": "187563278", "timestamp": 1635739642282, "tick_direction": 2, "price": 0.0025, "mark_price": 0.00220994, "iv": 122.7, "instrument_name": "BTC-31DEC21-200000-C", "index_price": 59728.37, "direction": "buy", "amount": 1.2}, {"trade_seq": 5915, "trade_id": "187532131", "timestamp": 1635729040622, "tick_direction": 1, "price": 0.003, "mark_price": 0.00247192, "iv": 122.31, "instrument_name": "BTC-31DEC21-200000-C", "index_price": 61723.06, "direction": "buy", "amount": 13.0}, {"trade_seq": 5914, "trade_id": "187532130", "timestamp": 1635729040622, "tick_direction": 1, "price": 0.003, "mark_price": 0.00247192, "iv": 122.31, "instrument_name": "BTC-31DEC21-200000-C", "index_price": 61723.06, "direction": "buy", "amount": 12.0}, {"trade_seq": 5913, "trade_id": "187478799", "timestamp": 1635676585816, "tick_direction": 1, "price": 0.003, "mark_price": 0.00248294, "iv": 122.87, "instrument_name": "BTC-31DEC21-200000-C", "index_price": 60933.32, "direction": "buy", "amount": 2.5}, {"trade_seq": 5912, "trade_id": "187478798", "timestamp": 1635676585816, "tick_direction": 1, "price": 0.003, "mark_price": 0.00248294, "iv": 122.87, "instrument_name": "BTC-31DEC21-200000-C", "index_price": 60933.32, "direction": "buy", "amount": 3.5}, {"trade_seq": 5911, "trade_id": "187478772", "timestamp": 1635676563876, "tick_direction": 0, "price": 0.003, "mark_price": 0.00248374, "iv": 122.87, "instrument_name": "BTC-31DEC21-200000-C", "index_price": 60935.39, "direction": "buy", "amount": 2.0}, {"trade_seq": 5910, "trade_id": "187474647", "timestamp": 1635674047424, "tick_direction": 3, "price": 0.0025, "mark_price": 0.00223678, "iv": 120.54, "instrument_name": "BTC-31DEC21-200000-C", "index_price": 60607.33, "direction": "buy", "amount": 20.0}, {"trade_seq": 5909, "trade_id": "187451593", "timestamp": 1635649794829, "tick_direction": 3, "price": 0.0025, "mark_price": 0.00244927, "iv": 118.48, "instrument_name": "BTC-31DEC21-200000-C", "index_price": 61763.04, "direction": "buy", "amount": 1.0}, {"trade_seq": 5908, "trade_id": "187419579", "timestamp": 1635616419924, "tick_direction": 3, "price": 0.0025, "mark_price": 0.00262493, "iv": 118.64, "instrument_name": "BTC-31DEC21-200000-C", "index_price": 61351.55, "direction": "sell", "amount": 2.1}, {"trade_seq": 5907, "trade_id": "187419480", "timestamp": 1635616314021, "tick_direction": 2, "price": 0.0025, "mark_price": 0.00273187, "iv": 118.55, "instrument_name": "BTC-31DEC21-200000-C", "index_price": 61392.61, "direction": "sell", "amount": 0.3}, {"trade_seq": 5906, "trade_id": "187418097", "timestamp": 1635615430748, "tick_direction": 1, "price": 0.003, "mark_price": 0.00246503, "iv": 121.21, "instrument_name": "BTC-31DEC21-200000-C", "index_price": 61476.78, "direction": "buy", "amount": 1.0}, {"trade_seq": 5905, "trade_id": "187417987", "timestamp": 1635615394183, "tick_direction": 1, "price": 0.003, "mark_price": 0.00248121, "iv": 121.12, "instrument_name": "BTC-31DEC21-200000-C", "index_price": 61528.91, "direction": "buy", "amount": 1.0}, {"trade_seq": 5904, "trade_id": "187417955", "timestamp": 1635615370009, "tick_direction": 1, "price": 0.003, "mark_price": 0.00248732, "iv": 121.1, "instrument_name": "BTC-31DEC21-200000-C", "index_price": 61556.42, "direction": "buy", "amount": 3.0}, {"trade_seq": 5903, "trade_id": "187417601", "timestamp": 1635615059528, "tick_direction": 1, "price": 0.003, "mark_price": 0.00249054, "iv": 121.21, "instrument_name": "BTC-31DEC21-200000-C", "index_price": 61490.06, "direction": "buy", "amount": 7.8}, {"trade_seq": 5902, "trade_id": "187417600", "timestamp": 1635615059528, "tick_direction": 1, "price": 0.003, "mark_price": 0.00249054, "iv": 121.21, "instrument_name": "BTC-31DEC21-200000-C", "index_price": 61490.06, "direction": "buy", "amount": 2.1}, {"trade_seq": 5901, "trade_id": "187417599", "timestamp": 1635615059528, "tick_direction": 0, "price": 0.003, "mark_price": 0.00249054, "iv": 121.21, "instrument_name": "BTC-31DEC21-200000-C", "index_price": 61490.06, "direction": "buy", "amount": 0.1}, {"trade_seq": 5900, "trade_id": "187415583", "timestamp": 1635612535168, "tick_direction": 3, "price": 0.0025, "mark_price": 0.00238277, "iv": 118.88, "instrument_name": "BTC-31DEC21-200000-C", "index_price": 61186.55, "direction": "buy", "amount": 0.5}, {"trade_seq": 5899, "trade_id": "187415214", "timestamp": 1635612239214, "tick_direction": 3, "price": 0.0025, "mark_price": 0.0027152, "iv": 118.94, "instrument_name": "BTC-31DEC21-200000-C", "index_price": 61115.88, "direction": "sell", "amount": 0.5}, {"trade_seq": 5898, "trade_id": "187413281", "timestamp": 1635610098067, "tick_direction": 2, "price": 0.0025, "mark_price": 0.00262341, "iv": 118.41, "instrument_name": "BTC-31DEC21-200000-C", "index_price": 61481.38, "direction": "sell", "amount": 5.3}, {"trade_seq": 5897, "trade_id": "187413257", "timestamp": 1635610093614, "tick_direction": 0, "price": 0.0029, "mark_price": 0.002618, "iv": 120.66, "instrument_name": "BTC-31DEC21-200000-C", "index_price": 61472.6, "direction": "buy", "block_trade_id": "24326", "amount": 25.0}, {"trade_seq": 5896, "trade_id": "187412898", "timestamp": 1635609875460, "tick_direction": 3, "price": 0.0025, "mark_price": 0.0027365, "iv": 118.58, "instrument_name": "BTC-31DEC21-200000-C", "index_price": 61367.79, "direction": "sell", "amount": 1.0}, {"trade_seq": 5895, "trade_id": "187412897", "timestamp": 1635609875460, "tick_direction": 2, "price": 0.0025, "mark_price": 0.0027365, "iv": 118.58, "instrument_name": "BTC-31DEC21-200000-C", "index_price": 61367.79, "direction": "sell", "amount": 1.0}, {"trade_seq": 5894, "trade_id": "187388538", "timestamp": 1635599262136, "tick_direction": 3, "price": 0.003, "mark_price": 0.00324341, "iv": 120.93, "instrument_name": "BTC-31DEC21-200000-C", "index_price": 61540.33, "direction": "sell", "amount": 0.5}, {"trade_seq": 5893, "trade_id": "187348839", "timestamp": 1635555565967, "tick_direction": 3, "price": 0.003, "mark_price": 0.00323442, "iv": 119.73, "instrument_name": "BTC-31DEC21-200000-C", "index_price": 61950.11, "direction": "sell", "amount": 0.5}, {"trade_seq": 5892, "trade_id": "187348838", "timestamp": 1635555565967, "tick_direction": 3, "price": 0.003, "mark_price": 0.00323442, "iv": 119.73, "instrument_name": "BTC-31DEC21-200000-C", "index_price": 61950.11, "direction": "sell", "amount": 0.5}, {"trade_seq": 5891, "trade_id": "187348837", "timestamp": 1635555565967, "tick_direction": 2, "price": 0.003, "mark_price": 0.00323442, "iv": 119.73, "instrument_name": "BTC-31DEC21-200000-C", "index_price": 61950.11, "direction": "sell", "amount": 0.1}, {"trade_seq": 5890, "trade_id": "187243473", "timestamp": 1635507986059, "tick_direction": 2, "price": 0.0033, "mark_price": 0.0029563, "iv": 122.46, "instrument_name": "BTC-31DEC21-200000-C", "index_price": 60678.44, "direction": "buy", "block_trade_id": "24230", "amount": 31.0}, {"trade_seq": 5889, "trade_id": "187209793", "timestamp": 1635495902496, "tick_direction": 1, "price": 0.0035, "mark_price": 0.00325014, "iv": 122.74, "instrument_name": "BTC-31DEC21-200000-C", "index_price": 60896.66, "direction": "sell", "amount": 2.0}, {"trade_seq": 5888, "trade_id": "187209790", "timestamp": 1635495902476, "tick_direction": 0, "price": 0.0035, "mark_price": 0.00325014, "iv": 122.74, "instrument_name": "BTC-31DEC21-200000-C", "index_price": 60896.66, "direction": "buy", "amount": 0.5}, {"trade_seq": 5887, "trade_id": "187126607", "timestamp": 1635467566388, "tick_direction": 3, "price": 0.003, "mark_price": 0.00348284, "iv": 120.9, "instrument_name": "BTC-31DEC21-200000-C", "index_price": 60455.27, "direction": "sell", "amount": 1.5}, {"trade_seq": 5886, "trade_id": "187126606", "timestamp": 1635467566388, "tick_direction": 2, "price": 0.003, "mark_price": 0.00348284, "iv": 120.9, "instrument_name": "BTC-31DEC21-200000-C", "index_price": 60455.27, "direction": "sell", "amount": 0.5}, {"trade_seq": 5885, "trade_id": "187096887", "timestamp": 1635454498279, "tick_direction": 1, "price": 0.0035, "mark_price": 0.00357164, "iv": 121.54, "instrument_name": "BTC-31DEC21-200000-C", "index_price": 61624.76, "direction": "buy", "amount": 0.8}, {"trade_seq": 5884, "trade_id": "187096719", "timestamp": 1635454482679, "tick_direction": 1, "price": 0.0035, "mark_price": 0.00356236, "iv": 121.67, "instrument_name": "BTC-31DEC21-200000-C", "index_price": 61529.16, "direction": "buy", "amount": 1.2}, {"trade_seq": 5883, "trade_id": "187079626", "timestamp": 1635451557760, "tick_direction": 1, "price": 0.0035, "mark_price": 0.00344906, "iv": 120.77, "instrument_name": "BTC-31DEC21-200000-C", "index_price": 62172.75, "direction": "buy", "amount": 4.7}, {"trade_seq": 5882, "trade_id": "187079611", "timestamp": 1635451556839, "tick_direction": 1, "price": 0.0035, "mark_price": 0.00344906, "iv": 120.77, "instrument_name": "BTC-31DEC21-200000-C", "index_price": 62172.75, "direction": "buy", "amount": 1.2}, {"trade_seq": 5881, "trade_id": "187079279", "timestamp": 1635451550092, "tick_direction": 1, "price": 0.0035, "mark_price": 0.00341509, "iv": 120.95, "instrument_name": "BTC-31DEC21-200000-C", "index_price": 62045.81, "direction": "buy", "amount": 1.2}, {"trade_seq": 5880, "trade_id": "187071275", "timestamp": 1635450595064, "tick_direction": 1, "price": 0.0035, "mark_price": 0.00339556, "iv": 122.32, "instrument_name": "BTC-31DEC21-200000-C", "index_price": 61076.16, "direction": "buy", "amount": 1.2}, {"trade_seq": 5879, "trade_id": "187019949", "timestamp": 1635445304435, "tick_direction": 1, "price": 0.0035, "mark_price": 0.00323698, "iv": 122.32, "instrument_name": "BTC-31DEC21-200000-C", "index_price": 61127.56, "direction": "buy", "amount": 1.2}, {"trade_seq": 5878, "trade_id": "187014350", "timestamp": 1635442066574, "tick_direction": 1, "price": 0.0035, "mark_price": 0.00373996, "iv": 122.28, "instrument_name": "BTC-31DEC21-200000-C", "index_price": 61104.81, "direction": "sell", "amount": 0.5}, {"trade_seq": 5877, "trade_id": "186943558", "timestamp": 1635410296052, "tick_direction": 1, "price": 0.0035, "mark_price": 0.00324232, "iv": 124.06, "instrument_name": "BTC-31DEC21-200000-C", "index_price": 59799.89, "direction": "sell", "amount": 7.8}, {"trade_seq": 5876, "trade_id": "186943557", "timestamp": 1635410296042, "tick_direction": 1, "price": 0.0035, "mark_price": 0.00324232, "iv": 124.06, "instrument_name": "BTC-31DEC21-200000-C", "index_price": 59799.89, "direction": "sell", "amount": 19.0}, {"trade_seq": 5875, "trade_id": "186943556", "timestamp": 1635410296019, "tick_direction": 1, "price": 0.0035, "mark_price": 0.00324232, "iv": 124.06, "instrument_name": "BTC-31DEC21-200000-C", "index_price": 59799.89, "direction": "sell", "amount": 19.0}, {"trade_seq": 5874, "trade_id": "186943555", "timestamp": 1635410296015, "tick_direction": 1, "price": 0.0035, "mark_price": 0.00324232, "iv": 124.06, "instrument_name": "BTC-31DEC21-200000-C", "index_price": 59799.89, "direction": "sell", "amount": 19.0}, {"trade_seq": 5873, "trade_id": "186943554", "timestamp": 1635410296010, "tick_direction": 1, "price": 0.0035, "mark_price": 0.00324232, "iv": 124.06, "instrument_name": "BTC-31DEC21-200000-C", "index_price": 59799.89, "direction": "buy", "amount": 19.0}, {"trade_seq": 5872, "trade_id": "186932181", "timestamp": 1635406625540, "tick_direction": 1, "price": 0.0035, "mark_price": 0.00372945, "iv": 125.24, "instrument_name": "BTC-31DEC21-200000-C", "index_price": 58936.54, "direction": "sell", "amount": 2.0}, {"trade_seq": 5871, "trade_id": "186932180", "timestamp": 1635406625537, "tick_direction": 1, "price": 0.0035, "mark_price": 0.00372945, "iv": 125.24, "instrument_name": "BTC-31DEC21-200000-C", "index_price": 58936.54, "direction": "sell", "amount": 15.0}, {"trade_seq": 5870, "trade_id": "186931270", "timestamp": 1635406009368, "tick_direction": 1, "price": 0.0035, "mark_price": 0.00362441, "iv": 125.15, "instrument_name": "BTC-31DEC21-200000-C", "index_price": 58966.0, "direction": "sell", "amount": 3.0}, {"trade_seq": 5869, "trade_id": "186931085", "timestamp": 1635405782502, "tick_direction": 1, "price": 0.0035, "mark_price": 0.00345871, "iv": 125.15, "instrument_name": "BTC-31DEC21-200000-C", "index_price": 58965.88, "direction": "sell", "amount": 15.0}, {"trade_seq": 5868, "trade_id": "186931084", "timestamp": 1635405781453, "tick_direction": 1, "price": 0.0035, "mark_price": 0.00345717, "iv": 125.15, "instrument_name": "BTC-31DEC21-200000-C", "index_price": 58964.38, "direction": "sell", "amount": 15.0}, {"trade_seq": 5867, "trade_id": "186917640", "timestamp": 1635400395139, "tick_direction": 1, "price": 0.0035, "mark_price": 0.00328225, "iv": 125.03, "instrument_name": "BTC-31DEC21-200000-C", "index_price": 59041.16, "direction": "buy", "amount": 1.3}, {"trade_seq": 5866, "trade_id": "186897339", "timestamp": 1635384042935, "tick_direction": 0, "price": 0.0035, "mark_price": 0.00327852, "iv": 125.16, "instrument_name": "BTC-31DEC21-200000-C", "index_price": 58855.5, "direction": "buy", "amount": 1.3}, {"trade_seq": 5865, "trade_id": "186889897", "timestamp": 1635382347912, "tick_direction": 2, "price": 0.003, "mark_price": 0.00323437, "iv": 123.29, "instrument_name": "BTC-31DEC21-200000-C", "index_price": 58470.15, "direction": "sell", "amount": 1.2}, {"trade_seq": 5864, "trade_id": "186883701", "timestamp": 1635380015385, "tick_direction": 1, "price": 0.0035, "mark_price": 0.00330825, "iv": 125.05, "instrument_name": "BTC-31DEC21-200000-C", "index_price": 58870.52, "direction": "buy", "amount": 1.2}, {"trade_seq": 5863, "trade_id": "186862388", "timestamp": 1635371387637, "tick_direction": 1, "price": 0.0035, "mark_price": 0.0032545, "iv": 124.74, "instrument_name": "BTC-31DEC21-200000-C", "index_price": 59106.77, "direction": "buy", "amount": 1.3}, {"trade_seq": 5862, "trade_id": "186861848", "timestamp": 1635370479054, "tick_direction": 1, "price": 0.0035, "mark_price": 0.00326183, "iv": 124.89, "instrument_name": "BTC-31DEC21-200000-C", "index_price": 58972.2, "direction": "buy", "amount": 1.3}, {"trade_seq": 5861, "trade_id": "186861836", "timestamp": 1635370466723, "tick_direction": 1, "price": 0.0035, "mark_price": 0.00326013, "iv": 124.9, "instrument_name": "BTC-31DEC21-200000-C", "index_price": 58963.42, "direction": "buy", "amount": 1.6}, {"trade_seq": 5860, "trade_id": "186860676", "timestamp": 1635368654702, "tick_direction": 0, "price": 0.0035, "mark_price": 0.00324474, "iv": 124.94, "instrument_name": "BTC-31DEC21-200000-C", "index_price": 58907.97, "direction": "buy", "amount": 1.3}, {"trade_seq": 5859, "trade_id": "186856797", "timestamp": 1635367113048, "tick_direction": 3, "price": 0.003, "mark_price": 0.00332196, "iv": 122.67, "instrument_name": "BTC-31DEC21-200000-C", "index_price": 58735.8, "direction": "sell", "amount": 100.0}, {"trade_seq": 5858, "trade_id": "186856796", "timestamp": 1635367113048, "tick_direction": 3, "price": 0.003, "mark_price": 0.00332196, "iv": 122.67, "instrument_name": "BTC-31DEC21-200000-C", "index_price": 58735.8, "direction": "sell", "amount": 20.0}, {"trade_seq": 5857, "trade_id": "186856795", "timestamp": 1635367113048, "tick_direction": 3, "price": 0.003, "mark_price": 0.00332196, "iv": 122.67, "instrument_name": "BTC-31DEC21-200000-C", "index_price": 58735.8, "direction": "sell", "amount": 0.1}, {"trade_seq": 5856, "trade_id": "186856794", "timestamp": 1635367113048, "tick_direction": 3, "price": 0.003, "mark_price": 0.00332196, "iv": 122.67, "instrument_name": "BTC-31DEC21-200000-C", "index_price": 58735.8, "direction": "sell", "amount": 0.1}, {"trade_seq": 5855, "trade_id": "186856793", "timestamp": 1635367113048, "tick_direction": 3, "price": 0.003, "mark_price": 0.00332196, "iv": 122.67, "instrument_name": "BTC-31DEC21-200000-C", "index_price": 58735.8, "direction": "sell", "amount": 0.9}, {"trade_seq": 5854, "trade_id": "186856792", "timestamp": 1635367113048, "tick_direction": 2, "price": 0.003, "mark_price": 0.00332196, "iv": 122.67, "instrument_name": "BTC-31DEC21-200000-C", "index_price": 58735.8, "direction": "sell", "amount": 0.9}, {"trade_seq": 5853, "trade_id": "186818689", "timestamp": 1635351218013, "tick_direction": 3, "price": 0.0035, "mark_price": 0.00368726, "iv": 124.9, "instrument_name": "BTC-31DEC21-200000-C", "index_price": 58680.45, "direction": "sell", "amount": 23.4}, {"trade_seq": 5852, "trade_id": "186818675", "timestamp": 1635351214140, "tick_direction": 3, "price": 0.0035, "mark_price": 0.00369136, "iv": 124.89, "instrument_name": "BTC-31DEC21-200000-C", "index_price": 58680.9, "direction": "sell", "amount": 0.2}, {"trade_seq": 5851, "trade_id": "186818140", "timestamp": 1635351172572, "tick_direction": 3, "price": 0.0035, "mark_price": 0.00369993, "iv": 124.82, "instrument_name": "BTC-31DEC21-200000-C", "index_price": 58726.97, "direction": "sell", "amount": 0.2}, {"trade_seq": 5850, "trade_id": "186818136", "timestamp": 1635351170342, "tick_direction": 3, "price": 0.0035, "mark_price": 0.00370219, "iv": 124.8, "instrument_name": "BTC-31DEC21-200000-C", "index_price": 58742.32, "direction": "sell", "amount": 0.2}, {"trade_seq": 5849, "trade_id": "186818103", "timestamp": 1635351159965, "tick_direction": 3, "price": 0.0035, "mark_price": 0.00370218, "iv": 124.79, "instrument_name": "BTC-31DEC21-200000-C", "index_price": 58744.6, "direction": "sell", "amount": 0.2}, {"trade_seq": 5848, "trade_id": "186818102", "timestamp": 1635351159926, "tick_direction": 3, "price": 0.0035, "mark_price": 0.00370218, "iv": 124.79, "instrument_name": "BTC-31DEC21-200000-C", "index_price": 58744.6, "direction": "sell", "amount": 17.0}, {"trade_seq": 5847, "trade_id": "186818099", "timestamp": 1635351159861, "tick_direction": 3, "price": 0.0035, "mark_price": 0.00370218, "iv": 124.79, "instrument_name": "BTC-31DEC21-200000-C", "index_price": 58744.6, "direction": "sell", "amount": 17.0}, {"trade_seq": 5846, "trade_id": "186817939", "timestamp": 1635351149987, "tick_direction": 3, "price": 0.0035, "mark_price": 0.00371037, "iv": 124.74, "instrument_name": "BTC-31DEC21-200000-C", "index_price": 58773.34, "direction": "sell", "amount": 0.2}, {"trade_seq": 5845, "trade_id": "186815746", "timestamp": 1635350403532, "tick_direction": 3, "price": 0.0035, "mark_price": 0.00374146, "iv": 124.61, "instrument_name": "BTC-31DEC21-200000-C", "index_price": 58846.31, "direction": "sell", "amount": 26.5}, {"trade_seq": 5844, "trade_id": "186814148", "timestamp": 1635349300341, "tick_direction": 3, "price": 0.0035, "mark_price": 0.00371769, "iv": 124.57, "instrument_name": "BTC-31DEC21-200000-C", "index_price": 58890.89, "direction": "sell", "amount": 15.1}, {"trade_seq": 5843, "trade_id": "186801736", "timestamp": 1635344113620, "tick_direction": 2, "price": 0.0035, "mark_price": 0.00370749, "iv": 124.54, "instrument_name": "BTC-31DEC21-200000-C", "index_price": 58868.43, "direction": "sell", "amount": 1.1}, {"trade_seq": 5842, "trade_id": "186772846", "timestamp": 1635333517055, "tick_direction": 1, "price": 0.004, "mark_price": 0.00346181, "iv": 126.47, "instrument_name": "BTC-31DEC21-200000-C", "index_price": 59067.29, "direction": "buy", "amount": 10.0}