{"trades": [{"trade_seq": 7252, "trade_id": "238229639", "timestamp": 1671805446400, "tick_direction": 2, "price": 0.0001, "mark_price": 1.4e-07, "iv": 142.75, "instrument_name": "BTC-30DEC22-30000-C", "index_price": 16804.65, "direction": "buy", "combo_id": "BTC-CS-30DEC22-28000_30000", "block_trade_id": "59573", "amount": 14.2}, {"trade_seq": 7251, "trade_id": "238159813", "timestamp": 1671688129801, "tick_direction": 1, "price": 0.0005, "mark_price": 1.03e-06, "iv": 152.07, "instrument_name": "BTC-30DEC22-30000-C", "index_price": 16832.4, "direction": "buy", "amount": 1.0}, {"trade_seq": 7250, "trade_id": "238118508", "timestamp": 1671583498898, "tick_direction": 0, "price": 0.0005, "mark_price": 3.8e-06, "iv": 141.5, "instrument_name": "BTC-30DEC22-30000-C", "index_price": 16866.24, "direction": "buy", "amount": 0.9}, {"trade_seq": 7249, "trade_id": "238113244", "timestamp": 1671569145939, "tick_direction": 2, "price": 0.0001, "mark_price": 4.63e-06, "iv": 119.52, "instrument_name": "BTC-30DEC22-30000-C", "index_price": 16893.17, "direction": "buy", "combo_id": "BTC-CS-30DEC22-28000_30000", "block_trade_id": "59418", "amount": 24.0}, {"trade_seq": 7248, "trade_id": "237818293", "timestamp": 1671122084789, "tick_direction": 2, "price": 0.0002, "mark_price": 0.00016165, "iv": 97.58, "instrument_name": "BTC-30DEC22-30000-C", "index_price": 17399.97, "direction": "sell", "combo_id": "BTC-CS-30DEC22-30000_32000", "block_trade_id": "59021", "amount": 30.0}, {"trade_seq": 7247, "trade_id": "237769550", "timestamp": 1671055626301, "tick_direction": 3, "price": 0.0005, "mark_price": 0.00031283, "iv": 100.62, "instrument_name": "BTC-30DEC22-30000-C", "index_price": 17813.62, "direction": "buy", "amount": 0.1}, {"trade_seq": 7246, "trade_id": "237769549", "timestamp": 1671055626301, "tick_direction": 3, "price": 0.0005, "mark_price": 0.00031283, "iv": 100.62, "instrument_name": "BTC-30DEC22-30000-C", "index_price": 17813.62, "direction": "buy", "amount": 2.7}, {"trade_seq": 7245, "trade_id": "237746698", "timestamp": 1671045251186, "tick_direction": 3, "price": 0.0005, "mark_price": 0.00036089, "iv": 99.13, "instrument_name": "BTC-30DEC22-30000-C", "index_price": 17937.8, "direction": "buy", "amount": 5.0}, {"trade_seq": 7244, "trade_id": "237746697", "timestamp": 1671045251186, "tick_direction": 2, "price": 0.0005, "mark_price": 0.00036089, "iv": 99.13, "instrument_name": "BTC-30DEC22-30000-C", "index_price": 17937.8, "direction": "buy", "amount": 0.1}, {"trade_seq": 7243, "trade_id": "237666783", "timestamp": 1670951009021, "tick_direction": 0, "price": 0.001, "mark_price": 0.00085731, "iv": 105.92, "instrument_name": "BTC-30DEC22-30000-C", "index_price": 17762.47, "direction": "buy", "amount": 0.2}, {"trade_seq": 7242, "trade_id": "237624959", "timestamp": 1670928567195, "tick_direction": 3, "price": 0.0005, "mark_price": 0.00075407, "iv": 99.99, "instrument_name": "BTC-30DEC22-30000-C", "index_price": 17408.49, "direction": "sell", "amount": 9.0}, {"trade_seq": 7241, "trade_id": "237596309", "timestamp": 1670887197015, "tick_direction": 3, "price": 0.0005, "mark_price": 0.00072235, "iv": 100.7, "instrument_name": "BTC-30DEC22-30000-C", "index_price": 17174.6, "direction": "sell", "amount": 0.6}, {"trade_seq": 7240, "trade_id": "237559139", "timestamp": 1670803202060, "tick_direction": 3, "price": 0.0005, "mark_price": 0.00043753, "iv": 98.76, "instrument_name": "BTC-30DEC22-30000-C", "index_price": 17089.28, "direction": "buy", "amount": 0.1}, {"trade_seq": 7239, "trade_id": "237559138", "timestamp": 1670803202060, "tick_direction": 3, "price": 0.0005, "mark_price": 0.00043753, "iv": 98.76, "instrument_name": "BTC-30DEC22-30000-C", "index_price": 17089.28, "direction": "buy", "amount": 0.3}, {"trade_seq": 7238, "trade_id": "237550259", "timestamp": 1670778839957, "tick_direction": 3, "price": 0.0005, "mark_price": 0.00049983, "iv": 97.33, "instrument_name": "BTC-30DEC22-30000-C", "index_price": 17168.42, "direction": "buy", "amount": 0.1}, {"trade_seq": 7237, "trade_id": "237549678", "timestamp": 1670773797132, "tick_direction": 3, "price": 0.0005, "mark_price": 0.00050131, "iv": 97.29, "instrument_name": "BTC-30DEC22-30000-C", "index_price": 17154.72, "direction": "sell", "amount": 0.4}, {"trade_seq": 7236, "trade_id": "237515372", "timestamp": 1670601140548, "tick_direction": 3, "price": 0.0005, "mark_price": 0.0007156, "iv": 92.29, "instrument_name": "BTC-30DEC22-30000-C", "index_price": 17169.5, "direction": "sell", "amount": 0.5}, {"trade_seq": 7235, "trade_id": "237503174", "timestamp": 1670584092440, "tick_direction": 3, "price": 0.0005, "mark_price": 0.00071115, "iv": 91.49, "instrument_name": "BTC-30DEC22-30000-C", "index_price": 17214.22, "direction": "sell", "amount": 0.1}, {"trade_seq": 7234, "trade_id": "237502569", "timestamp": 1670582470760, "tick_direction": 3, "price": 0.0005, "mark_price": 0.00069984, "iv": 91.48, "instrument_name": "BTC-30DEC22-30000-C", "index_price": 17215.2, "direction": "sell", "amount": 1.0}, {"trade_seq": 7233, "trade_id": "237502565", "timestamp": 1670582469063, "tick_direction": 3, "price": 0.0005, "mark_price": 0.00070064, "iv": 91.48, "instrument_name": "BTC-30DEC22-30000-C", "index_price": 17215.31, "direction": "sell", "amount": 19.0}, {"trade_seq": 7232, "trade_id": "237439552", "timestamp": 1670484832634, "tick_direction": 3, "price": 0.0005, "mark_price": 0.00051957, "iv": 92.19, "instrument_name": "BTC-30DEC22-30000-C", "index_price": 16832.33, "direction": "buy", "amount": 6.1}, {"trade_seq": 7231, "trade_id": "237439197", "timestamp": 1670484047756, "tick_direction": 3, "price": 0.0005, "mark_price": 0.00058101, "iv": 92.23, "instrument_name": "BTC-30DEC22-30000-C", "index_price": 16822.61, "direction": "buy", "amount": 7.2}, {"trade_seq": 7230, "trade_id": "237405800", "timestamp": 1670405569299, "tick_direction": 3, "price": 0.0005, "mark_price": 0.0004212, "iv": 90.35, "instrument_name": "BTC-30DEC22-30000-C", "index_price": 16822.82, "direction": "sell", "amount": 10.3}, {"trade_seq": 7229, "trade_id": "237330631", "timestamp": 1670255348758, "tick_direction": 3, "price": 0.0005, "mark_price": 0.00072401, "iv": 84.97, "instrument_name": "BTC-30DEC22-30000-C", "index_price": 17083.34, "direction": "sell", "amount": 2.0}, {"trade_seq": 7228, "trade_id": "237321694", "timestamp": 1670250225628, "tick_direction": 3, "price": 0.0005, "mark_price": 0.00071361, "iv": 83.98, "instrument_name": "BTC-30DEC22-30000-C", "index_price": 17214.98, "direction": "sell", "amount": 0.2}, {"trade_seq": 7227, "trade_id": "237317876", "timestamp": 1670244181322, "tick_direction": 3, "price": 0.0005, "mark_price": 0.00071238, "iv": 83.61, "instrument_name": "BTC-30DEC22-30000-C", "index_price": 17250.77, "direction": "sell", "amount": 3.0}, {"trade_seq": 7226, "trade_id": "237248733", "timestamp": 1670165765303, "tick_direction": 3, "price": 0.0005, "mark_price": 0.00053906, "iv": 83.95, "instrument_name": "BTC-30DEC22-30000-C", "index_price": 17009.5, "direction": "buy", "amount": 0.1}, {"trade_seq": 7225, "trade_id": "237183545", "timestamp": 1670017413845, "tick_direction": 3, "price": 0.0005, "mark_price": 0.00071456, "iv": 81.27, "instrument_name": "BTC-30DEC22-30000-C", "index_price": 17001.52, "direction": "sell", "amount": 4.0}, {"trade_seq": 7224, "trade_id": "237183544", "timestamp": 1670017413845, "tick_direction": 3, "price": 0.0005, "mark_price": 0.00071456, "iv": 81.27, "instrument_name": "BTC-30DEC22-30000-C", "index_price": 17001.52, "direction": "sell", "amount": 0.5}, {"trade_seq": 7223, "trade_id": "237177317", "timestamp": 1670007372932, "tick_direction": 3, "price": 0.0005, "mark_price": 0.0007185, "iv": 81.42, "instrument_name": "BTC-30DEC22-30000-C", "index_price": 16957.57, "direction": "sell", "amount": 0.5}, {"trade_seq": 7222, "trade_id": "237176511", "timestamp": 1670005158540, "tick_direction": 3, "price": 0.0005, "mark_price": 0.00072131, "iv": 81.43, "instrument_name": "BTC-30DEC22-30000-C", "index_price": 16948.92, "direction": "sell", "amount": 0.2}, {"trade_seq": 7221, "trade_id": "237168363", "timestamp": 1669992851908, "tick_direction": 3, "price": 0.0005, "mark_price": 0.00071119, "iv": 81.58, "instrument_name": "BTC-30DEC22-30000-C", "index_price": 16907.61, "direction": "sell", "amount": 0.1}, {"trade_seq": 7220, "trade_id": "237168360", "timestamp": 1669992830211, "tick_direction": 2, "price": 0.0005, "mark_price": 0.00071103, "iv": 81.57, "instrument_name": "BTC-30DEC22-30000-C", "index_price": 16907.51, "direction": "sell", "amount": 0.1}, {"trade_seq": 7219, "trade_id": "237168263", "timestamp": 1669992729272, "tick_direction": 1, "price": 0.001, "mark_price": 0.00070688, "iv": 88.53, "instrument_name": "BTC-30DEC22-30000-C", "index_price": 16906.35, "direction": "buy", "amount": 0.1}, {"trade_seq": 7218, "trade_id": "237168258", "timestamp": 1669992727678, "tick_direction": 0, "price": 0.001, "mark_price": 0.00070676, "iv": 88.54, "instrument_name": "BTC-30DEC22-30000-C", "index_price": 16906.38, "direction": "buy", "amount": 0.1}, {"trade_seq": 7217, "trade_id": "237142552", "timestamp": 1669970768343, "tick_direction": 2, "price": 0.0005, "mark_price": 0.00072249, "iv": 80.8, "instrument_name": "BTC-30DEC22-30000-C", "index_price": 16967.23, "direction": "sell", "amount": 0.1}, {"trade_seq": 7216, "trade_id": "237020106", "timestamp": 1669841488936, "tick_direction": 2, "price": 0.0008, "mark_price": 0.00090113, "iv": 82.57, "instrument_name": "BTC-30DEC22-30000-C", "index_price": 17034.49, "direction": "sell", "combo_id": "BTC-CS-30DEC22-30000_35000", "block_trade_id": "57844", "amount": 15.0}, {"trade_seq": 7215, "trade_id": "237005647", "timestamp": 1669835520717, "tick_direction": 1, "price": 0.001, "mark_price": 0.00081648, "iv": 84.73, "instrument_name": "BTC-30DEC22-30000-C", "index_price": 17033.05, "direction": "buy", "amount": 1.9}, {"trade_seq": 7214, "trade_id": "237005646", "timestamp": 1669835520717, "tick_direction": 1, "price": 0.001, "mark_price": 0.00081648, "iv": 84.73, "instrument_name": "BTC-30DEC22-30000-C", "index_price": 17033.05, "direction": "buy", "amount": 0.3}, {"trade_seq": 7213, "trade_id": "237005645", "timestamp": 1669835520717, "tick_direction": 0, "price": 0.001, "mark_price": 0.00081648, "iv": 84.73, "instrument_name": "BTC-30DEC22-30000-C", "index_price": 17033.05, "direction": "buy", "amount": 0.1}, {"trade_seq": 7212, "trade_id": "236935014", "timestamp": 1669750730796, "tick_direction": 3, "price": 0.0005, "mark_price": 0.00058493, "iv": 81.22, "instrument_name": "BTC-30DEC22-30000-C", "index_price": 16419.77, "direction": "sell", "amount": 1.0}, {"trade_seq": 7211, "trade_id": "236935013", "timestamp": 1669750730796, "tick_direction": 3, "price": 0.0005, "mark_price": 0.00058493, "iv": 81.22, "instrument_name": "BTC-30DEC22-30000-C", "index_price": 16419.77, "direction": "sell", "amount": 0.2}, {"trade_seq": 7210, "trade_id": "236927236", "timestamp": 1669740560988, "tick_direction": 3, "price": 0.0005, "mark_price": 0.00061861, "iv": 81.13, "instrument_name": "BTC-30DEC22-30000-C", "index_price": 16403.32, "direction": "sell", "amount": 0.1}, {"trade_seq": 7209, "trade_id": "236925980", "timestamp": 1669738930721, "tick_direction": 3, "price": 0.0005, "mark_price": 0.00071457, "iv": 81.49, "instrument_name": "BTC-30DEC22-30000-C", "index_price": 16352.07, "direction": "sell", "amount": 0.7}, {"trade_seq": 7208, "trade_id": "236925979", "timestamp": 1669738930721, "tick_direction": 3, "price": 0.0005, "mark_price": 0.00071457, "iv": 81.49, "instrument_name": "BTC-30DEC22-30000-C", "index_price": 16352.07, "direction": "sell", "amount": 0.3}, {"trade_seq": 7207, "trade_id": "236914570", "timestamp": 1669727608019, "tick_direction": 3, "price": 0.0005, "mark_price": 0.00071263, "iv": 80.5, "instrument_name": "BTC-30DEC22-30000-C", "index_price": 16465.4, "direction": "sell", "amount": 1.0}, {"trade_seq": 7206, "trade_id": "236901790", "timestamp": 1669708761368, "tick_direction": 3, "price": 0.0005, "mark_price": 0.00088336, "iv": 80.22, "instrument_name": "BTC-30DEC22-30000-C", "index_price": 16454.85, "direction": "sell", "amount": 0.1}, {"trade_seq": 7205, "trade_id": "236901789", "timestamp": 1669708761368, "tick_direction": 3, "price": 0.0005, "mark_price": 0.00088336, "iv": 80.22, "instrument_name": "BTC-30DEC22-30000-C", "index_price": 16454.85, "direction": "sell", "amount": 0.2}, {"trade_seq": 7204, "trade_id": "236836186", "timestamp": 1669632090720, "tick_direction": 2, "price": 0.0005, "mark_price": 0.00071788, "iv": 81.3, "instrument_name": "BTC-30DEC22-30000-C", "index_price": 16200.78, "direction": "sell", "amount": 0.1}, {"trade_seq": 7203, "trade_id": "236802390", "timestamp": 1669574548899, "tick_direction": 3, "price": 0.001, "mark_price": 0.0007348, "iv": 84.33, "instrument_name": "BTC-30DEC22-30000-C", "index_price": 16551.6, "direction": "buy", "amount": 0.4}, {"trade_seq": 7202, "trade_id": "236802389", "timestamp": 1669574542287, "tick_direction": 3, "price": 0.001, "mark_price": 0.00073508, "iv": 84.33, "instrument_name": "BTC-30DEC22-30000-C", "index_price": 16551.61, "direction": "buy", "amount": 0.5}, {"trade_seq": 7201, "trade_id": "236802388", "timestamp": 1669574513213, "tick_direction": 3, "price": 0.001, "mark_price": 0.00073612, "iv": 84.33, "instrument_name": "BTC-30DEC22-30000-C", "index_price": 16551.35, "direction": "buy", "amount": 2.0}, {"trade_seq": 7200, "trade_id": "236802387", "timestamp": 1669574511136, "tick_direction": 3, "price": 0.001, "mark_price": 0.00073621, "iv": 84.33, "instrument_name": "BTC-30DEC22-30000-C", "index_price": 16551.24, "direction": "buy", "amount": 2.0}, {"trade_seq": 7199, "trade_id": "236802386", "timestamp": 1669574508930, "tick_direction": 3, "price": 0.001, "mark_price": 0.00073629, "iv": 84.33, "instrument_name": "BTC-30DEC22-30000-C", "index_price": 16551.25, "direction": "buy", "amount": 2.0}, {"trade_seq": 7198, "trade_id": "236802385", "timestamp": 1669574501845, "tick_direction": 3, "price": 0.001, "mark_price": 0.00073706, "iv": 84.32, "instrument_name": "BTC-30DEC22-30000-C", "index_price": 16551.22, "direction": "buy", "amount": 2.0}, {"trade_seq": 7197, "trade_id": "236799876", "timestamp": 1669563934538, "tick_direction": 3, "price": 0.001, "mark_price": 0.00090701, "iv": 84.13, "instrument_name": "BTC-30DEC22-30000-C", "index_price": 16554.43, "direction": "sell", "amount": 0.8}, {"trade_seq": 7196, "trade_id": "236763723", "timestamp": 1669449515383, "tick_direction": 3, "price": 0.001, "mark_price": 0.00081842, "iv": 82.58, "instrument_name": "BTC-30DEC22-30000-C", "index_price": 16577.32, "direction": "buy", "amount": 1.0}, {"trade_seq": 7195, "trade_id": "236749495", "timestamp": 1669417560156, "tick_direction": 3, "price": 0.001, "mark_price": 0.00108046, "iv": 82.43, "instrument_name": "BTC-30DEC22-30000-C", "index_price": 16516.97, "direction": "sell", "amount": 0.2}, {"trade_seq": 7194, "trade_id": "236749494", "timestamp": 1669417560156, "tick_direction": 3, "price": 0.001, "mark_price": 0.00108046, "iv": 82.43, "instrument_name": "BTC-30DEC22-30000-C", "index_price": 16516.97, "direction": "sell", "amount": 0.8}, {"trade_seq": 7193, "trade_id": "236667941", "timestamp": 1669272693778, "tick_direction": 2, "price": 0.001, "mark_price": 0.00115628, "iv": 79.85, "instrument_name": "BTC-30DEC22-30000-C", "index_price": 16675.51, "direction": "sell", "amount": 0.2}, {"trade_seq": 7192, "trade_id": "236639445", "timestamp": 1669229604060, "tick_direction": 3, "price": 0.0015, "mark_price": 0.00123603, "iv": 85.13, "instrument_name": "BTC-30DEC22-30000-C", "index_price": 16446.94, "direction": "buy", "amount": 15.0}, {"trade_seq": 7191, "trade_id": "236612508", "timestamp": 1669192049193, "tick_direction": 2, "price": 0.0015, "mark_price": 0.00122317, "iv": 84.24, "instrument_name": "BTC-30DEC22-30000-C", "index_price": 16498.43, "direction": "buy", "amount": 1.0}, {"trade_seq": 7190, "trade_id": "236553972", "timestamp": 1669125323085, "tick_direction": 0, "price": 0.002, "mark_price": 0.00158731, "iv": 89.39, "instrument_name": "BTC-30DEC22-30000-C", "index_price": 16151.76, "direction": "buy", "amount": 2.0}, {"trade_seq": 7189, "trade_id": "236534869", "timestamp": 1669103633894, "tick_direction": 1, "price": 0.0015, "mark_price": 0.00156337, "iv": 88.73, "instrument_name": "BTC-30DEC22-30000-C", "index_price": 15717.06, "direction": "sell", "amount": 1.0}, {"trade_seq": 7188, "trade_id": "236521870", "timestamp": 1669083066621, "tick_direction": 1, "price": 0.0015, "mark_price": 0.00188766, "iv": 88.02, "instrument_name": "BTC-30DEC22-30000-C", "index_price": 15773.93, "direction": "sell", "amount": 4.7}, {"trade_seq": 7187, "trade_id": "236521854", "timestamp": 1669083031386, "tick_direction": 1, "price": 0.0015, "mark_price": 0.00191075, "iv": 88.02, "instrument_name": "BTC-30DEC22-30000-C", "index_price": 15774.51, "direction": "buy", "amount": 0.6}, {"trade_seq": 7186, "trade_id": "236521853", "timestamp": 1669083031381, "tick_direction": 1, "price": 0.0015, "mark_price": 0.00191075, "iv": 88.02, "instrument_name": "BTC-30DEC22-30000-C", "index_price": 15774.51, "direction": "sell", "amount": 5.2}, {"trade_seq": 7185, "trade_id": "236403681", "timestamp": 1668986261346, "tick_direction": 3, "price": 0.001, "mark_price": 0.0012433, "iv": 79.41, "instrument_name": "BTC-30DEC22-30000-C", "index_price": 16257.2, "direction": "sell", "amount": 4.7}, {"trade_seq": 7184, "trade_id": "236403680", "timestamp": 1668986261346, "tick_direction": 3, "price": 0.001, "mark_price": 0.0012433, "iv": 79.41, "instrument_name": "BTC-30DEC22-30000-C", "index_price": 16257.2, "direction": "sell", "amount": 10.0}, {"trade_seq": 7183, "trade_id": "236403679", "timestamp": 1668986261346, "tick_direction": 3, "price": 0.001, "mark_price": 0.0012433, "iv": 79.41, "instrument_name": "BTC-30DEC22-30000-C", "index_price": 16257.2, "direction": "sell", "amount": 0.1}, {"trade_seq": 7182, "trade_id": "236403678", "timestamp": 1668986261346, "tick_direction": 3, "price": 0.001, "mark_price": 0.0012433, "iv": 79.41, "instrument_name": "BTC-30DEC22-30000-C", "index_price": 16257.2, "direction": "sell", "amount": 9.8}, {"trade_seq": 7181, "trade_id": "236400819", "timestamp": 1668984058506, "tick_direction": 2, "price": 0.001, "mark_price": 0.00121027, "iv": 79.44, "instrument_name": "BTC-30DEC22-30000-C", "index_price": 16259.85, "direction": "sell", "amount": 20.0}, {"trade_seq": 7180, "trade_id": "236397120", "timestamp": 1668981407848, "tick_direction": 1, "price": 0.0015, "mark_price": 0.00118828, "iv": 83.55, "instrument_name": "BTC-30DEC22-30000-C", "index_price": 16262.42, "direction": "buy", "amount": 2.5}, {"trade_seq": 7179, "trade_id": "236397119", "timestamp": 1668981407848, "tick_direction": 0, "price": 0.0015, "mark_price": 0.00118828, "iv": 83.55, "instrument_name": "BTC-30DEC22-30000-C", "index_price": 16262.42, "direction": "buy", "amount": 0.5}, {"trade_seq": 7178, "trade_id": "236395379", "timestamp": 1668980996129, "tick_direction": 2, "price": 0.001, "mark_price": 0.00115902, "iv": 78.92, "instrument_name": "BTC-30DEC22-30000-C", "index_price": 16329.13, "direction": "sell", "amount": 0.1}, {"trade_seq": 7177, "trade_id": "236371678", "timestamp": 1668931981349, "tick_direction": 1, "price": 0.0015, "mark_price": 0.00122935, "iv": 79.92, "instrument_name": "BTC-30DEC22-30000-C", "index_price": 16694.74, "direction": "buy", "amount": 1.8}, {"trade_seq": 7176, "trade_id": "236371677", "timestamp": 1668931981349, "tick_direction": 0, "price": 0.0015, "mark_price": 0.00122935, "iv": 79.92, "instrument_name": "BTC-30DEC22-30000-C", "index_price": 16694.74, "direction": "buy", "amount": 0.9}, {"trade_seq": 7175, "trade_id": "236366925", "timestamp": 1668913171260, "tick_direction": 2, "price": 0.001, "mark_price": 0.00130377, "iv": 75.92, "instrument_name": "BTC-30DEC22-30000-C", "index_price": 16667.3, "direction": "sell", "amount": 0.1}, {"trade_seq": 7174, "trade_id": "236357628", "timestamp": 1668887931387, "tick_direction": 2, "price": 0.0015, "mark_price": 0.00123772, "iv": 80.09, "instrument_name": "BTC-30DEC22-30000-C", "index_price": 16611.16, "direction": "buy", "amount": 0.1}, {"trade_seq": 7173, "trade_id": "236303713", "timestamp": 1668762075697, "tick_direction": 0, "price": 0.0025, "mark_price": 0.00181894, "iv": 83.66, "instrument_name": "BTC-30DEC22-30000-C", "index_price": 16725.25, "direction": "buy", "amount": 0.5}, {"trade_seq": 7172, "trade_id": "236291951", "timestamp": 1668755949148, "tick_direction": 3, "price": 0.0015, "mark_price": 0.00175129, "iv": 77.57, "instrument_name": "BTC-30DEC22-30000-C", "index_price": 16767.87, "direction": "sell", "amount": 7.0}, {"trade_seq": 7171, "trade_id": "236291950", "timestamp": 1668755949148, "tick_direction": 2, "price": 0.0015, "mark_price": 0.00175129, "iv": 77.57, "instrument_name": "BTC-30DEC22-30000-C", "index_price": 16767.87, "direction": "sell", "amount": 1.0}, {"trade_seq": 7170, "trade_id": "236287335", "timestamp": 1668745826467, "tick_direction": 3, "price": 0.002, "mark_price": 0.0017141, "iv": 80.68, "instrument_name": "BTC-30DEC22-30000-C", "index_price": 16774.26, "direction": "buy", "amount": 8.0}, {"trade_seq": 7169, "trade_id": "236266587", "timestamp": 1668725871697, "tick_direction": 3, "price": 0.002, "mark_price": 0.00221831, "iv": 80.84, "instrument_name": "BTC-30DEC22-30000-C", "index_price": 16707.55, "direction": "buy", "amount": 4.8}, {"trade_seq": 7168, "trade_id": "236266586", "timestamp": 1668725870999, "tick_direction": 3, "price": 0.002, "mark_price": 0.00221898, "iv": 80.84, "instrument_name": "BTC-30DEC22-30000-C", "index_price": 16707.81, "direction": "sell", "amount": 6.1}, {"trade_seq": 7167, "trade_id": "236137342", "timestamp": 1668604163017, "tick_direction": 1, "price": 0.0035, "mark_price": 0.00226702, "iv": 87.51, "instrument_name": "BTC-30DEC22-30000-C", "index_price": 16551.59, "direction": "buy", "amount": 20.5}, {"trade_seq": 7166, "trade_id": "236137341", "timestamp": 1668604163017, "tick_direction": 1, "price": 0.0035, "mark_price": 0.00226702, "iv": 87.51, "instrument_name": "BTC-30DEC22-30000-C", "index_price": 16551.59, "direction": "buy", "amount": 1.8}, {"trade_seq": 7165, "trade_id": "236137340", "timestamp": 1668604163017, "tick_direction": 1, "price": 0.0035, "mark_price": 0.00226702, "iv": 87.51, "instrument_name": "BTC-30DEC22-30000-C", "index_price": 16551.59, "direction": "buy", "amount": 11.7}, {"trade_seq": 7164, "trade_id": "236137339", "timestamp": 1668604163017, "tick_direction": 0, "price": 0.0035, "mark_price": 0.00226702, "iv": 87.51, "instrument_name": "BTC-30DEC22-30000-C", "index_price": 16551.59, "direction": "buy", "amount": 1.0}, {"trade_seq": 7163, "trade_id": "236112393", "timestamp": 1668587233723, "tick_direction": 0, "price": 0.0025, "mark_price": 0.00244157, "iv": 81.43, "instrument_name": "BTC-30DEC22-30000-C", "index_price": 16786.03, "direction": "buy", "amount": 2.0}, {"trade_seq": 7162, "trade_id": "236108557", "timestamp": 1668585699506, "tick_direction": 3, "price": 0.002, "mark_price": 0.00240811, "iv": 78.77, "instrument_name": "BTC-30DEC22-30000-C", "index_price": 16795.02, "direction": "sell", "amount": 0.1}, {"trade_seq": 7161, "trade_id": "236108519", "timestamp": 1668585695096, "tick_direction": 2, "price": 0.002, "mark_price": 0.00239486, "iv": 78.83, "instrument_name": "BTC-30DEC22-30000-C", "index_price": 16785.06, "direction": "sell", "amount": 0.1}, {"trade_seq": 7160, "trade_id": "236105597", "timestamp": 1668584212532, "tick_direction": 0, "price": 0.003, "mark_price": 0.00248501, "iv": 83.31, "instrument_name": "BTC-30DEC22-30000-C", "index_price": 16839.72, "direction": "buy", "amount": 2.0}, {"trade_seq": 7159, "trade_id": "236103250", "timestamp": 1668581618141, "tick_direction": 3, "price": 0.002, "mark_price": 0.00248594, "iv": 78.39, "instrument_name": "BTC-30DEC22-30000-C", "index_price": 16853.65, "direction": "sell", "amount": 0.1}, {"trade_seq": 7158, "trade_id": "236103245", "timestamp": 1668581609417, "tick_direction": 3, "price": 0.002, "mark_price": 0.00248337, "iv": 78.41, "instrument_name": "BTC-30DEC22-30000-C", "index_price": 16849.62, "direction": "sell", "amount": 0.1}, {"trade_seq": 7157, "trade_id": "236103239", "timestamp": 1668581593378, "tick_direction": 3, "price": 0.002, "mark_price": 0.00248216, "iv": 78.42, "instrument_name": "BTC-30DEC22-30000-C", "index_price": 16847.49, "direction": "sell", "amount": 0.1}, {"trade_seq": 7156, "trade_id": "236103238", "timestamp": 1668581589088, "tick_direction": 3, "price": 0.002, "mark_price": 0.00248144, "iv": 78.42, "instrument_name": "BTC-30DEC22-30000-C", "index_price": 16847.81, "direction": "sell", "amount": 0.1}, {"trade_seq": 7155, "trade_id": "236103237", "timestamp": 1668581584520, "tick_direction": 3, "price": 0.002, "mark_price": 0.00248069, "iv": 78.42, "instrument_name": "BTC-30DEC22-30000-C", "index_price": 16847.12, "direction": "sell", "amount": 0.1}, {"trade_seq": 7154, "trade_id": "236103234", "timestamp": 1668581566208, "tick_direction": 2, "price": 0.002, "mark_price": 0.00248257, "iv": 78.42, "instrument_name": "BTC-30DEC22-30000-C", "index_price": 16849.1, "direction": "sell", "amount": 0.1}, {"trade_seq": 7153, "trade_id": "236086275", "timestamp": 1668550511000, "tick_direction": 1, "price": 0.003, "mark_price": 0.00326645, "iv": 82.61, "instrument_name": "BTC-30DEC22-30000-C", "index_price": 16883.34, "direction": "sell", "amount": 5.9}, {"trade_seq": 7152, "trade_id": "236082652", "timestamp": 1668546834737, "tick_direction": 0, "price": 0.003, "mark_price": 0.00293292, "iv": 83.29, "instrument_name": "BTC-30DEC22-30000-C", "index_price": 16774.16, "direction": "buy", "amount": 0.1}, {"trade_seq": 7151, "trade_id": "236046300", "timestamp": 1668525206904, "tick_direction": 3, "price": 0.0025, "mark_price": 0.00292419, "iv": 80.23, "instrument_name": "BTC-30DEC22-30000-C", "index_price": 16880.72, "direction": "sell", "amount": 2.0}, {"trade_seq": 7150, "trade_id": "235953031", "timestamp": 1668461330369, "tick_direction": 2, "price": 0.0025, "mark_price": 0.00300046, "iv": 83.25, "instrument_name": "BTC-30DEC22-30000-C", "index_price": 16327.71, "direction": "sell", "amount": 0.1}, {"trade_seq": 7149, "trade_id": "235924992", "timestamp": 1668448972020, "tick_direction": 2, "price": 0.003, "mark_price": 0.00332846, "iv": 84.03, "instrument_name": "BTC-30DEC22-30000-C", "index_price": 16554.93, "direction": "sell", "amount": 5.0}, {"trade_seq": 7148, "trade_id": "235904088", "timestamp": 1668441481075, "tick_direction": 0, "price": 0.0035, "mark_price": 0.0031479, "iv": 85.78, "instrument_name": "BTC-30DEC22-30000-C", "index_price": 16566.72, "direction": "buy", "block_trade_id": "56128", "amount": 44.7}, {"trade_seq": 7147, "trade_id": "235863485", "timestamp": 1668432454811, "tick_direction": 2, "price": 0.003, "mark_price": 0.00298028, "iv": 80.06, "instrument_name": "BTC-30DEC22-30000-C", "index_price": 17066.43, "direction": "buy", "amount": 6.8}, {"trade_seq": 7146, "trade_id": "235856943", "timestamp": 1668431681585, "tick_direction": 1, "price": 0.0035, "mark_price": 0.00318418, "iv": 82.24, "instrument_name": "BTC-30DEC22-30000-C", "index_price": 17045.64, "direction": "buy", "amount": 17.0}, {"trade_seq": 7145, "trade_id": "235789566", "timestamp": 1668408910178, "tick_direction": 0, "price": 0.0035, "mark_price": 0.00293614, "iv": 86.41, "instrument_name": "BTC-30DEC22-30000-C", "index_price": 16435.41, "direction": "buy", "amount": 0.2}, {"trade_seq": 7144, "trade_id": "235768402", "timestamp": 1668401472551, "tick_direction": 1, "price": 0.003, "mark_price": 0.00245328, "iv": 87.95, "instrument_name": "BTC-30DEC22-30000-C", "index_price": 15909.0, "direction": "sell", "amount": 1.5}, {"trade_seq": 7143, "trade_id": "235768401", "timestamp": 1668401471883, "tick_direction": 1, "price": 0.003, "mark_price": 0.00245186, "iv": 87.96, "instrument_name": "BTC-30DEC22-30000-C", "index_price": 15908.73, "direction": "buy", "amount": 5.8}, {"trade_seq": 7142, "trade_id": "235768400", "timestamp": 1668401471883, "tick_direction": 0, "price": 0.003, "mark_price": 0.00245186, "iv": 87.96, "instrument_name": "BTC-30DEC22-30000-C", "index_price": 15908.73, "direction": "buy", "amount": 2.7}, {"trade_seq": 7141, "trade_id": "235746382", "timestamp": 1668388903005, "tick_direction": 2, "price": 0.0025, "mark_price": 0.00272185, "iv": 83.37, "instrument_name": "BTC-30DEC22-30000-C", "index_price": 16203.66, "direction": "sell", "amount": 2.0}, {"trade_seq": 7140, "trade_id": "235730187", "timestamp": 1668376349991, "tick_direction": 1, "price": 0.003, "mark_price": 0.0026711, "iv": 84.23, "instrument_name": "BTC-30DEC22-30000-C", "index_price": 16384.9, "direction": "buy", "amount": 0.8}, {"trade_seq": 7139, "trade_id": "235721054", "timestamp": 1668370297227, "tick_direction": 1, "price": 0.003, "mark_price": 0.00296914, "iv": 83.19, "instrument_name": "BTC-30DEC22-30000-C", "index_price": 16529.58, "direction": "buy", "amount": 10.5}, {"trade_seq": 7138, "trade_id": "235721053", "timestamp": 1668370297226, "tick_direction": 1, "price": 0.003, "mark_price": 0.00296914, "iv": 83.19, "instrument_name": "BTC-30DEC22-30000-C", "index_price": 16529.58, "direction": "buy", "amount": 16.0}, {"trade_seq": 7137, "trade_id": "235707170", "timestamp": 1668351820965, "tick_direction": 1, "price": 0.003, "mark_price": 0.00297362, "iv": 82.38, "instrument_name": "BTC-30DEC22-30000-C", "index_price": 16619.58, "direction": "buy", "amount": 4.0}, {"trade_seq": 7136, "trade_id": "235707160", "timestamp": 1668351766416, "tick_direction": 1, "price": 0.003, "mark_price": 0.00297655, "iv": 82.37, "instrument_name": "BTC-30DEC22-30000-C", "index_price": 16621.92, "direction": "buy", "amount": 1.0}, {"trade_seq": 7135, "trade_id": "235707159", "timestamp": 1668351766413, "tick_direction": 0, "price": 0.003, "mark_price": 0.00297655, "iv": 82.37, "instrument_name": "BTC-30DEC22-30000-C", "index_price": 16621.92, "direction": "sell", "amount": 1.0}, {"trade_seq": 7134, "trade_id": "235701321", "timestamp": 1668345915714, "tick_direction": 2, "price": 0.0027, "mark_price": 0.00297226, "iv": 81.06, "instrument_name": "BTC-30DEC22-30000-C", "index_price": 16599.94, "direction": "sell", "combo_id": "BTC-CS-30DEC22-30000_36000", "block_trade_id": "56007", "amount": 350.0}, {"trade_seq": 7133, "trade_id": "235700967", "timestamp": 1668345604455, "tick_direction": 2, "price": 0.003, "mark_price": 0.00299125, "iv": 82.31, "instrument_name": "BTC-30DEC22-30000-C", "index_price": 16601.87, "direction": "buy", "amount": 0.1}, {"trade_seq": 7132, "trade_id": "235700700", "timestamp": 1668345313147, "tick_direction": 0, "price": 0.0031, "mark_price": 0.00297625, "iv": 82.82, "instrument_name": "BTC-30DEC22-30000-C", "index_price": 16587.91, "direction": "sell", "combo_id": "BTC-CS-30DEC22-30000_36000", "block_trade_id": "56005", "amount": 50.0}, {"trade_seq": 7131, "trade_id": "235675338", "timestamp": 1668321803343, "tick_direction": 3, "price": 0.003, "mark_price": 0.00346799, "iv": 80.93, "instrument_name": "BTC-30DEC22-30000-C", "index_price": 16779.55, "direction": "buy", "amount": 7.7}, {"trade_seq": 7130, "trade_id": "235675337", "timestamp": 1668321803341, "tick_direction": 3, "price": 0.003, "mark_price": 0.00346799, "iv": 80.93, "instrument_name": "BTC-30DEC22-30000-C", "index_price": 16779.55, "direction": "sell", "amount": 6.0}, {"trade_seq": 7129, "trade_id": "235675336", "timestamp": 1668321803341, "tick_direction": 2, "price": 0.003, "mark_price": 0.00346799, "iv": 80.93, "instrument_name": "BTC-30DEC22-30000-C", "index_price": 16779.55, "direction": "sell", "amount": 4.2}, {"trade_seq": 7128, "trade_id": "235675293", "timestamp": 1668321731292, "tick_direction": 3, "price": 0.0035, "mark_price": 0.00346857, "iv": 82.95, "instrument_name": "BTC-30DEC22-30000-C", "index_price": 16772.37, "direction": "sell", "amount": 0.1}, {"trade_seq": 7127, "trade_id": "235661525", "timestamp": 1668285096688, "tick_direction": 3, "price": 0.0035, "mark_price": 0.00353208, "iv": 82.53, "instrument_name": "BTC-30DEC22-30000-C", "index_price": 16805.28, "direction": "sell", "amount": 1.0}, {"trade_seq": 7126, "trade_id": "235655103", "timestamp": 1668273343746, "tick_direction": 2, "price": 0.0035, "mark_price": 0.00375234, "iv": 81.76, "instrument_name": "BTC-30DEC22-30000-C", "index_price": 16856.43, "direction": "sell", "amount": 1.0}, {"trade_seq": 7125, "trade_id": "235628389", "timestamp": 1668248236113, "tick_direction": 2, "price": 0.004, "mark_price": 0.00415467, "iv": 84.02, "instrument_name": "BTC-30DEC22-30000-C", "index_price": 16884.18, "direction": "buy", "amount": 0.1}, {"trade_seq": 7124, "trade_id": "235610344", "timestamp": 1668233855510, "tick_direction": 0, "price": 0.0045, "mark_price": 0.00449416, "iv": 87.0, "instrument_name": "BTC-30DEC22-30000-C", "index_price": 16703.99, "direction": "buy", "amount": 1.0}, {"trade_seq": 7123, "trade_id": "235587586", "timestamp": 1668215404866, "tick_direction": 3, "price": 0.004, "mark_price": 0.00416313, "iv": 83.95, "instrument_name": "BTC-30DEC22-30000-C", "index_price": 16808.07, "direction": "buy", "amount": 0.2}, {"trade_seq": 7122, "trade_id": "235575349", "timestamp": 1668206834102, "tick_direction": 2, "price": 0.004, "mark_price": 0.00473666, "iv": 83.63, "instrument_name": "BTC-30DEC22-30000-C", "index_price": 16849.81, "direction": "sell", "amount": 10.0}, {"trade_seq": 7121, "trade_id": "235573031", "timestamp": 1668205883164, "tick_direction": 3, "price": 0.005, "mark_price": 0.00530169, "iv": 86.88, "instrument_name": "BTC-30DEC22-30000-C", "index_price": 16851.36, "direction": "sell", "amount": 4.0}, {"trade_seq": 7120, "trade_id": "235572989", "timestamp": 1668205832796, "tick_direction": 3, "price": 0.005, "mark_price": 0.00530835, "iv": 86.88, "instrument_name": "BTC-30DEC22-30000-C", "index_price": 16853.37, "direction": "sell", "amount": 21.0}, {"trade_seq": 7119, "trade_id": "235572901", "timestamp": 1668205798859, "tick_direction": 2, "price": 0.005, "mark_price": 0.00531352, "iv": 86.88, "instrument_name": "BTC-30DEC22-30000-C", "index_price": 16850.12, "direction": "sell", "amount": 25.0}, {"trade_seq": 7118, "trade_id": "235568348", "timestamp": 1668204416281, "tick_direction": 1, "price": 0.0055, "mark_price": 0.0052567, "iv": 88.71, "instrument_name": "BTC-30DEC22-30000-C", "index_price": 16781.08, "direction": "sell", "amount": 22.5}, {"trade_seq": 7117, "trade_id": "235568347", "timestamp": 1668204416273, "tick_direction": 1, "price": 0.0055, "mark_price": 0.0052567, "iv": 88.71, "instrument_name": "BTC-30DEC22-30000-C", "index_price": 16781.08, "direction": "buy", "amount": 21.0}, {"trade_seq": 7116, "trade_id": "235568346", "timestamp": 1668204416273, "tick_direction": 1, "price": 0.0055, "mark_price": 0.0052567, "iv": 88.71, "instrument_name": "BTC-30DEC22-30000-C", "index_price": 16781.08, "direction": "buy", "amount": 6.5}, {"trade_seq": 7115, "trade_id": "235557392", "timestamp": 1668199629389, "tick_direction": 0, "price": 0.0055, "mark_price": 0.00534195, "iv": 89.51, "instrument_name": "BTC-30DEC22-30000-C", "index_price": 16635.3, "direction": "buy", "amount": 1.0}, {"trade_seq": 7114, "trade_id": "235555329", "timestamp": 1668199038757, "tick_direction": 0, "price": 0.005, "mark_price": 0.00475291, "iv": 87.89, "instrument_name": "BTC-30DEC22-30000-C", "index_price": 16665.85, "direction": "buy", "amount": 10.0}, {"trade_seq": 7113, "trade_id": "235552478", "timestamp": 1668197800609, "tick_direction": 0, "price": 0.0045, "mark_price": 0.00459274, "iv": 86.27, "instrument_name": "BTC-30DEC22-30000-C", "index_price": 16652.79, "direction": "sell", "amount": 100.0}, {"trade_seq": 7112, "trade_id": "235522726", "timestamp": 1668187204527, "tick_direction": 1, "price": 0.0035, "mark_price": 0.00298292, "iv": 81.43, "instrument_name": "BTC-30DEC22-30000-C", "index_price": 16815.88, "direction": "buy", "amount": 2.8}, {"trade_seq": 7111, "trade_id": "235522725", "timestamp": 1668187204527, "tick_direction": 0, "price": 0.0035, "mark_price": 0.00298292, "iv": 81.43, "instrument_name": "BTC-30DEC22-30000-C", "index_price": 16815.88, "direction": "buy", "amount": 0.2}, {"trade_seq": 7110, "trade_id": "235481913", "timestamp": 1668178052185, "tick_direction": 0, "price": 0.0035, "mark_price": 0.00403974, "iv": 79.57, "instrument_name": "BTC-30DEC22-30000-C", "index_price": 17055.2, "direction": "buy", "amount": 0.5}, {"trade_seq": 7109, "trade_id": "235477202", "timestamp": 1668177763849, "tick_direction": 3, "price": 0.003, "mark_price": 0.00299096, "iv": 81.25, "instrument_name": "BTC-30DEC22-30000-C", "index_price": 16534.14, "direction": "buy", "amount": 0.1}, {"trade_seq": 7108, "trade_id": "235469359", "timestamp": 1668176857670, "tick_direction": 3, "price": 0.003, "mark_price": 0.00310586, "iv": 81.24, "instrument_name": "BTC-30DEC22-30000-C", "index_price": 16548.68, "direction": "buy", "amount": 0.1}, {"trade_seq": 7107, "trade_id": "235363523", "timestamp": 1668152312762, "tick_direction": 3, "price": 0.003, "mark_price": 0.00302672, "iv": 75.22, "instrument_name": "BTC-30DEC22-30000-C", "index_price": 17389.15, "direction": "sell", "amount": 0.2}, {"trade_seq": 7106, "trade_id": "235346576", "timestamp": 1668147766197, "tick_direction": 3, "price": 0.003, "mark_price": 0.00282785, "iv": 76.7, "instrument_name": "BTC-30DEC22-30000-C", "index_price": 17161.71, "direction": "buy", "amount": 0.5}, {"trade_seq": 7105, "trade_id": "235314439", "timestamp": 1668136768114, "tick_direction": 2, "price": 0.003, "mark_price": 0.00309216, "iv": 77.36, "instrument_name": "BTC-30DEC22-30000-C", "index_price": 17053.6, "direction": "sell", "amount": 1.0}, {"trade_seq": 7104, "trade_id": "235233316", "timestamp": 1668111146979, "tick_direction": 3, "price": 0.004, "mark_price": 0.00362705, "iv": 78.57, "instrument_name": "BTC-30DEC22-30000-C", "index_price": 17374.82, "direction": "sell", "amount": 1.5}, {"trade_seq": 7103, "trade_id": "235233315", "timestamp": 1668111146165, "tick_direction": 3, "price": 0.004, "mark_price": 0.00362615, "iv": 78.57, "instrument_name": "BTC-30DEC22-30000-C", "index_price": 17374.8, "direction": "sell", "amount": 3.0}, {"trade_seq": 7102, "trade_id": "235233314", "timestamp": 1668111146163, "tick_direction": 3, "price": 0.004, "mark_price": 0.00362615, "iv": 78.57, "instrument_name": "BTC-30DEC22-30000-C", "index_price": 17374.8, "direction": "sell", "amount": 3.0}, {"trade_seq": 7101, "trade_id": "235233313", "timestamp": 1668111146161, "tick_direction": 3, "price": 0.004, "mark_price": 0.00362615, "iv": 78.57, "instrument_name": "BTC-30DEC22-30000-C", "index_price": 17374.8, "direction": "buy", "amount": 7.4}, {"trade_seq": 7100, "trade_id": "235233312", "timestamp": 1668111146161, "tick_direction": 2, "price": 0.004, "mark_price": 0.00362615, "iv": 78.57, "instrument_name": "BTC-30DEC22-30000-C", "index_price": 17374.8, "direction": "buy", "amount": 0.1}, {"trade_seq": 7099, "trade_id": "235128557", "timestamp": 1668090794625, "tick_direction": 1, "price": 0.0045, "mark_price": 0.00344299, "iv": 79.46, "instrument_name": "BTC-30DEC22-30000-C", "index_price": 17492.71, "direction": "buy", "amount": 1.0}, {"trade_seq": 7098, "trade_id": "235128550", "timestamp": 1668090792254, "tick_direction": 1, "price": 0.0045, "mark_price": 0.00344264, "iv": 79.45, "instrument_name": "BTC-30DEC22-30000-C", "index_price": 17496.38, "direction": "buy", "amount": 1.0}, {"trade_seq": 7097, "trade_id": "235128540", "timestamp": 1668090788658, "tick_direction": 1, "price": 0.0045, "mark_price": 0.0034511, "iv": 79.42, "instrument_name": "BTC-30DEC22-30000-C", "index_price": 17495.43, "direction": "buy", "amount": 1.0}, {"trade_seq": 7096, "trade_id": "235128461", "timestamp": 1668090771420, "tick_direction": 0, "price": 0.0045, "mark_price": 0.00347125, "iv": 79.35, "instrument_name": "BTC-30DEC22-30000-C", "index_price": 17508.69, "direction": "buy", "amount": 1.0}, {"trade_seq": 7095, "trade_id": "235117483", "timestamp": 1668089499532, "tick_direction": 0, "price": 0.004, "mark_price": 0.00348627, "iv": 77.97, "instrument_name": "BTC-30DEC22-30000-C", "index_price": 17406.5, "direction": "sell", "amount": 13.7}, {"trade_seq": 7094, "trade_id": "235116065", "timestamp": 1668089236185, "tick_direction": 3, "price": 0.003, "mark_price": 0.00334199, "iv": 74.61, "instrument_name": "BTC-30DEC22-30000-C", "index_price": 17378.65, "direction": "sell", "amount": 1.5}, {"trade_seq": 7093, "trade_id": "235116064", "timestamp": 1668089236185, "tick_direction": 2, "price": 0.003, "mark_price": 0.00334199, "iv": 74.61, "instrument_name": "BTC-30DEC22-30000-C", "index_price": 17378.65, "direction": "sell", "amount": 0.5}, {"trade_seq": 7092, "trade_id": "235114383", "timestamp": 1668088997864, "tick_direction": 1, "price": 0.004, "mark_price": 0.0033587, "iv": 77.88, "instrument_name": "BTC-30DEC22-30000-C", "index_price": 17421.54, "direction": "sell", "amount": 0.3}, {"trade_seq": 7091, "trade_id": "235112912", "timestamp": 1668088798028, "tick_direction": 1, "price": 0.004, "mark_price": 0.00341609, "iv": 77.14, "instrument_name": "BTC-30DEC22-30000-C", "index_price": 17540.2, "direction": "sell", "amount": 0.2}, {"trade_seq": 7090, "trade_id": "235112410", "timestamp": 1668088727172, "tick_direction": 1, "price": 0.004, "mark_price": 0.00339424, "iv": 77.1, "instrument_name": "BTC-30DEC22-30000-C", "index_price": 17550.11, "direction": "sell", "amount": 0.3}, {"trade_seq": 7089, "trade_id": "235111674", "timestamp": 1668088686116, "tick_direction": 0, "price": 0.004, "mark_price": 0.00353991, "iv": 76.7, "instrument_name": "BTC-30DEC22-30000-C", "index_price": 17602.85, "direction": "buy", "amount": 0.1}, {"trade_seq": 7088, "trade_id": "235111399", "timestamp": 1668088665543, "tick_direction": 0, "price": 0.0035, "mark_price": 0.00344887, "iv": 75.37, "instrument_name": "BTC-30DEC22-30000-C", "index_price": 17556.11, "direction": "buy", "amount": 0.1}, {"trade_seq": 7087, "trade_id": "235062507", "timestamp": 1668085238034, "tick_direction": 1, "price": 0.0025, "mark_price": 0.00302569, "iv": 78.76, "instrument_name": "BTC-30DEC22-30000-C", "index_price": 16452.17, "direction": "buy", "amount": 5.5}, {"trade_seq": 7086, "trade_id": "235062506", "timestamp": 1668085238032, "tick_direction": 0, "price": 0.0025, "mark_price": 0.00302569, "iv": 78.76, "instrument_name": "BTC-30DEC22-30000-C", "index_price": 16452.17, "direction": "sell", "amount": 4.5}, {"trade_seq": 7085, "trade_id": "234924479", "timestamp": 1668059571855, "tick_direction": 2, "price": 0.002, "mark_price": 0.00262885, "iv": 74.48, "instrument_name": "BTC-30DEC22-30000-C", "index_price": 16660.65, "direction": "sell", "amount": 1.2}, {"trade_seq": 7084, "trade_id": "234924427", "timestamp": 1668059563954, "tick_direction": 2, "price": 0.0025, "mark_price": 0.00264389, "iv": 76.88, "instrument_name": "BTC-30DEC22-30000-C", "index_price": 16667.07, "direction": "buy", "amount": 5.0}, {"trade_seq": 7083, "trade_id": "234868950", "timestamp": 1668046140630, "tick_direction": 2, "price": 0.003, "mark_price": 0.00296645, "iv": 82.65, "instrument_name": "BTC-30DEC22-30000-C", "index_price": 16091.96, "direction": "buy", "amount": 0.1}, {"trade_seq": 7082, "trade_id": "234776882", "timestamp": 1668034722946, "tick_direction": 2, "price": 0.0035, "mark_price": 0.00317652, "iv": 86.12, "instrument_name": "BTC-30DEC22-30000-C", "index_price": 15872.37, "direction": "sell", "amount": 0.1}, {"trade_seq": 7081, "trade_id": "234758305", "timestamp": 1668031928643, "tick_direction": 1, "price": 0.004, "mark_price": 0.00376874, "iv": 89.16, "instrument_name": "BTC-30DEC22-30000-C", "index_price": 15699.77, "direction": "buy", "amount": 0.1}, {"trade_seq": 7080, "trade_id": "234753012", "timestamp": 1668031493628, "tick_direction": 1, "price": 0.004, "mark_price": 0.00339538, "iv": 88.21, "instrument_name": "BTC-30DEC22-30000-C", "index_price": 15848.24, "direction": "buy", "amount": 0.1}, {"trade_seq": 7079, "trade_id": "234739894", "timestamp": 1668030536979, "tick_direction": 1, "price": 0.004, "mark_price": 0.0036314, "iv": 86.96, "instrument_name": "BTC-30DEC22-30000-C", "index_price": 15948.6, "direction": "buy", "amount": 0.3}, {"trade_seq": 7078, "trade_id": "234718749", "timestamp": 1668029197883, "tick_direction": 1, "price": 0.004, "mark_price": 0.00310833, "iv": 86.83, "instrument_name": "BTC-30DEC22-30000-C", "index_price": 15996.54, "direction": "buy", "amount": 1.0}, {"trade_seq": 7077, "trade_id": "234648258", "timestamp": 1668023139872, "tick_direction": 1, "price": 0.004, "mark_price": 0.00392882, "iv": 80.21, "instrument_name": "BTC-30DEC22-30000-C", "index_price": 16892.5, "direction": "sell", "amount": 1.0}, {"trade_seq": 7076, "trade_id": "234537018", "timestamp": 1668009031454, "tick_direction": 0, "price": 0.004, "mark_price": 0.0034716, "iv": 77.91, "instrument_name": "BTC-30DEC22-30000-C", "index_price": 17204.95, "direction": "buy", "amount": 5.0}, {"trade_seq": 7075, "trade_id": "234484535", "timestamp": 1668001967945, "tick_direction": 2, "price": 0.0035, "mark_price": 0.00368743, "iv": 73.88, "instrument_name": "BTC-30DEC22-30000-C", "index_price": 17555.36, "direction": "buy", "amount": 0.5}, {"trade_seq": 7074, "trade_id": "234447715", "timestamp": 1667995794085, "tick_direction": 3, "price": 0.004, "mark_price": 0.00376451, "iv": 73.54, "instrument_name": "BTC-30DEC22-30000-C", "index_price": 17858.27, "direction": "sell", "amount": 5.0}, {"trade_seq": 7073, "trade_id": "234433584", "timestamp": 1667993466874, "tick_direction": 2, "price": 0.004, "mark_price": 0.00352239, "iv": 74.61, "instrument_name": "BTC-30DEC22-30000-C", "index_price": 17689.0, "direction": "buy", "amount": 0.2}, {"trade_seq": 7072, "trade_id": "234429416", "timestamp": 1667992713962, "tick_direction": 1, "price": 0.0045, "mark_price": 0.00397828, "iv": 76.1, "instrument_name": "BTC-30DEC22-30000-C", "index_price": 17689.27, "direction": "buy", "amount": 0.1}, {"trade_seq": 7071, "trade_id": "234414134", "timestamp": 1667989995784, "tick_direction": 1, "price": 0.0045, "mark_price": 0.00402445, "iv": 78.16, "instrument_name": "BTC-30DEC22-30000-C", "index_price": 17367.04, "direction": "buy", "amount": 0.4}, {"trade_seq": 7070, "trade_id": "234408897", "timestamp": 1667989365473, "tick_direction": 1, "price": 0.0045, "mark_price": 0.00385704, "iv": 77.91, "instrument_name": "BTC-30DEC22-30000-C", "index_price": 17413.45, "direction": "buy", "amount": 1.0}, {"trade_seq": 7069, "trade_id": "234406139", "timestamp": 1667989045459, "tick_direction": 0, "price": 0.0045, "mark_price": 0.00365806, "iv": 77.73, "instrument_name": "BTC-30DEC22-30000-C", "index_price": 17459.14, "direction": "buy", "amount": 1.0}, {"trade_seq": 7068, "trade_id": "234360763", "timestamp": 1667982537334, "tick_direction": 1, "price": 0.0035, "mark_price": 0.00304173, "iv": 70.19, "instrument_name": "BTC-30DEC22-30000-C", "index_price": 18137.03, "direction": "buy", "amount": 0.7}, {"trade_seq": 7067, "trade_id": "234360742", "timestamp": 1667982534415, "tick_direction": 0, "price": 0.0035, "mark_price": 0.00304767, "iv": 70.21, "instrument_name": "BTC-30DEC22-30000-C", "index_price": 18134.75, "direction": "buy", "amount": 1.0}, {"trade_seq": 7066, "trade_id": "234349984", "timestamp": 1667979538101, "tick_direction": 0, "price": 0.003, "mark_price": 0.00248216, "iv": 67.67, "instrument_name": "BTC-30DEC22-30000-C", "index_price": 18250.64, "direction": "buy", "amount": 0.5}, {"trade_seq": 7065, "trade_id": "234337684", "timestamp": 1667973212933, "tick_direction": 2, "price": 0.0025, "mark_price": 0.00238487, "iv": 64.81, "instrument_name": "BTC-30DEC22-30000-C", "index_price": 18393.81, "direction": "buy", "amount": 0.3}, {"trade_seq": 7064, "trade_id": "234322541", "timestamp": 1667964635010, "tick_direction": 3, "price": 0.003, "mark_price": 0.00275068, "iv": 67.87, "instrument_name": "BTC-30DEC22-30000-C", "index_price": 18191.98, "direction": "buy", "amount": 2.6}, {"trade_seq": 7063, "trade_id": "234315913", "timestamp": 1667961772437, "tick_direction": 3, "price": 0.003, "mark_price": 0.00295962, "iv": 67.91, "instrument_name": "BTC-30DEC22-30000-C", "index_price": 18181.24, "direction": "sell", "amount": 1.0}, {"trade_seq": 7062, "trade_id": "234315912", "timestamp": 1667961772437, "tick_direction": 2, "price": 0.003, "mark_price": 0.00295962, "iv": 67.91, "instrument_name": "BTC-30DEC22-30000-C", "index_price": 18181.24, "direction": "sell", "amount": 0.8}, {"trade_seq": 7061, "trade_id": "234302573", "timestamp": 1667953596200, "tick_direction": 1, "price": 0.0035, "mark_price": 0.00322025, "iv": 67.47, "instrument_name": "BTC-30DEC22-30000-C", "index_price": 18518.19, "direction": "buy", "amount": 1.0}, {"trade_seq": 7060, "trade_id": "234301918", "timestamp": 1667953188965, "tick_direction": 1, "price": 0.0035, "mark_price": 0.00326021, "iv": 67.48, "instrument_name": "BTC-30DEC22-30000-C", "index_price": 18516.05, "direction": "buy", "amount": 0.1}, {"trade_seq": 7059, "trade_id": "234299179", "timestamp": 1667951980950, "tick_direction": 1, "price": 0.0035, "mark_price": 0.0029897, "iv": 67.33, "instrument_name": "BTC-30DEC22-30000-C", "index_price": 18541.29, "direction": "buy", "amount": 1.0}, {"trade_seq": 7058, "trade_id": "234299074", "timestamp": 1667951914606, "tick_direction": 0, "price": 0.0035, "mark_price": 0.00292826, "iv": 67.49, "instrument_name": "BTC-30DEC22-30000-C", "index_price": 18514.81, "direction": "buy", "amount": 1.0}, {"trade_seq": 7057, "trade_id": "234268413", "timestamp": 1667942218897, "tick_direction": 3, "price": 0.003, "mark_price": 0.00344252, "iv": 67.02, "instrument_name": "BTC-30DEC22-30000-C", "index_price": 18299.62, "direction": "buy", "amount": 1.4}, {"trade_seq": 7056, "trade_id": "234268412", "timestamp": 1667942218894, "tick_direction": 3, "price": 0.003, "mark_price": 0.00344252, "iv": 67.02, "instrument_name": "BTC-30DEC22-30000-C", "index_price": 18299.62, "direction": "sell", "amount": 6.0}, {"trade_seq": 7055, "trade_id": "234268411", "timestamp": 1667942218894, "tick_direction": 3, "price": 0.003, "mark_price": 0.00344252, "iv": 67.02, "instrument_name": "BTC-30DEC22-30000-C", "index_price": 18299.62, "direction": "sell", "amount": 34.0}, {"trade_seq": 7054, "trade_id": "234268410", "timestamp": 1667942218894, "tick_direction": 3, "price": 0.003, "mark_price": 0.00344252, "iv": 67.02, "instrument_name": "BTC-30DEC22-30000-C", "index_price": 18299.62, "direction": "sell", "amount": 3.8}, {"trade_seq": 7053, "trade_id": "234268409", "timestamp": 1667942218894, "tick_direction": 2, "price": 0.003, "mark_price": 0.00344252, "iv": 67.02, "instrument_name": "BTC-30DEC22-30000-C", "index_price": 18299.62, "direction": "sell", "amount": 0.6}, {"trade_seq": 7052, "trade_id": "234257846", "timestamp": 1667940489894, "tick_direction": 3, "price": 0.004, "mark_price": 0.00503063, "iv": 69.76, "instrument_name": "BTC-30DEC22-30000-C", "index_price": 18389.32, "direction": "buy", "amount": 5.2}, {"trade_seq": 7051, "trade_id": "234257843", "timestamp": 1667940489781, "tick_direction": 2, "price": 0.004, "mark_price": 0.00503063, "iv": 69.76, "instrument_name": "BTC-30DEC22-30000-C", "index_price": 18389.32, "direction": "sell", "amount": 24.0}, {"trade_seq": 7050, "trade_id": "234254758", "timestamp": 1667940169047, "tick_direction": 2, "price": 0.005, "mark_price": 0.00552391, "iv": 73.21, "instrument_name": "BTC-30DEC22-30000-C", "index_price": 18296.59, "direction": "buy", "amount": 0.4}, {"trade_seq": 7049, "trade_id": "234254360", "timestamp": 1667940091555, "tick_direction": 3, "price": 0.0055, "mark_price": 0.0060167, "iv": 74.72, "instrument_name": "BTC-30DEC22-30000-C", "index_price": 18251.66, "direction": "sell", "amount": 7.7}, {"trade_seq": 7048, "trade_id": "234254337", "timestamp": 1667940090299, "tick_direction": 2, "price": 0.0055, "mark_price": 0.00601737, "iv": 74.72, "instrument_name": "BTC-30DEC22-30000-C", "index_price": 18256.52, "direction": "sell", "amount": 7.2}, {"trade_seq": 7047, "trade_id": "234226746", "timestamp": 1667937083013, "tick_direction": 0, "price": 0.007, "mark_price": 0.00697534, "iv": 76.81, "instrument_name": "BTC-30DEC22-30000-C", "index_price": 18509.21, "direction": "buy", "amount": 0.2}, {"trade_seq": 7046, "trade_id": "234187128", "timestamp": 1667935915535, "tick_direction": 3, "price": 0.0055, "mark_price": 0.00499752, "iv": 80.36, "instrument_name": "BTC-30DEC22-30000-C", "index_price": 17446.96, "direction": "sell", "amount": 0.1}, {"trade_seq": 7045, "trade_id": "234163412", "timestamp": 1667934851794, "tick_direction": 3, "price": 0.0055, "mark_price": 0.00547296, "iv": 72.96, "instrument_name": "BTC-30DEC22-30000-C", "index_price": 18506.05, "direction": "buy", "amount": 0.1}, {"trade_seq": 7044, "trade_id": "234159528", "timestamp": 1667934290182, "tick_direction": 2, "price": 0.0055, "mark_price": 0.00542225, "iv": 72.0, "instrument_name": "BTC-30DEC22-30000-C", "index_price": 18662.56, "direction": "buy", "amount": 0.2}, {"trade_seq": 7043, "trade_id": "234147479", "timestamp": 1667932532006, "tick_direction": 1, "price": 0.006, "mark_price": 0.00564847, "iv": 71.28, "instrument_name": "BTC-30DEC22-30000-C", "index_price": 18953.96, "direction": "sell", "amount": 2.7}, {"trade_seq": 7042, "trade_id": "234147476", "timestamp": 1667932529594, "tick_direction": 0, "price": 0.006, "mark_price": 0.00564005, "iv": 71.3, "instrument_name": "BTC-30DEC22-30000-C", "index_price": 18951.81, "direction": "buy", "amount": 6.0}, {"trade_seq": 7041, "trade_id": "234136723", "timestamp": 1667931756948, "tick_direction": 1, "price": 0.005, "mark_price": 0.00514967, "iv": 69.43, "instrument_name": "BTC-30DEC22-30000-C", "index_price": 18875.8, "direction": "buy", "amount": 0.2}, {"trade_seq": 7040, "trade_id": "234127020", "timestamp": 1667931393184, "tick_direction": 1, "price": 0.005, "mark_price": 0.00484353, "iv": 68.83, "instrument_name": "BTC-30DEC22-30000-C", "index_price": 18957.68, "direction": "buy", "amount": 6.6}, {"trade_seq": 7039, "trade_id": "234126590", "timestamp": 1667931342948, "tick_direction": 1, "price": 0.005, "mark_price": 0.00495602, "iv": 68.52, "instrument_name": "BTC-30DEC22-30000-C", "index_price": 19009.31, "direction": "buy", "amount": 6.4}, {"trade_seq": 7038, "trade_id": "234123161", "timestamp": 1667931061876, "tick_direction": 1, "price": 0.005, "mark_price": 0.00483641, "iv": 68.9, "instrument_name": "BTC-30DEC22-30000-C", "index_price": 18959.57, "direction": "buy", "amount": 0.1}, {"trade_seq": 7037, "trade_id": "234020004", "timestamp": 1667918935421, "tick_direction": 3, "price": 0.0045, "mark_price": 0.00439707, "iv": 65.05, "instrument_name": "BTC-30DEC22-30000-C", "index_price": 19346.29, "direction": "buy", "amount": 0.1}, {"trade_seq": 7036, "trade_id": "234013866", "timestamp": 1667918112363, "tick_direction": 2, "price": 0.0045, "mark_price": 0.00439233, "iv": 64.0, "instrument_name": "BTC-30DEC22-30000-C", "index_price": 19514.41, "direction": "buy", "amount": 0.1}, {"trade_seq": 7035, "trade_id": "234004724", "timestamp": 1667914675826, "tick_direction": 1, "price": 0.005, "mark_price": 0.00460865, "iv": 64.36, "instrument_name": "BTC-30DEC22-30000-C", "index_price": 19665.64, "direction": "buy", "amount": 1.3}, {"trade_seq": 7034, "trade_id": "234004613", "timestamp": 1667914607071, "tick_direction": 1, "price": 0.005, "mark_price": 0.00456693, "iv": 64.43, "instrument_name": "BTC-30DEC22-30000-C", "index_price": 19655.46, "direction": "buy", "amount": 28.4}, {"trade_seq": 7033, "trade_id": "234004612", "timestamp": 1667914607071, "tick_direction": 1, "price": 0.005, "mark_price": 0.00456693, "iv": 64.43, "instrument_name": "BTC-30DEC22-30000-C", "index_price": 19655.46, "direction": "buy", "amount": 6.8}, {"trade_seq": 7032, "trade_id": "234004611", "timestamp": 1667914607071, "tick_direction": 0, "price": 0.005, "mark_price": 0.00456693, "iv": 64.43, "instrument_name": "BTC-30DEC22-30000-C", "index_price": 19655.46, "direction": "buy", "amount": 1.8}, {"trade_seq": 7031, "trade_id": "234002639", "timestamp": 1667913674875, "tick_direction": 1, "price": 0.0045, "mark_price": 0.00434885, "iv": 62.95, "instrument_name": "BTC-30DEC22-30000-C", "index_price": 19685.34, "direction": "sell", "amount": 5.1}, {"trade_seq": 7030, "trade_id": "234002635", "timestamp": 1667913667603, "tick_direction": 0, "price": 0.0045, "mark_price": 0.00433614, "iv": 62.97, "instrument_name": "BTC-30DEC22-30000-C", "index_price": 19681.69, "direction": "buy", "amount": 0.1}, {"trade_seq": 7029, "trade_id": "233990112", "timestamp": 1667903403503, "tick_direction": 3, "price": 0.004, "mark_price": 0.00420971, "iv": 61.3, "instrument_name": "BTC-30DEC22-30000-C", "index_price": 19724.86, "direction": "sell", "amount": 0.1}, {"trade_seq": 7028, "trade_id": "233988563", "timestamp": 1667901272919, "tick_direction": 3, "price": 0.004, "mark_price": 0.00422722, "iv": 61.07, "instrument_name": "BTC-30DEC22-30000-C", "index_price": 19760.15, "direction": "sell", "amount": 4.9}, {"trade_seq": 7027, "trade_id": "233988562", "timestamp": 1667901272919, "tick_direction": 2, "price": 0.004, "mark_price": 0.00422722, "iv": 61.07, "instrument_name": "BTC-30DEC22-30000-C", "index_price": 19760.15, "direction": "sell", "amount": 0.1}, {"trade_seq": 7026, "trade_id": "233984590", "timestamp": 1667897535359, "tick_direction": 1, "price": 0.0045, "mark_price": 0.00423958, "iv": 62.6, "instrument_name": "BTC-30DEC22-30000-C", "index_price": 19728.4, "direction": "buy", "amount": 6.0}, {"trade_seq": 7025, "trade_id": "233984589", "timestamp": 1667897535359, "tick_direction": 0, "price": 0.0045, "mark_price": 0.00423958, "iv": 62.6, "instrument_name": "BTC-30DEC22-30000-C", "index_price": 19728.4, "direction": "buy", "amount": 0.2}, {"trade_seq": 7024, "trade_id": "233980848", "timestamp": 1667895067710, "tick_direction": 3, "price": 0.004, "mark_price": 0.00430438, "iv": 61.03, "instrument_name": "BTC-30DEC22-30000-C", "index_price": 19765.78, "direction": "sell", "amount": 0.2}, {"trade_seq": 7023, "trade_id": "233978652", "timestamp": 1667893912404, "tick_direction": 2, "price": 0.004, "mark_price": 0.0043662, "iv": 60.77, "instrument_name": "BTC-30DEC22-30000-C", "index_price": 19800.47, "direction": "sell", "amount": 5.0}, {"trade_seq": 7022, "trade_id": "233936081", "timestamp": 1667881157811, "tick_direction": 3, "price": 0.0045, "mark_price": 0.00405825, "iv": 63.01, "instrument_name": "BTC-30DEC22-30000-C", "index_price": 19645.58, "direction": "buy", "amount": 0.5}, {"trade_seq": 7021, "trade_id": "233936049", "timestamp": 1667881154074, "tick_direction": 2, "price": 0.0045, "mark_price": 0.00402492, "iv": 63.07, "instrument_name": "BTC-30DEC22-30000-C", "index_price": 19634.65, "direction": "buy", "amount": 0.5}, {"trade_seq": 7020, "trade_id": "233914805", "timestamp": 1667878059412, "tick_direction": 0, "price": 0.0055, "mark_price": 0.00491083, "iv": 60.92, "instrument_name": "BTC-30DEC22-30000-C", "index_price": 20384.27, "direction": "buy", "block_trade_id": "55096", "amount": 8.0}, {"trade_seq": 7019, "trade_id": "233889617", "timestamp": 1667855504574, "tick_direction": 2, "price": 0.005, "mark_price": 0.00557929, "iv": 57.17, "instrument_name": "BTC-30DEC22-30000-C", "index_price": 20799.21, "direction": "sell", "amount": 0.2}, {"trade_seq": 7018, "trade_id": "233886659", "timestamp": 1667850447947, "tick_direction": 0, "price": 0.006, "mark_price": 0.00581236, "iv": 59.02, "instrument_name": "BTC-30DEC22-30000-C", "index_price": 20846.58, "direction": "buy", "amount": 1.0}, {"trade_seq": 7017, "trade_id": "233880962", "timestamp": 1667839975561, "tick_direction": 3, "price": 0.0055, "mark_price": 0.00547858, "iv": 58.76, "instrument_name": "BTC-30DEC22-30000-C", "index_price": 20704.68, "direction": "sell", "amount": 1.0}, {"trade_seq": 7016, "trade_id": "233879114", "timestamp": 1667837422491, "tick_direction": 3, "price": 0.0055, "mark_price": 0.0057266, "iv": 58.38, "instrument_name": "BTC-30DEC22-30000-C", "index_price": 20767.8, "direction": "sell", "amount": 4.0}, {"trade_seq": 7015, "trade_id": "233877666", "timestamp": 1667836463124, "tick_direction": 2, "price": 0.0055, "mark_price": 0.0059413, "iv": 58.38, "instrument_name": "BTC-30DEC22-30000-C", "index_price": 20767.6, "direction": "sell", "amount": 5.0}, {"trade_seq": 7014, "trade_id": "233865817", "timestamp": 1667822706509, "tick_direction": 0, "price": 0.0065, "mark_price": 0.00600638, "iv": 60.51, "instrument_name": "BTC-30DEC22-30000-C", "index_price": 20739.43, "direction": "buy", "amount": 1.0}, {"trade_seq": 7013, "trade_id": "233860912", "timestamp": 1667813807130, "tick_direction": 1, "price": 0.006, "mark_price": 0.00573761, "iv": 59.47, "instrument_name": "BTC-30DEC22-30000-C", "index_price": 20734.16, "direction": "buy", "amount": 7.1}, {"trade_seq": 7012, "trade_id": "233860569", "timestamp": 1667813411451, "tick_direction": 1, "price": 0.006, "mark_price": 0.00568575, "iv": 59.36, "instrument_name": "BTC-30DEC22-30000-C", "index_price": 20749.4, "direction": "buy", "amount": 4.0}, {"trade_seq": 7011, "trade_id": "233860568", "timestamp": 1667813411451, "tick_direction": 1, "price": 0.006, "mark_price": 0.00568575, "iv": 59.36, "instrument_name": "BTC-30DEC22-30000-C", "index_price": 20749.4, "direction": "buy", "amount": 3.0}, {"trade_seq": 7010, "trade_id": "233860567", "timestamp": 1667813411451, "tick_direction": 0, "price": 0.006, "mark_price": 0.00568575, "iv": 59.36, "instrument_name": "BTC-30DEC22-30000-C", "index_price": 20749.4, "direction": "buy", "amount": 20.0}, {"trade_seq": 7009, "trade_id": "233855858", "timestamp": 1667808853406, "tick_direction": 0, "price": 0.0055, "mark_price": 0.0055317, "iv": 58.6, "instrument_name": "BTC-30DEC22-30000-C", "index_price": 20696.93, "direction": "sell", "amount": 5.0}, {"trade_seq": 7008, "trade_id": "233847089", "timestamp": 1667802252735, "tick_direction": 3, "price": 0.005, "mark_price": 0.00563801, "iv": 56.3, "instrument_name": "BTC-30DEC22-30000-C", "index_price": 20894.09, "direction": "buy", "amount": 14.7}, {"trade_seq": 7007, "trade_id": "233847088", "timestamp": 1667802252715, "tick_direction": 3, "price": 0.005, "mark_price": 0.00563801, "iv": 56.3, "instrument_name": "BTC-30DEC22-30000-C", "index_price": 20894.09, "direction": "sell", "amount": 0.1}, {"trade_seq": 7006, "trade_id": "233847087", "timestamp": 1667802252715, "tick_direction": 3, "price": 0.005, "mark_price": 0.00563801, "iv": 56.3, "instrument_name": "BTC-30DEC22-30000-C", "index_price": 20894.09, "direction": "sell", "amount": 40.0}, {"trade_seq": 7005, "trade_id": "233847086", "timestamp": 1667802252715, "tick_direction": 3, "price": 0.005, "mark_price": 0.00563801, "iv": 56.3, "instrument_name": "BTC-30DEC22-30000-C", "index_price": 20894.09, "direction": "sell", "amount": 8.0}, {"trade_seq": 7004, "trade_id": "233847085", "timestamp": 1667802252715, "tick_direction": 3, "price": 0.005, "mark_price": 0.00563801, "iv": 56.3, "instrument_name": "BTC-30DEC22-30000-C", "index_price": 20894.09, "direction": "sell", "amount": 15.6}, {"trade_seq": 7003, "trade_id": "233847084", "timestamp": 1667802252715, "tick_direction": 3, "price": 0.005, "mark_price": 0.00563801, "iv": 56.3, "instrument_name": "BTC-30DEC22-30000-C", "index_price": 20894.09, "direction": "sell", "amount": 3.0}, {"trade_seq": 7002, "trade_id": "233847083", "timestamp": 1667802252715, "tick_direction": 3, "price": 0.005, "mark_price": 0.00563801, "iv": 56.3, "instrument_name": "BTC-30DEC22-30000-C", "index_price": 20894.09, "direction": "sell", "amount": 20.0}, {"trade_seq": 7001, "trade_id": "233847082", "timestamp": 1667802252715, "tick_direction": 2, "price": 0.005, "mark_price": 0.00563801, "iv": 56.3, "instrument_name": "BTC-30DEC22-30000-C", "index_price": 20894.09, "direction": "sell", "amount": 4.0}, {"trade_seq": 7000, "trade_id": "233819939", "timestamp": 1667779157198, "tick_direction": 2, "price": 0.0055, "mark_price": 0.0059967, "iv": 57.12, "instrument_name": "BTC-30DEC22-30000-C", "index_price": 20916.79, "direction": "sell", "amount": 0.2}, {"trade_seq": 6999, "trade_id": "233793059", "timestamp": 1667746776288, "tick_direction": 1, "price": 0.0065, "mark_price": 0.00624965, "iv": 57.13, "instrument_name": "BTC-30DEC22-30000-C", "index_price": 21224.45, "direction": "buy", "amount": 5.1}, {"trade_seq": 6998, "trade_id": "233793055", "timestamp": 1667746772528, "tick_direction": 0, "price": 0.0065, "mark_price": 0.00624868, "iv": 57.13, "instrument_name": "BTC-30DEC22-30000-C", "index_price": 21224.34, "direction": "buy", "amount": 6.0}, {"trade_seq": 6997, "trade_id": "233789748", "timestamp": 1667739644667, "tick_direction": 2, "price": 0.0055, "mark_price": 0.00599467, "iv": 55.06, "instrument_name": "BTC-30DEC22-30000-C", "index_price": 21230.15, "direction": "sell", "amount": 0.2}, {"trade_seq": 6996, "trade_id": "233788072", "timestamp": 1667734629079, "tick_direction": 3, "price": 0.006, "mark_price": 0.00662474, "iv": 56.09, "instrument_name": "BTC-30DEC22-30000-C", "index_price": 21217.26, "direction": "buy", "amount": 14.8}, {"trade_seq": 6995, "trade_id": "233788058", "timestamp": 1667734617804, "tick_direction": 3, "price": 0.006, "mark_price": 0.00664188, "iv": 56.09, "instrument_name": "BTC-30DEC22-30000-C", "index_price": 21216.05, "direction": "sell", "amount": 3.0}, {"trade_seq": 6994, "trade_id": "233787993", "timestamp": 1667734503074, "tick_direction": 3, "price": 0.006, "mark_price": 0.00665463, "iv": 56.14, "instrument_name": "BTC-30DEC22-30000-C", "index_price": 21208.68, "direction": "buy", "amount": 6.3}, {"trade_seq": 6993, "trade_id": "233787948", "timestamp": 1667734502083, "tick_direction": 3, "price": 0.006, "mark_price": 0.00665673, "iv": 56.14, "instrument_name": "BTC-30DEC22-30000-C", "index_price": 21207.52, "direction": "buy", "amount": 3.0}, {"trade_seq": 6992, "trade_id": "233787942", "timestamp": 1667734499071, "tick_direction": 3, "price": 0.006, "mark_price": 0.00666141, "iv": 56.14, "instrument_name": "BTC-30DEC22-30000-C", "index_price": 21206.33, "direction": "buy", "amount": 3.0}, {"trade_seq": 6991, "trade_id": "233787941", "timestamp": 1667734495971, "tick_direction": 3, "price": 0.006, "mark_price": 0.00666296, "iv": 56.15, "instrument_name": "BTC-30DEC22-30000-C", "index_price": 21205.11, "direction": "buy", "amount": 3.0}, {"trade_seq": 6990, "trade_id": "233787940", "timestamp": 1667734493804, "tick_direction": 3, "price": 0.006, "mark_price": 0.00666693, "iv": 56.15, "instrument_name": "BTC-30DEC22-30000-C", "index_price": 21205.13, "direction": "buy", "amount": 3.4}, {"trade_seq": 6989, "trade_id": "233787939", "timestamp": 1667734492938, "tick_direction": 3, "price": 0.006, "mark_price": 0.00666919, "iv": 56.15, "instrument_name": "BTC-30DEC22-30000-C", "index_price": 21205.1, "direction": "buy", "amount": 18.0}, {"trade_seq": 6988, "trade_id": "233787938", "timestamp": 1667734492910, "tick_direction": 3, "price": 0.006, "mark_price": 0.00666919, "iv": 56.15, "instrument_name": "BTC-30DEC22-30000-C", "index_price": 21205.1, "direction": "sell", "amount": 6.0}, {"trade_seq": 6987, "trade_id": "233787937", "timestamp": 1667734492910, "tick_direction": 3, "price": 0.006, "mark_price": 0.00666919, "iv": 56.15, "instrument_name": "BTC-30DEC22-30000-C", "index_price": 21205.1, "direction": "sell", "amount": 4.3}, {"trade_seq": 6986, "trade_id": "233787936", "timestamp": 1667734492910, "tick_direction": 2, "price": 0.006, "mark_price": 0.00666919, "iv": 56.15, "instrument_name": "BTC-30DEC22-30000-C", "index_price": 21205.1, "direction": "sell", "amount": 3.0}, {"trade_seq": 6985, "trade_id": "233787611", "timestamp": 1667734313164, "tick_direction": 3, "price": 0.0065, "mark_price": 0.00673602, "iv": 57.12, "instrument_name": "BTC-30DEC22-30000-C", "index_price": 21201.65, "direction": "buy", "amount": 5.0}, {"trade_seq": 6984, "trade_id": "233787512", "timestamp": 1667734287642, "tick_direction": 3, "price": 0.0065, "mark_price": 0.00675292, "iv": 57.12, "instrument_name": "BTC-30DEC22-30000-C", "index_price": 21202.41, "direction": "buy", "amount": 8.0}, {"trade_seq": 6983, "trade_id": "233787479", "timestamp": 1667734279631, "tick_direction": 3, "price": 0.0065, "mark_price": 0.00677941, "iv": 57.08, "instrument_name": "BTC-30DEC22-30000-C", "index_price": 21208.91, "direction": "buy", "amount": 5.0}, {"trade_seq": 6982, "trade_id": "233787288", "timestamp": 1667734160270, "tick_direction": 3, "price": 0.0065, "mark_price": 0.00694151, "iv": 57.02, "instrument_name": "BTC-30DEC22-30000-C", "index_price": 21218.78, "direction": "buy", "amount": 4.2}, {"trade_seq": 6981, "trade_id": "233787287", "timestamp": 1667734159263, "tick_direction": 3, "price": 0.0065, "mark_price": 0.00694294, "iv": 57.02, "instrument_name": "BTC-30DEC22-30000-C", "index_price": 21218.74, "direction": "buy", "amount": 3.4}, {"trade_seq": 6980, "trade_id": "233787286", "timestamp": 1667734159137, "tick_direction": 3, "price": 0.0065, "mark_price": 0.00694294, "iv": 57.02, "instrument_name": "BTC-30DEC22-30000-C", "index_price": 21218.74, "direction": "buy", "amount": 3.9}, {"trade_seq": 6979, "trade_id": "233787285", "timestamp": 1667734156993, "tick_direction": 2, "price": 0.0065, "mark_price": 0.00694486, "iv": 57.03, "instrument_name": "BTC-30DEC22-30000-C", "index_price": 21218.26, "direction": "sell", "amount": 4.3}, {"trade_seq": 6978, "trade_id": "233771780", "timestamp": 1667705585892, "tick_direction": 1, "price": 0.0075, "mark_price": 0.00697599, "iv": 58.56, "instrument_name": "BTC-30DEC22-30000-C", "index_price": 21233.77, "direction": "buy", "amount": 0.1}, {"trade_seq": 6977, "trade_id": "233756963", "timestamp": 1667681283624, "tick_direction": 1, "price": 0.0075, "mark_price": 0.00700327, "iv": 57.75, "instrument_name": "BTC-30DEC22-30000-C", "index_price": 21355.31, "direction": "buy", "amount": 2.0}, {"trade_seq": 6976, "trade_id": "233756962", "timestamp": 1667681283624, "tick_direction": 0, "price": 0.0075, "mark_price": 0.00700327, "iv": 57.75, "instrument_name": "BTC-30DEC22-30000-C", "index_price": 21355.31, "direction": "buy", "amount": 1.0}, {"trade_seq": 6975, "trade_id": "233686161", "timestamp": 1667608842103, "tick_direction": 3, "price": 0.007, "mark_price": 0.0072944, "iv": 56.76, "instrument_name": "BTC-30DEC22-30000-C", "index_price": 21304.16, "direction": "buy", "amount": 1.6}, {"trade_seq": 6974, "trade_id": "233686160", "timestamp": 1667608842103, "tick_direction": 2, "price": 0.007, "mark_price": 0.0072944, "iv": 56.76, "instrument_name": "BTC-30DEC22-30000-C", "index_price": 21304.16, "direction": "buy", "amount": 0.1}, {"trade_seq": 6973, "trade_id": "233657848", "timestamp": 1667587079035, "tick_direction": 1, "price": 0.007, "mark_price": 0.00670896, "iv": 58.69, "instrument_name": "BTC-30DEC22-30000-C", "index_price": 20950.64, "direction": "sell", "amount": 1.7}, {"trade_seq": 6972, "trade_id": "233657846", "timestamp": 1667587077662, "tick_direction": 1, "price": 0.007, "mark_price": 0.00669873, "iv": 58.7, "instrument_name": "BTC-30DEC22-30000-C", "index_price": 20948.08, "direction": "sell", "amount": 2.9}, {"trade_seq": 6971, "trade_id": "233657825", "timestamp": 1667587076011, "tick_direction": 1, "price": 0.007, "mark_price": 0.00670046, "iv": 58.7, "instrument_name": "BTC-30DEC22-30000-C", "index_price": 20948.38, "direction": "sell", "amount": 2.4}, {"trade_seq": 6970, "trade_id": "233657782", "timestamp": 1667587064760, "tick_direction": 1, "price": 0.007, "mark_price": 0.00668535, "iv": 58.71, "instrument_name": "BTC-30DEC22-30000-C", "index_price": 20947.73, "direction": "sell", "amount": 2.4}, {"trade_seq": 6969, "trade_id": "233657721", "timestamp": 1667587053777, "tick_direction": 0, "price": 0.007, "mark_price": 0.00666066, "iv": 58.74, "instrument_name": "BTC-30DEC22-30000-C", "index_price": 20944.38, "direction": "sell", "amount": 1.4}, {"trade_seq": 6968, "trade_id": "233656198", "timestamp": 1667586511377, "tick_direction": 3, "price": 0.0065, "mark_price": 0.00674085, "iv": 58.05, "instrument_name": "BTC-30DEC22-30000-C", "index_price": 20901.08, "direction": "buy", "amount": 0.1}, {"trade_seq": 6967, "trade_id": "233656196", "timestamp": 1667586511258, "tick_direction": 3, "price": 0.0065, "mark_price": 0.00674085, "iv": 58.05, "instrument_name": "BTC-30DEC22-30000-C", "index_price": 20901.08, "direction": "buy", "amount": 0.1}, {"trade_seq": 6966, "trade_id": "233656191", "timestamp": 1667586510920, "tick_direction": 3, "price": 0.0065, "mark_price": 0.00673546, "iv": 58.05, "instrument_name": "BTC-30DEC22-30000-C", "index_price": 20901.08, "direction": "buy", "amount": 0.1}, {"trade_seq": 6965, "trade_id": "233656169", "timestamp": 1667586502920, "tick_direction": 3, "price": 0.0065, "mark_price": 0.00671901, "iv": 58.08, "instrument_name": "BTC-30DEC22-30000-C", "index_price": 20896.45, "direction": "buy", "amount": 0.1}, {"trade_seq": 6964, "trade_id": "233656131", "timestamp": 1667586494694, "tick_direction": 3, "price": 0.0065, "mark_price": 0.00668102, "iv": 58.18, "instrument_name": "BTC-30DEC22-30000-C", "index_price": 20878.15, "direction": "buy", "amount": 0.1}, {"trade_seq": 6963, "trade_id": "233652667", "timestamp": 1667583768547, "tick_direction": 3, "price": 0.0065, "mark_price": 0.0065384, "iv": 58.89, "instrument_name": "BTC-30DEC22-30000-C", "index_price": 20754.39, "direction": "sell", "amount": 1.5}, {"trade_seq": 6962, "trade_id": "233646019", "timestamp": 1667580607300, "tick_direction": 3, "price": 0.0065, "mark_price": 0.00658123, "iv": 59.06, "instrument_name": "BTC-30DEC22-30000-C", "index_price": 20727.72, "direction": "sell", "amount": 2.1}, {"trade_seq": 6961, "trade_id": "233645471", "timestamp": 1667580403745, "tick_direction": 3, "price": 0.0065, "mark_price": 0.00660865, "iv": 58.98, "instrument_name": "BTC-30DEC22-30000-C", "index_price": 20742.14, "direction": "sell", "amount": 2.4}, {"trade_seq": 6960, "trade_id": "233645281", "timestamp": 1667580340035, "tick_direction": 3, "price": 0.0065, "mark_price": 0.00674065, "iv": 58.75, "instrument_name": "BTC-30DEC22-30000-C", "index_price": 20778.79, "direction": "sell", "amount": 2.0}, {"trade_seq": 6959, "trade_id": "233644325", "timestamp": 1667579997030, "tick_direction": 2, "price": 0.0065, "mark_price": 0.00669161, "iv": 58.77, "instrument_name": "BTC-30DEC22-30000-C", "index_price": 20775.8, "direction": "sell", "amount": 1.5}, {"trade_seq": 6958, "trade_id": "233636064", "timestamp": 1667578055626, "tick_direction": 3, "price": 0.007, "mark_price": 0.00681276, "iv": 60.15, "instrument_name": "BTC-30DEC22-30000-C", "index_price": 20687.95, "direction": "sell", "amount": 1.8}, {"trade_seq": 6957, "trade_id": "233629868", "timestamp": 1667577306122, "tick_direction": 2, "price": 0.007, "mark_price": 0.00726484, "iv": 58.82, "instrument_name": "BTC-30DEC22-30000-C", "index_price": 20916.19, "direction": "sell", "amount": 0.2}, {"trade_seq": 6956, "trade_id": "233629048", "timestamp": 1667577202989, "tick_direction": 3, "price": 0.0075, "mark_price": 0.00730719, "iv": 59.66, "instrument_name": "BTC-30DEC22-30000-C", "index_price": 20927.03, "direction": "sell", "amount": 0.1}, {"trade_seq": 6955, "trade_id": "233629047", "timestamp": 1667577202975, "tick_direction": 3, "price": 0.0075, "mark_price": 0.00730719, "iv": 59.66, "instrument_name": "BTC-30DEC22-30000-C", "index_price": 20927.03, "direction": "sell", "amount": 0.1}, {"trade_seq": 6954, "trade_id": "233629046", "timestamp": 1667577202949, "tick_direction": 3, "price": 0.0075, "mark_price": 0.00730719, "iv": 59.66, "instrument_name": "BTC-30DEC22-30000-C", "index_price": 20927.03, "direction": "sell", "amount": 0.1}, {"trade_seq": 6953, "trade_id": "233629045", "timestamp": 1667577202936, "tick_direction": 3, "price": 0.0075, "mark_price": 0.00730719, "iv": 59.66, "instrument_name": "BTC-30DEC22-30000-C", "index_price": 20927.03, "direction": "sell", "amount": 0.1}, {"trade_seq": 6952, "trade_id": "233629018", "timestamp": 1667577201510, "tick_direction": 3, "price": 0.0075, "mark_price": 0.00730883, "iv": 59.66, "instrument_name": "BTC-30DEC22-30000-C", "index_price": 20927.4, "direction": "sell", "amount": 0.1}, {"trade_seq": 6951, "trade_id": "233629005", "timestamp": 1667577199377, "tick_direction": 3, "price": 0.0075, "mark_price": 0.00733175, "iv": 59.65, "instrument_name": "BTC-30DEC22-30000-C", "index_price": 20928.36, "direction": "sell", "amount": 0.1}, {"trade_seq": 6950, "trade_id": "233629004", "timestamp": 1667577199363, "tick_direction": 3, "price": 0.0075, "mark_price": 0.00733175, "iv": 59.65, "instrument_name": "BTC-30DEC22-30000-C", "index_price": 20928.36, "direction": "sell", "amount": 0.1}, {"trade_seq": 6949, "trade_id": "233620377", "timestamp": 1667575718543, "tick_direction": 3, "price": 0.0075, "mark_price": 0.00752332, "iv": 58.48, "instrument_name": "BTC-30DEC22-30000-C", "index_price": 21121.66, "direction": "sell", "amount": 1.0}, {"trade_seq": 6948, "trade_id": "233618809", "timestamp": 1667575139381, "tick_direction": 3, "price": 0.0075, "mark_price": 0.00750663, "iv": 58.25, "instrument_name": "BTC-30DEC22-30000-C", "index_price": 21160.09, "direction": "sell", "amount": 1.4}, {"trade_seq": 6947, "trade_id": "233614669", "timestamp": 1667574470865, "tick_direction": 3, "price": 0.0075, "mark_price": 0.00794449, "iv": 58.1, "instrument_name": "BTC-30DEC22-30000-C", "index_price": 21183.99, "direction": "sell", "amount": 7.3}, {"trade_seq": 6946, "trade_id": "233614663", "timestamp": 1667574468934, "tick_direction": 3, "price": 0.0075, "mark_price": 0.007964, "iv": 58.09, "instrument_name": "BTC-30DEC22-30000-C", "index_price": 21186.19, "direction": "sell", "amount": 6.5}, {"trade_seq": 6945, "trade_id": "233614656", "timestamp": 1667574468667, "tick_direction": 2, "price": 0.0075, "mark_price": 0.007964, "iv": 58.09, "instrument_name": "BTC-30DEC22-30000-C", "index_price": 21186.19, "direction": "sell", "amount": 7.7}, {"trade_seq": 6944, "trade_id": "233614314", "timestamp": 1667574435327, "tick_direction": 1, "price": 0.008, "mark_price": 0.00800883, "iv": 58.88, "instrument_name": "BTC-30DEC22-30000-C", "index_price": 21193.46, "direction": "sell", "amount": 1.7}, {"trade_seq": 6943, "trade_id": "233611919", "timestamp": 1667573782352, "tick_direction": 1, "price": 0.008, "mark_price": 0.00785179, "iv": 58.72, "instrument_name": "BTC-30DEC22-30000-C", "index_price": 21214.02, "direction": "buy", "amount": 0.2}, {"trade_seq": 6942, "trade_id": "233611910", "timestamp": 1667573782266, "tick_direction": 1, "price": 0.008, "mark_price": 0.00785179, "iv": 58.72, "instrument_name": "BTC-30DEC22-30000-C", "index_price": 21214.02, "direction": "buy", "amount": 0.1}, {"trade_seq": 6941, "trade_id": "233611908", "timestamp": 1667573782242, "tick_direction": 1, "price": 0.008, "mark_price": 0.00785179, "iv": 58.72, "instrument_name": "BTC-30DEC22-30000-C", "index_price": 21214.02, "direction": "buy", "amount": 0.1}, {"trade_seq": 6940, "trade_id": "233611902", "timestamp": 1667573782060, "tick_direction": 1, "price": 0.008, "mark_price": 0.00785179, "iv": 58.72, "instrument_name": "BTC-30DEC22-30000-C", "index_price": 21213.56, "direction": "buy", "amount": 0.1}, {"trade_seq": 6939, "trade_id": "233611901", "timestamp": 1667573782045, "tick_direction": 1, "price": 0.008, "mark_price": 0.00785179, "iv": 58.72, "instrument_name": "BTC-30DEC22-30000-C", "index_price": 21213.56, "direction": "buy", "amount": 0.3}, {"trade_seq": 6938, "trade_id": "233611898", "timestamp": 1667573781029, "tick_direction": 1, "price": 0.008, "mark_price": 0.00785244, "iv": 58.72, "instrument_name": "BTC-30DEC22-30000-C", "index_price": 21213.71, "direction": "buy", "amount": 0.4}, {"trade_seq": 6937, "trade_id": "233611896", "timestamp": 1667573779749, "tick_direction": 1, "price": 0.008, "mark_price": 0.00785105, "iv": 58.72, "instrument_name": "BTC-30DEC22-30000-C", "index_price": 21213.27, "direction": "buy", "amount": 0.2}, {"trade_seq": 6936, "trade_id": "233611889", "timestamp": 1667573778606, "tick_direction": 1, "price": 0.008, "mark_price": 0.00784065, "iv": 58.74, "instrument_name": "BTC-30DEC22-30000-C", "index_price": 21210.78, "direction": "buy", "amount": 0.2}, {"trade_seq": 6935, "trade_id": "233611883", "timestamp": 1667573778360, "tick_direction": 1, "price": 0.008, "mark_price": 0.00784065, "iv": 58.74, "instrument_name": "BTC-30DEC22-30000-C", "index_price": 21210.78, "direction": "buy", "amount": 0.2}, {"trade_seq": 6934, "trade_id": "233611882", "timestamp": 1667573778346, "tick_direction": 1, "price": 0.008, "mark_price": 0.00784065, "iv": 58.74, "instrument_name": "BTC-30DEC22-30000-C", "index_price": 21210.78, "direction": "buy", "amount": 0.3}, {"trade_seq": 6933, "trade_id": "233611796", "timestamp": 1667573761133, "tick_direction": 1, "price": 0.008, "mark_price": 0.00784915, "iv": 58.72, "instrument_name": "BTC-30DEC22-30000-C", "index_price": 21214.25, "direction": "buy", "amount": 0.1}, {"trade_seq": 6932, "trade_id": "233611795", "timestamp": 1667573761120, "tick_direction": 1, "price": 0.008, "mark_price": 0.00784915, "iv": 58.72, "instrument_name": "BTC-30DEC22-30000-C", "index_price": 21214.25, "direction": "buy", "amount": 0.1}, {"trade_seq": 6931, "trade_id": "233611782", "timestamp": 1667573755600, "tick_direction": 1, "price": 0.008, "mark_price": 0.00784143, "iv": 58.75, "instrument_name": "BTC-30DEC22-30000-C", "index_price": 21210.31, "direction": "buy", "amount": 0.1}, {"trade_seq": 6930, "trade_id": "233611775", "timestamp": 1667573751847, "tick_direction": 1, "price": 0.008, "mark_price": 0.00782005, "iv": 58.78, "instrument_name": "BTC-30DEC22-30000-C", "index_price": 21204.78, "direction": "buy", "amount": 0.2}, {"trade_seq": 6929, "trade_id": "233611772", "timestamp": 1667573751762, "tick_direction": 1, "price": 0.008, "mark_price": 0.00782005, "iv": 58.78, "instrument_name": "BTC-30DEC22-30000-C", "index_price": 21204.78, "direction": "buy", "amount": 0.1}, {"trade_seq": 6928, "trade_id": "233611768", "timestamp": 1667573751725, "tick_direction": 1, "price": 0.008, "mark_price": 0.00782005, "iv": 58.78, "instrument_name": "BTC-30DEC22-30000-C", "index_price": 21204.78, "direction": "buy", "amount": 0.2}, {"trade_seq": 6927, "trade_id": "233611756", "timestamp": 1667573749834, "tick_direction": 1, "price": 0.008, "mark_price": 0.0078179, "iv": 58.79, "instrument_name": "BTC-30DEC22-30000-C", "index_price": 21204.5, "direction": "buy", "amount": 0.1}, {"trade_seq": 6926, "trade_id": "233603164", "timestamp": 1667572266842, "tick_direction": 0, "price": 0.008, "mark_price": 0.00768729, "iv": 58.79, "instrument_name": "BTC-30DEC22-30000-C", "index_price": 21205.36, "direction": "sell", "amount": 1.1}, {"trade_seq": 6925, "trade_id": "233589669", "timestamp": 1667570277795, "tick_direction": 1, "price": 0.0065, "mark_price": 0.00627671, "iv": 58.86, "instrument_name": "BTC-30DEC22-30000-C", "index_price": 20748.27, "direction": "buy", "amount": 0.4}, {"trade_seq": 6924, "trade_id": "233589668", "timestamp": 1667570276954, "tick_direction": 1, "price": 0.0065, "mark_price": 0.00628174, "iv": 58.85, "instrument_name": "BTC-30DEC22-30000-C", "index_price": 20750.28, "direction": "buy", "amount": 0.5}, {"trade_seq": 6923, "trade_id": "233589545", "timestamp": 1667570216040, "tick_direction": 1, "price": 0.0065, "mark_price": 0.0062718, "iv": 58.83, "instrument_name": "BTC-30DEC22-30000-C", "index_price": 20753.47, "direction": "buy", "amount": 0.2}, {"trade_seq": 6922, "trade_id": "233587698", "timestamp": 1667569691360, "tick_direction": 1, "price": 0.0065, "mark_price": 0.00583661, "iv": 58.81, "instrument_name": "BTC-30DEC22-30000-C", "index_price": 20754.31, "direction": "sell", "amount": 1.1}, {"trade_seq": 6921, "trade_id": "233587697", "timestamp": 1667569691125, "tick_direction": 1, "price": 0.0065, "mark_price": 0.00583661, "iv": 58.81, "instrument_name": "BTC-30DEC22-30000-C", "index_price": 20754.31, "direction": "sell", "amount": 88.3}, {"trade_seq": 6920, "trade_id": "233587696", "timestamp": 1667569691125, "tick_direction": 1, "price": 0.0065, "mark_price": 0.00583661, "iv": 58.81, "instrument_name": "BTC-30DEC22-30000-C", "index_price": 20754.31, "direction": "sell", "amount": 3.0}, {"trade_seq": 6919, "trade_id": "233587695", "timestamp": 1667569691120, "tick_direction": 1, "price": 0.0065, "mark_price": 0.00583661, "iv": 58.81, "instrument_name": "BTC-30DEC22-30000-C", "index_price": 20754.31, "direction": "buy", "amount": 5.0}, {"trade_seq": 6918, "trade_id": "233587694", "timestamp": 1667569691120, "tick_direction": 1, "price": 0.0065, "mark_price": 0.00583661, "iv": 58.81, "instrument_name": "BTC-30DEC22-30000-C", "index_price": 20754.31, "direction": "buy", "amount": 15.0}, {"trade_seq": 6917, "trade_id": "233587693", "timestamp": 1667569691120, "tick_direction": 1, "price": 0.0065, "mark_price": 0.00583661, "iv": 58.81, "instrument_name": "BTC-30DEC22-30000-C", "index_price": 20754.31, "direction": "buy", "amount": 8.1}, {"trade_seq": 6916, "trade_id": "233587692", "timestamp": 1667569691120, "tick_direction": 1, "price": 0.0065, "mark_price": 0.00583661, "iv": 58.81, "instrument_name": "BTC-30DEC22-30000-C", "index_price": 20754.31, "direction": "buy", "amount": 6.0}, {"trade_seq": 6915, "trade_id": "233587691", "timestamp": 1667569691120, "tick_direction": 1, "price": 0.0065, "mark_price": 0.00583661, "iv": 58.81, "instrument_name": "BTC-30DEC22-30000-C", "index_price": 20754.31, "direction": "buy", "amount": 20.0}, {"trade_seq": 6914, "trade_id": "233587690", "timestamp": 1667569691120, "tick_direction": 1, "price": 0.0065, "mark_price": 0.00583661, "iv": 58.81, "instrument_name": "BTC-30DEC22-30000-C", "index_price": 20754.31, "direction": "buy", "amount": 38.0}, {"trade_seq": 6913, "trade_id": "233587689", "timestamp": 1667569691120, "tick_direction": 1, "price": 0.0065, "mark_price": 0.00583661, "iv": 58.81, "instrument_name": "BTC-30DEC22-30000-C", "index_price": 20754.31, "direction": "buy", "amount": 3.0}, {"trade_seq": 6912, "trade_id": "233587688", "timestamp": 1667569691120, "tick_direction": 1, "price": 0.0065, "mark_price": 0.00583661, "iv": 58.81, "instrument_name": "BTC-30DEC22-30000-C", "index_price": 20754.31, "direction": "buy", "amount": 2.0}, {"trade_seq": 6911, "trade_id": "233587687", "timestamp": 1667569691120, "tick_direction": 1, "price": 0.0065, "mark_price": 0.00583661, "iv": 58.81, "instrument_name": "BTC-30DEC22-30000-C", "index_price": 20754.31, "direction": "buy", "amount": 11.6}, {"trade_seq": 6910, "trade_id": "233585299", "timestamp": 1667569052052, "tick_direction": 0, "price": 0.0065, "mark_price": 0.00570063, "iv": 58.63, "instrument_name": "BTC-30DEC22-30000-C", "index_price": 20783.84, "direction": "buy", "amount": 5.0}, {"trade_seq": 6909, "trade_id": "233556437", "timestamp": 1667563635795, "tick_direction": 1, "price": 0.0055, "mark_price": 0.00498045, "iv": 58.25, "instrument_name": "BTC-30DEC22-30000-C", "index_price": 20506.3, "direction": "buy", "amount": 5.0}, {"trade_seq": 6908, "trade_id": "233556434", "timestamp": 1667563634389, "tick_direction": 0, "price": 0.0055, "mark_price": 0.00498053, "iv": 58.25, "instrument_name": "BTC-30DEC22-30000-C", "index_price": 20505.23, "direction": "buy", "amount": 5.0}, {"trade_seq": 6907, "trade_id": "233551917", "timestamp": 1667559773134, "tick_direction": 1, "price": 0.005, "mark_price": 0.00499112, "iv": 56.42, "instrument_name": "BTC-30DEC22-30000-C", "index_price": 20620.2, "direction": "sell", "amount": 1.0}, {"trade_seq": 6906, "trade_id": "233551909", "timestamp": 1667559762281, "tick_direction": 1, "price": 0.005, "mark_price": 0.00499252, "iv": 56.42, "instrument_name": "BTC-30DEC22-30000-C", "index_price": 20619.84, "direction": "sell", "amount": 1.0}, {"trade_seq": 6905, "trade_id": "233551907", "timestamp": 1667559761135, "tick_direction": 1, "price": 0.005, "mark_price": 0.004992, "iv": 56.42, "instrument_name": "BTC-30DEC22-30000-C", "index_price": 20620.32, "direction": "sell", "amount": 1.0}, {"trade_seq": 6904, "trade_id": "233551906", "timestamp": 1667559760109, "tick_direction": 1, "price": 0.005, "mark_price": 0.00499417, "iv": 56.42, "instrument_name": "BTC-30DEC22-30000-C", "index_price": 20620.24, "direction": "sell", "amount": 1.0}, {"trade_seq": 6903, "trade_id": "233550335", "timestamp": 1667558204880, "tick_direction": 1, "price": 0.005, "mark_price": 0.00479309, "iv": 56.53, "instrument_name": "BTC-30DEC22-30000-C", "index_price": 20602.06, "direction": "sell", "amount": 4.0}, {"trade_seq": 6902, "trade_id": "233550334", "timestamp": 1667558204876, "tick_direction": 1, "price": 0.005, "mark_price": 0.00479309, "iv": 56.53, "instrument_name": "BTC-30DEC22-30000-C", "index_price": 20602.06, "direction": "buy", "amount": 1.0}, {"trade_seq": 6901, "trade_id": "233550331", "timestamp": 1667558201442, "tick_direction": 1, "price": 0.005, "mark_price": 0.00479267, "iv": 56.53, "instrument_name": "BTC-30DEC22-30000-C", "index_price": 20602.27, "direction": "buy", "amount": 3.0}, {"trade_seq": 6900, "trade_id": "233550203", "timestamp": 1667557843021, "tick_direction": 1, "price": 0.005, "mark_price": 0.00478717, "iv": 56.56, "instrument_name": "BTC-30DEC22-30000-C", "index_price": 20598.32, "direction": "buy", "amount": 1.0}, {"trade_seq": 6899, "trade_id": "233550202", "timestamp": 1667557843021, "tick_direction": 1, "price": 0.005, "mark_price": 0.00478717, "iv": 56.56, "instrument_name": "BTC-30DEC22-30000-C", "index_price": 20598.32, "direction": "buy", "amount": 4.0}, {"trade_seq": 6898, "trade_id": "233550201", "timestamp": 1667557840788, "tick_direction": 1, "price": 0.005, "mark_price": 0.00478748, "iv": 56.56, "instrument_name": "BTC-30DEC22-30000-C", "index_price": 20598.26, "direction": "buy", "amount": 5.0}, {"trade_seq": 6897, "trade_id": "233550200", "timestamp": 1667557837700, "tick_direction": 1, "price": 0.005, "mark_price": 0.00478672, "iv": 56.56, "instrument_name": "BTC-30DEC22-30000-C", "index_price": 20597.74, "direction": "buy", "amount": 5.0}, {"trade_seq": 6896, "trade_id": "233550199", "timestamp": 1667557836604, "tick_direction": 1, "price": 0.005, "mark_price": 0.0047869, "iv": 56.56, "instrument_name": "BTC-30DEC22-30000-C", "index_price": 20597.75, "direction": "buy", "amount": 5.0}, {"trade_seq": 6895, "trade_id": "233550198", "timestamp": 1667557833162, "tick_direction": 0, "price": 0.005, "mark_price": 0.00478515, "iv": 56.57, "instrument_name": "BTC-30DEC22-30000-C", "index_price": 20596.95, "direction": "buy", "amount": 1.0}, {"trade_seq": 6894, "trade_id": "233545580", "timestamp": 1667551911998, "tick_direction": 2, "price": 0.0046, "mark_price": 0.00470808, "iv": 55.4, "instrument_name": "BTC-30DEC22-30000-C", "index_price": 20634.51, "direction": "sell", "combo_id": "BTC-CS-30DEC22-25000_30000", "block_trade_id": "54706", "amount": 200.0}, {"trade_seq": 6893, "trade_id": "233544790", "timestamp": 1667551106114, "tick_direction": 1, "price": 0.005, "mark_price": 0.00457616, "iv": 56.36, "instrument_name": "BTC-30DEC22-30000-C", "index_price": 20627.1, "direction": "buy", "amount": 1.0}, {"trade_seq": 6892, "trade_id": "233544788", "timestamp": 1667551104406, "tick_direction": 1, "price": 0.005, "mark_price": 0.00457076, "iv": 56.37, "instrument_name": "BTC-30DEC22-30000-C", "index_price": 20625.05, "direction": "buy", "amount": 1.0}, {"trade_seq": 6891, "trade_id": "233544785", "timestamp": 1667551099486, "tick_direction": 1, "price": 0.005, "mark_price": 0.00457275, "iv": 56.36, "instrument_name": "BTC-30DEC22-30000-C", "index_price": 20626.14, "direction": "buy", "amount": 1.0}, {"trade_seq": 6890, "trade_id": "233544783", "timestamp": 1667551097763, "tick_direction": 1, "price": 0.005, "mark_price": 0.00457479, "iv": 56.36, "instrument_name": "BTC-30DEC22-30000-C", "index_price": 20626.54, "direction": "buy", "amount": 1.0}, {"trade_seq": 6889, "trade_id": "233544780", "timestamp": 1667551091372, "tick_direction": 1, "price": 0.005, "mark_price": 0.00457646, "iv": 56.34, "instrument_name": "BTC-30DEC22-30000-C", "index_price": 20627.55, "direction": "buy", "amount": 1.0}, {"trade_seq": 6888, "trade_id": "233544775", "timestamp": 1667551090243, "tick_direction": 0, "price": 0.005, "mark_price": 0.00457698, "iv": 56.34, "instrument_name": "BTC-30DEC22-30000-C", "index_price": 20628.02, "direction": "buy", "amount": 1.0}, {"trade_seq": 6887, "trade_id": "233544239", "timestamp": 1667550472116, "tick_direction": 1, "price": 0.0045, "mark_price": 0.00478043, "iv": 55.25, "instrument_name": "BTC-30DEC22-30000-C", "index_price": 20620.42, "direction": "sell", "amount": 7.0}, {"trade_seq": 6886, "trade_id": "233525523", "timestamp": 1667537602573, "tick_direction": 1, "price": 0.0045, "mark_price": 0.00423548, "iv": 56.88, "instrument_name": "BTC-30DEC22-30000-C", "index_price": 20320.42, "direction": "buy", "amount": 4.0}, {"trade_seq": 6885, "trade_id": "233525522", "timestamp": 1667537602573, "tick_direction": 0, "price": 0.0045, "mark_price": 0.00423548, "iv": 56.88, "instrument_name": "BTC-30DEC22-30000-C", "index_price": 20320.42, "direction": "buy", "amount": 3.0}, {"trade_seq": 6884, "trade_id": "233523141", "timestamp": 1667530600433, "tick_direction": 2, "price": 0.004, "mark_price": 0.00427525, "iv": 55.62, "instrument_name": "BTC-30DEC22-30000-C", "index_price": 20317.06, "direction": "sell", "amount": 0.2}, {"trade_seq": 6883, "trade_id": "233507863", "timestamp": 1667499076966, "tick_direction": 1, "price": 0.005, "mark_price": 0.00447066, "iv": 58.55, "instrument_name": "BTC-30DEC22-30000-C", "index_price": 20192.9, "direction": "buy", "amount": 1.2}, {"trade_seq": 6882, "trade_id": "233507603", "timestamp": 1667498801646, "tick_direction": 1, "price": 0.005, "mark_price": 0.00447706, "iv": 58.38, "instrument_name": "BTC-30DEC22-30000-C", "index_price": 20222.39, "direction": "buy", "amount": 4.4}, {"trade_seq": 6881, "trade_id": "233507602", "timestamp": 1667498801646, "tick_direction": 1, "price": 0.005, "mark_price": 0.00447706, "iv": 58.38, "instrument_name": "BTC-30DEC22-30000-C", "index_price": 20222.39, "direction": "buy", "amount": 38.0}, {"trade_seq": 6880, "trade_id": "233507601", "timestamp": 1667498801646, "tick_direction": 1, "price": 0.005, "mark_price": 0.00447706, "iv": 58.38, "instrument_name": "BTC-30DEC22-30000-C", "index_price": 20222.39, "direction": "buy", "amount": 4.6}, {"trade_seq": 6879, "trade_id": "233507600", "timestamp": 1667498801646, "tick_direction": 0, "price": 0.005, "mark_price": 0.00447706, "iv": 58.38, "instrument_name": "BTC-30DEC22-30000-C", "index_price": 20222.39, "direction": "buy", "amount": 2.0}, {"trade_seq": 6878, "trade_id": "233507022", "timestamp": 1667498439369, "tick_direction": 3, "price": 0.0045, "mark_price": 0.00434361, "iv": 57.14, "instrument_name": "BTC-30DEC22-30000-C", "index_price": 20234.66, "direction": "buy", "amount": 1.0}, {"trade_seq": 6877, "trade_id": "233499583", "timestamp": 1667487665009, "tick_direction": 3, "price": 0.0045, "mark_price": 0.00430891, "iv": 56.63, "instrument_name": "BTC-30DEC22-30000-C", "index_price": 20311.62, "direction": "buy", "amount": 0.3}, {"trade_seq": 6876, "trade_id": "233499545", "timestamp": 1667487642467, "tick_direction": 3, "price": 0.0045, "mark_price": 0.0043097, "iv": 56.63, "instrument_name": "BTC-30DEC22-30000-C", "index_price": 20310.73, "direction": "buy", "amount": 11.0}, {"trade_seq": 6875, "trade_id": "233477684", "timestamp": 1667476021556, "tick_direction": 3, "price": 0.0045, "mark_price": 0.00458773, "iv": 57.82, "instrument_name": "BTC-30DEC22-30000-C", "index_price": 20090.71, "direction": "sell", "amount": 10.0}, {"trade_seq": 6874, "trade_id": "233477683", "timestamp": 1667476021556, "tick_direction": 2, "price": 0.0045, "mark_price": 0.00458773, "iv": 57.82, "instrument_name": "BTC-30DEC22-30000-C", "index_price": 20090.71, "direction": "sell", "amount": 0.1}, {"trade_seq": 6873, "trade_id": "233471556", "timestamp": 1667467024279, "tick_direction": 3, "price": 0.005, "mark_price": 0.00473152, "iv": 57.83, "instrument_name": "BTC-30DEC22-30000-C", "index_price": 20287.51, "direction": "buy", "amount": 1.0}, {"trade_seq": 6872, "trade_id": "233471553", "timestamp": 1667467019396, "tick_direction": 3, "price": 0.005, "mark_price": 0.00473258, "iv": 57.83, "instrument_name": "BTC-30DEC22-30000-C", "index_price": 20288.14, "direction": "buy", "amount": 1.0}, {"trade_seq": 6871, "trade_id": "233471551", "timestamp": 1667467018324, "tick_direction": 3, "price": 0.005, "mark_price": 0.00473255, "iv": 57.83, "instrument_name": "BTC-30DEC22-30000-C", "index_price": 20288.07, "direction": "buy", "amount": 1.0}, {"trade_seq": 6870, "trade_id": "233471550", "timestamp": 1667467017041, "tick_direction": 3, "price": 0.005, "mark_price": 0.00473231, "iv": 57.83, "instrument_name": "BTC-30DEC22-30000-C", "index_price": 20288.09, "direction": "buy", "amount": 1.0}, {"trade_seq": 6869, "trade_id": "233471549", "timestamp": 1667467015633, "tick_direction": 3, "price": 0.005, "mark_price": 0.00473225, "iv": 57.83, "instrument_name": "BTC-30DEC22-30000-C", "index_price": 20288.02, "direction": "buy", "amount": 1.0}, {"trade_seq": 6868, "trade_id": "233471547", "timestamp": 1667467013593, "tick_direction": 3, "price": 0.005, "mark_price": 0.00473222, "iv": 57.83, "instrument_name": "BTC-30DEC22-30000-C", "index_price": 20287.96, "direction": "buy", "amount": 1.0}, {"trade_seq": 6867, "trade_id": "233462887", "timestamp": 1667454334589, "tick_direction": 3, "price": 0.005, "mark_price": 0.0052595, "iv": 57.3, "instrument_name": "BTC-30DEC22-30000-C", "index_price": 20366.86, "direction": "sell", "amount": 0.5}, {"trade_seq": 6866, "trade_id": "233462599", "timestamp": 1667453806327, "tick_direction": 2, "price": 0.005, "mark_price": 0.00524052, "iv": 57.35, "instrument_name": "BTC-30DEC22-30000-C", "index_price": 20358.24, "direction": "sell", "amount": 0.2}, {"trade_seq": 6865, "trade_id": "233449723", "timestamp": 1667431257513, "tick_direction": 3, "price": 0.0055, "mark_price": 0.00566154, "iv": 59.56, "instrument_name": "BTC-30DEC22-30000-C", "index_price": 20147.7, "direction": "sell", "amount": 0.5}, {"trade_seq": 6864, "trade_id": "233449718", "timestamp": 1667431254897, "tick_direction": 2, "price": 0.0055, "mark_price": 0.00565896, "iv": 59.57, "instrument_name": "BTC-30DEC22-30000-C", "index_price": 20146.55, "direction": "sell", "amount": 0.5}, {"trade_seq": 6863, "trade_id": "233427183", "timestamp": 1667417014175, "tick_direction": 3, "price": 0.0065, "mark_price": 0.00655401, "iv": 60.11, "instrument_name": "BTC-30DEC22-30000-C", "index_price": 20372.45, "direction": "sell", "amount": 10.3}, {"trade_seq": 6862, "trade_id": "233427182", "timestamp": 1667417014171, "tick_direction": 3, "price": 0.0065, "mark_price": 0.00655401, "iv": 60.11, "instrument_name": "BTC-30DEC22-30000-C", "index_price": 20372.45, "direction": "sell", "amount": 7.7}, {"trade_seq": 6861, "trade_id": "233427165", "timestamp": 1667417013216, "tick_direction": 2, "price": 0.0065, "mark_price": 0.00655692, "iv": 60.11, "instrument_name": "BTC-30DEC22-30000-C", "index_price": 20374.44, "direction": "sell", "amount": 7.0}, {"trade_seq": 6860, "trade_id": "233423870", "timestamp": 1667416236854, "tick_direction": 2, "price": 0.0068, "mark_price": 0.00698636, "iv": 59.54, "instrument_name": "BTC-30DEC22-30000-C", "index_price": 20573.31, "direction": "buy", "combo_id": "BTC-CS-30DEC22-30000_35000", "block_trade_id": "54538", "amount": 40.0}