{"trades": [{"trade_seq": 48, "trade_id": "195572111", "timestamp": 1639770519797, "tick_direction": 0, "price": 0.7465, "mark_price": 0.74430472, "iv": 341.4, "instrument_name": "BTC-31DEC21-12000-C", "index_price": 46819.09, "direction": "buy", "amount": 0.1}, {"trade_seq": 47, "trade_id": "195571951", "timestamp": 1639770411828, "tick_direction": 2, "price": 0.7415, "mark_price": 0.74434437, "iv": 0.0, "instrument_name": "BTC-31DEC21-12000-C", "index_price": 46837.38, "direction": "sell", "amount": 0.1}, {"trade_seq": 46, "trade_id": "186806154", "timestamp": 1635346197254, "tick_direction": 2, "price": 0.8035, "mark_price": 0.80312131, "iv": 167.33, "instrument_name": "BTC-31DEC21-12000-C", "index_price": 59413.9, "direction": "sell", "amount": 0.8}, {"trade_seq": 45, "trade_id": "186322610", "timestamp": 1635123501384, "tick_direction": 0, "price": 0.8125, "mark_price": 0.81184304, "iv": 173.79, "instrument_name": "BTC-31DEC21-12000-C", "index_price": 61743.63, "direction": "buy", "amount": 0.4}, {"trade_seq": 44, "trade_id": "186054701", "timestamp": 1634919448797, "tick_direction": 1, "price": 0.81, "mark_price": 0.80839197, "iv": 182.33, "instrument_name": "BTC-31DEC21-12000-C", "index_price": 60717.72, "direction": "buy", "amount": 0.4}, {"trade_seq": 43, "trade_id": "186054210", "timestamp": 1634919441334, "tick_direction": 0, "price": 0.81, "mark_price": 0.8079897, "iv": 185.16, "instrument_name": "BTC-31DEC21-12000-C", "index_price": 60630.02, "direction": "sell", "amount": 0.4}, {"trade_seq": 42, "trade_id": "183427102", "timestamp": 1633682330191, "tick_direction": 0, "price": 0.7945, "mark_price": 0.79179261, "iv": 168.6, "instrument_name": "BTC-31DEC21-12000-C", "index_price": 55918.62, "direction": "sell", "amount": 0.7}, {"trade_seq": 41, "trade_id": "183318928", "timestamp": 1633617393901, "tick_direction": 2, "price": 0.783, "mark_price": 0.78367105, "iv": 108.3, "instrument_name": "BTC-31DEC21-12000-C", "index_price": 54005.24, "direction": "sell", "amount": 0.9}, {"trade_seq": 40, "trade_id": "183091314", "timestamp": 1633526023079, "tick_direction": 1, "price": 0.79, "mark_price": 0.78724392, "iv": 161.97, "instrument_name": "BTC-31DEC21-12000-C", "index_price": 54907.94, "direction": "buy", "amount": 0.6}, {"trade_seq": 39, "trade_id": "183090769", "timestamp": 1633526018117, "tick_direction": 0, "price": 0.79, "mark_price": 0.78597107, "iv": 171.83, "instrument_name": "BTC-31DEC21-12000-C", "index_price": 54565.25, "direction": "buy", "amount": 0.7}, {"trade_seq": 38, "trade_id": "182211414", "timestamp": 1633018325732, "tick_direction": 1, "price": 0.7265, "mark_price": 0.72769848, "iv": 112.53, "instrument_name": "BTC-31DEC21-12000-C", "index_price": 43008.87, "direction": "sell", "amount": 0.2}, {"trade_seq": 37, "trade_id": "182211408", "timestamp": 1633018325536, "tick_direction": 0, "price": 0.7265, "mark_price": 0.72769848, "iv": 112.53, "instrument_name": "BTC-31DEC21-12000-C", "index_price": 43008.87, "direction": "sell", "amount": 0.2}, {"trade_seq": 36, "trade_id": "181875193", "timestamp": 1632816263813, "tick_direction": 2, "price": 0.7235, "mark_price": 0.71965359, "iv": 143.97, "instrument_name": "BTC-31DEC21-12000-C", "index_price": 41826.97, "direction": "buy", "amount": 0.1}, {"trade_seq": 35, "trade_id": "179258556", "timestamp": 1631480327552, "tick_direction": 2, "price": 0.7435, "mark_price": 0.74544215, "iv": 118.4, "instrument_name": "BTC-31DEC21-12000-C", "index_price": 45054.47, "direction": "sell", "amount": 0.1}, {"trade_seq": 34, "trade_id": "179257521", "timestamp": 1631480021965, "tick_direction": 2, "price": 0.756, "mark_price": 0.74554029, "iv": 170.76, "instrument_name": "BTC-31DEC21-12000-C", "index_price": 45089.74, "direction": "buy", "amount": 0.1}, {"trade_seq": 33, "trade_id": "178270026", "timestamp": 1631026136651, "tick_direction": 2, "price": 0.764, "mark_price": 0.7653642, "iv": 111.54, "instrument_name": "BTC-31DEC21-12000-C", "index_price": 48948.06, "direction": "buy", "amount": 0.7}, {"trade_seq": 32, "trade_id": "178237703", "timestamp": 1631024189837, "tick_direction": 0, "price": 0.7705, "mark_price": 0.77164249, "iv": 115.14, "instrument_name": "BTC-31DEC21-12000-C", "index_price": 50213.74, "direction": "buy", "amount": 0.8}, {"trade_seq": 31, "trade_id": "177596011", "timestamp": 1630619013090, "tick_direction": 0, "price": 0.7685, "mark_price": 0.76867683, "iv": 122.15, "instrument_name": "BTC-31DEC21-12000-C", "index_price": 49686.03, "direction": "buy", "amount": 0.1}, {"trade_seq": 30, "trade_id": "177595851", "timestamp": 1630618933219, "tick_direction": 0, "price": 0.768, "mark_price": 0.76827635, "iv": 121.3, "instrument_name": "BTC-31DEC21-12000-C", "index_price": 49593.85, "direction": "buy", "amount": 0.1}, {"trade_seq": 29, "trade_id": "176553637", "timestamp": 1629965026565, "tick_direction": 0, "price": 0.757, "mark_price": 0.75466391, "iv": 134.87, "instrument_name": "BTC-31DEC21-12000-C", "index_price": 46827.89, "direction": "buy", "amount": 0.1}, {"trade_seq": 28, "trade_id": "173352455", "timestamp": 1628265809188, "tick_direction": 0, "price": 0.7375, "mark_price": 0.73510448, "iv": 122.54, "instrument_name": "BTC-31DEC21-12000-C", "index_price": 42866.27, "direction": "sell", "amount": 0.4}, {"trade_seq": 27, "trade_id": "172460971", "timestamp": 1627900840118, "tick_direction": 2, "price": 0.717, "mark_price": 0.71422618, "iv": 119.89, "instrument_name": "BTC-31DEC21-12000-C", "index_price": 39670.05, "direction": "buy", "amount": 0.1}, {"trade_seq": 26, "trade_id": "171535498", "timestamp": 1627471888499, "tick_direction": 0, "price": 0.7235, "mark_price": 0.7227197, "iv": 113.69, "instrument_name": "BTC-31DEC21-12000-C", "index_price": 40715.98, "direction": "sell", "amount": 1.4}, {"trade_seq": 25, "trade_id": "170226040", "timestamp": 1627079236855, "tick_direction": 0, "price": 0.654, "mark_price": 0.65330446, "iv": 102.38, "instrument_name": "BTC-31DEC21-12000-C", "index_price": 32798.03, "direction": "sell", "amount": 0.1}, {"trade_seq": 24, "trade_id": "169735162", "timestamp": 1626860660801, "tick_direction": 0, "price": 0.632, "mark_price": 0.62884211, "iv": 103.69, "instrument_name": "BTC-31DEC21-12000-C", "index_price": 30869.11, "direction": "buy", "amount": 1.4}, {"trade_seq": 23, "trade_id": "169735161", "timestamp": 1626860660801, "tick_direction": 0, "price": 0.6315, "mark_price": 0.62884211, "iv": 102.85, "instrument_name": "BTC-31DEC21-12000-C", "index_price": 30869.11, "direction": "buy", "amount": 1.4}, {"trade_seq": 22, "trade_id": "169420997", "timestamp": 1626747802852, "tick_direction": 2, "price": 0.6225, "mark_price": 0.6240392, "iv": 97.91, "instrument_name": "BTC-31DEC21-12000-C", "index_price": 30305.32, "direction": "sell", "amount": 0.1}, {"trade_seq": 21, "trade_id": "164212981", "timestamp": 1624370263471, "tick_direction": 3, "price": 0.6355, "mark_price": 0.63115945, "iv": 113.63, "instrument_name": "BTC-31DEC21-12000-C", "index_price": 29598.83, "direction": "buy", "amount": 0.6}, {"trade_seq": 20, "trade_id": "164212974", "timestamp": 1624370263407, "tick_direction": 2, "price": 0.6355, "mark_price": 0.63115945, "iv": 113.63, "instrument_name": "BTC-31DEC21-12000-C", "index_price": 29598.83, "direction": "buy", "amount": 0.6}, {"trade_seq": 19, "trade_id": "163763340", "timestamp": 1624274723805, "tick_direction": 2, "price": 0.6625, "mark_price": 0.64779475, "iv": 122.13, "instrument_name": "BTC-31DEC21-12000-C", "index_price": 31888.02, "direction": "buy", "amount": 0.1}, {"trade_seq": 18, "trade_id": "163759218", "timestamp": 1624274474138, "tick_direction": 0, "price": 0.6635, "mark_price": 0.65064593, "iv": 120.38, "instrument_name": "BTC-31DEC21-12000-C", "index_price": 32139.46, "direction": "buy", "amount": 0.1}, {"trade_seq": 17, "trade_id": "163748027", "timestamp": 1624272880013, "tick_direction": 1, "price": 0.6515, "mark_price": 0.65475095, "iv": 98.28, "instrument_name": "BTC-31DEC21-12000-C", "index_price": 32585.4, "direction": "buy", "amount": 0.3}, {"trade_seq": 16, "trade_id": "163745738", "timestamp": 1624272258665, "tick_direction": 0, "price": 0.6515, "mark_price": 0.65612553, "iv": 95.64, "instrument_name": "BTC-31DEC21-12000-C", "index_price": 32700.07, "direction": "sell", "amount": 1.1}, {"trade_seq": 15, "trade_id": "163745548", "timestamp": 1624272205543, "tick_direction": 2, "price": 0.6505, "mark_price": 0.6561606, "iv": 93.74, "instrument_name": "BTC-31DEC21-12000-C", "index_price": 32690.58, "direction": "sell", "amount": 0.6}, {"trade_seq": 14, "trade_id": "163744573", "timestamp": 1624272063120, "tick_direction": 2, "price": 0.6515, "mark_price": 0.65605654, "iv": 95.66, "instrument_name": "BTC-31DEC21-12000-C", "index_price": 32686.27, "direction": "sell", "amount": 1.0}, {"trade_seq": 13, "trade_id": "163411605", "timestamp": 1624184750918, "tick_direction": 3, "price": 0.664, "mark_price": 0.66488653, "iv": 98.48, "instrument_name": "BTC-31DEC21-12000-C", "index_price": 33789.45, "direction": "sell", "amount": 0.2}, {"trade_seq": 12, "trade_id": "163411477", "timestamp": 1624184749157, "tick_direction": 2, "price": 0.664, "mark_price": 0.66511289, "iv": 97.49, "instrument_name": "BTC-31DEC21-12000-C", "index_price": 33821.89, "direction": "sell", "amount": 0.2}, {"trade_seq": 11, "trade_id": "163409866", "timestamp": 1624184659205, "tick_direction": 2, "price": 0.6655, "mark_price": 0.66637702, "iv": 98.06, "instrument_name": "BTC-31DEC21-12000-C", "index_price": 33962.4, "direction": "sell", "amount": 0.3}, {"trade_seq": 10, "trade_id": "153089726", "timestamp": 1621240673477, "tick_direction": 2, "price": 0.745, "mark_price": 0.7604718, "iv": 0.0, "instrument_name": "BTC-31DEC21-12000-C", "index_price": 45442.13, "direction": "buy", "amount": 0.1}, {"trade_seq": 9, "trade_id": "139104263", "timestamp": 1616754055827, "tick_direction": 1, "price": 0.8095, "mark_price": 0.81145478, "iv": 90.56, "instrument_name": "BTC-31DEC21-12000-C", "index_price": 53460.71, "direction": "buy", "amount": 4.0}, {"trade_seq": 8, "trade_id": "139101629", "timestamp": 1616752569425, "tick_direction": 1, "price": 0.8095, "mark_price": 0.81104826, "iv": 92.64, "instrument_name": "BTC-31DEC21-12000-C", "index_price": 53319.31, "direction": "buy", "amount": 4.0}, {"trade_seq": 7, "trade_id": "139100897", "timestamp": 1616752207387, "tick_direction": 0, "price": 0.8095, "mark_price": 0.81086906, "iv": 93.34, "instrument_name": "BTC-31DEC21-12000-C", "index_price": 53280.77, "direction": "buy", "amount": 4.0}, {"trade_seq": 6, "trade_id": "138809251", "timestamp": 1616686082228, "tick_direction": 0, "price": 0.8025, "mark_price": 0.80167039, "iv": 101.14, "instrument_name": "BTC-31DEC21-12000-C", "index_price": 50961.09, "direction": "buy", "amount": 4.0}, {"trade_seq": 5, "trade_id": "138808658", "timestamp": 1616685985261, "tick_direction": 2, "price": 0.8015, "mark_price": 0.80132513, "iv": 98.98, "instrument_name": "BTC-31DEC21-12000-C", "index_price": 50794.62, "direction": "buy", "amount": 4.0}, {"trade_seq": 4, "trade_id": "138808237", "timestamp": 1616685951618, "tick_direction": 2, "price": 0.8025, "mark_price": 0.80164502, "iv": 101.3, "instrument_name": "BTC-31DEC21-12000-C", "index_price": 50894.09, "direction": "buy", "amount": 0.5}, {"trade_seq": 3, "trade_id": "138806812", "timestamp": 1616685812774, "tick_direction": 2, "price": 0.803, "mark_price": 0.80182253, "iv": 102.1, "instrument_name": "BTC-31DEC21-12000-C", "index_price": 51033.73, "direction": "buy", "amount": 0.5}, {"trade_seq": 2, "trade_id": "131353770", "timestamp": 1614242864684, "tick_direction": 0, "price": 0.812, "mark_price": 0.80175476, "iv": 125.29, "instrument_name": "BTC-31DEC21-12000-C", "index_price": 50007.99, "direction": "buy", "amount": 0.1}, {"trade_seq": 1, "trade_id": "126286214", "timestamp": 1612865028608, "tick_direction": 1, "price": 0.7875, "mark_price": 0.7866926, "iv": 108.61, "instrument_name": "BTC-31DEC21-12000-C", "index_price": 46184.91, "direction": "sell", "amount": 2.0}], "has_more": false}