{"trades": [{"trade_seq": 5797, "trade_id": "196024154", "timestamp": 1640078414160, "tick_direction": 1, "price": 0.0005, "mark_price": 2.4e-07, "iv": 200.77, "instrument_name": "BTC-31DEC21-120000-C", "index_price": 48473.97, "direction": "buy", "amount": 0.1}, {"trade_seq": 5796, "trade_id": "195326075", "timestamp": 1639630690429, "tick_direction": 1, "price": 0.0005, "mark_price": 1.452e-05, "iv": 161.82, "instrument_name": "BTC-31DEC21-120000-C", "index_price": 48768.97, "direction": "sell", "amount": 20.0}, {"trade_seq": 5795, "trade_id": "195326074", "timestamp": 1639630690417, "tick_direction": 1, "price": 0.0005, "mark_price": 1.452e-05, "iv": 161.82, "instrument_name": "BTC-31DEC21-120000-C", "index_price": 48768.97, "direction": "sell", "amount": 5.0}, {"trade_seq": 5794, "trade_id": "195326070", "timestamp": 1639630687968, "tick_direction": 1, "price": 0.0005, "mark_price": 1.445e-05, "iv": 161.82, "instrument_name": "BTC-31DEC21-120000-C", "index_price": 48769.2, "direction": "sell", "amount": 5.0}, {"trade_seq": 5793, "trade_id": "195326069", "timestamp": 1639630685965, "tick_direction": 1, "price": 0.0005, "mark_price": 1.441e-05, "iv": 161.82, "instrument_name": "BTC-31DEC21-120000-C", "index_price": 48768.97, "direction": "sell", "amount": 5.0}, {"trade_seq": 5792, "trade_id": "195326068", "timestamp": 1639630685581, "tick_direction": 1, "price": 0.0005, "mark_price": 1.441e-05, "iv": 161.82, "instrument_name": "BTC-31DEC21-120000-C", "index_price": 48768.97, "direction": "sell", "amount": 5.0}, {"trade_seq": 5791, "trade_id": "195326067", "timestamp": 1639630685085, "tick_direction": 1, "price": 0.0005, "mark_price": 1.439e-05, "iv": 161.82, "instrument_name": "BTC-31DEC21-120000-C", "index_price": 48768.97, "direction": "sell", "amount": 5.0}, {"trade_seq": 5790, "trade_id": "195326066", "timestamp": 1639630682947, "tick_direction": 1, "price": 0.0005, "mark_price": 1.434e-05, "iv": 161.82, "instrument_name": "BTC-31DEC21-120000-C", "index_price": 48768.97, "direction": "sell", "amount": 5.0}, {"trade_seq": 5789, "trade_id": "195326064", "timestamp": 1639630679168, "tick_direction": 1, "price": 0.0005, "mark_price": 1.425e-05, "iv": 161.82, "instrument_name": "BTC-31DEC21-120000-C", "index_price": 48769.35, "direction": "buy", "amount": 15.0}, {"trade_seq": 5788, "trade_id": "195326062", "timestamp": 1639630660455, "tick_direction": 1, "price": 0.0005, "mark_price": 1.425e-05, "iv": 161.83, "instrument_name": "BTC-31DEC21-120000-C", "index_price": 48769.64, "direction": "sell", "amount": 0.8}, {"trade_seq": 5787, "trade_id": "195326061", "timestamp": 1639630660439, "tick_direction": 1, "price": 0.0005, "mark_price": 1.425e-05, "iv": 161.83, "instrument_name": "BTC-31DEC21-120000-C", "index_price": 48769.64, "direction": "buy", "amount": 48.0}, {"trade_seq": 5786, "trade_id": "195326060", "timestamp": 1639630660439, "tick_direction": 1, "price": 0.0005, "mark_price": 1.425e-05, "iv": 161.83, "instrument_name": "BTC-31DEC21-120000-C", "index_price": 48769.64, "direction": "buy", "amount": 13.2}, {"trade_seq": 5785, "trade_id": "195326059", "timestamp": 1639630660439, "tick_direction": 1, "price": 0.0005, "mark_price": 1.425e-05, "iv": 161.83, "instrument_name": "BTC-31DEC21-120000-C", "index_price": 48769.64, "direction": "buy", "amount": 0.1}, {"trade_seq": 5784, "trade_id": "195326058", "timestamp": 1639630660439, "tick_direction": 1, "price": 0.0005, "mark_price": 1.425e-05, "iv": 161.83, "instrument_name": "BTC-31DEC21-120000-C", "index_price": 48769.64, "direction": "buy", "amount": 1.0}, {"trade_seq": 5783, "trade_id": "195326057", "timestamp": 1639630660439, "tick_direction": 1, "price": 0.0005, "mark_price": 1.425e-05, "iv": 161.83, "instrument_name": "BTC-31DEC21-120000-C", "index_price": 48769.64, "direction": "buy", "amount": 0.1}, {"trade_seq": 5782, "trade_id": "195326056", "timestamp": 1639630660439, "tick_direction": 1, "price": 0.0005, "mark_price": 1.425e-05, "iv": 161.83, "instrument_name": "BTC-31DEC21-120000-C", "index_price": 48769.64, "direction": "buy", "amount": 1.8}, {"trade_seq": 5781, "trade_id": "195035582", "timestamp": 1639471698753, "tick_direction": 0, "price": 0.0005, "mark_price": 2.18e-05, "iv": 157.17, "instrument_name": "BTC-31DEC21-120000-C", "index_price": 47383.76, "direction": "buy", "amount": 0.1}, {"trade_seq": 5780, "trade_id": "194764490", "timestamp": 1639330654250, "tick_direction": 2, "price": 0.0001, "mark_price": 8.222e-05, "iv": 123.39, "instrument_name": "BTC-31DEC21-120000-C", "index_price": 49878.8, "direction": "buy", "block_trade_id": "27355", "amount": 6.0}, {"trade_seq": 5779, "trade_id": "194644053", "timestamp": 1639216735587, "tick_direction": 1, "price": 0.0005, "mark_price": 5.912e-05, "iv": 141.42, "instrument_name": "BTC-31DEC21-120000-C", "index_price": 48588.47, "direction": "buy", "amount": 0.1}, {"trade_seq": 5778, "trade_id": "194472038", "timestamp": 1639142551796, "tick_direction": 1, "price": 0.0005, "mark_price": 4.477e-05, "iv": 137.46, "instrument_name": "BTC-31DEC21-120000-C", "index_price": 48916.35, "direction": "buy", "amount": 0.1}, {"trade_seq": 5777, "trade_id": "194455567", "timestamp": 1639129519156, "tick_direction": 1, "price": 0.0005, "mark_price": 3.698e-05, "iv": 138.72, "instrument_name": "BTC-31DEC21-120000-C", "index_price": 48294.34, "direction": "buy", "amount": 0.1}, {"trade_seq": 5776, "trade_id": "194293799", "timestamp": 1639046631457, "tick_direction": 1, "price": 0.0005, "mark_price": 4.936e-05, "iv": 132.83, "instrument_name": "BTC-31DEC21-120000-C", "index_price": 49336.3, "direction": "buy", "amount": 0.8}, {"trade_seq": 5775, "trade_id": "194118982", "timestamp": 1638956954924, "tick_direction": 1, "price": 0.0005, "mark_price": 7.833e-05, "iv": 127.63, "instrument_name": "BTC-31DEC21-120000-C", "index_price": 50204.51, "direction": "sell", "amount": 0.5}, {"trade_seq": 5774, "trade_id": "194118981", "timestamp": 1638956954898, "tick_direction": 1, "price": 0.0005, "mark_price": 7.833e-05, "iv": 127.63, "instrument_name": "BTC-31DEC21-120000-C", "index_price": 50204.51, "direction": "buy", "amount": 3.0}, {"trade_seq": 5773, "trade_id": "194118980", "timestamp": 1638956954898, "tick_direction": 1, "price": 0.0005, "mark_price": 7.833e-05, "iv": 127.63, "instrument_name": "BTC-31DEC21-120000-C", "index_price": 50204.51, "direction": "buy", "amount": 1.5}, {"trade_seq": 5772, "trade_id": "194066067", "timestamp": 1638908670383, "tick_direction": 1, "price": 0.0005, "mark_price": 0.00010165, "iv": 125.26, "instrument_name": "BTC-31DEC21-120000-C", "index_price": 50547.04, "direction": "buy", "amount": 0.5}, {"trade_seq": 5771, "trade_id": "193963519", "timestamp": 1638859280509, "tick_direction": 1, "price": 0.0005, "mark_price": 7.657e-05, "iv": 122.06, "instrument_name": "BTC-31DEC21-120000-C", "index_price": 51192.85, "direction": "buy", "amount": 2.2}, {"trade_seq": 5770, "trade_id": "193963518", "timestamp": 1638859280509, "tick_direction": 1, "price": 0.0005, "mark_price": 7.657e-05, "iv": 122.06, "instrument_name": "BTC-31DEC21-120000-C", "index_price": 51192.85, "direction": "buy", "amount": 1.0}, {"trade_seq": 5769, "trade_id": "193913093", "timestamp": 1638832543606, "tick_direction": 0, "price": 0.0005, "mark_price": 7.716e-05, "iv": 122.47, "instrument_name": "BTC-31DEC21-120000-C", "index_price": 50734.68, "direction": "buy", "block_trade_id": "27060", "amount": 25.0}, {"trade_seq": 5768, "trade_id": "193773596", "timestamp": 1638789273644, "tick_direction": 2, "price": 0.0001, "mark_price": 6.011e-05, "iv": 112.5, "instrument_name": "BTC-31DEC21-120000-C", "index_price": 47347.61, "direction": "sell", "block_trade_id": "27006", "amount": 13.0}, {"trade_seq": 5767, "trade_id": "193768024", "timestamp": 1638787298553, "tick_direction": 3, "price": 0.0005, "mark_price": 6.125e-05, "iv": 129.34, "instrument_name": "BTC-31DEC21-120000-C", "index_price": 47523.18, "direction": "sell", "amount": 1.0}, {"trade_seq": 5766, "trade_id": "193767958", "timestamp": 1638787272816, "tick_direction": 3, "price": 0.0005, "mark_price": 5.945e-05, "iv": 129.28, "instrument_name": "BTC-31DEC21-120000-C", "index_price": 47543.36, "direction": "buy", "amount": 3.0}, {"trade_seq": 5765, "trade_id": "193688029", "timestamp": 1638765246404, "tick_direction": 3, "price": 0.0005, "mark_price": 0.0001182, "iv": 124.57, "instrument_name": "BTC-31DEC21-120000-C", "index_price": 49233.02, "direction": "sell", "amount": 0.7}, {"trade_seq": 5764, "trade_id": "193688028", "timestamp": 1638765246390, "tick_direction": 3, "price": 0.0005, "mark_price": 0.0001182, "iv": 124.57, "instrument_name": "BTC-31DEC21-120000-C", "index_price": 49233.02, "direction": "buy", "amount": 0.1}, {"trade_seq": 5763, "trade_id": "193688027", "timestamp": 1638765246390, "tick_direction": 3, "price": 0.0005, "mark_price": 0.0001182, "iv": 124.57, "instrument_name": "BTC-31DEC21-120000-C", "index_price": 49233.02, "direction": "buy", "amount": 3.2}, {"trade_seq": 5762, "trade_id": "193688026", "timestamp": 1638765246390, "tick_direction": 3, "price": 0.0005, "mark_price": 0.0001182, "iv": 124.57, "instrument_name": "BTC-31DEC21-120000-C", "index_price": 49233.02, "direction": "buy", "amount": 1.0}, {"trade_seq": 5761, "trade_id": "193486506", "timestamp": 1638663552746, "tick_direction": 3, "price": 0.0005, "mark_price": 0.00045047, "iv": 120.59, "instrument_name": "BTC-31DEC21-120000-C", "index_price": 49671.82, "direction": "buy", "amount": 3.1}, {"trade_seq": 5760, "trade_id": "193486505", "timestamp": 1638663552686, "tick_direction": 3, "price": 0.0005, "mark_price": 0.00045047, "iv": 120.59, "instrument_name": "BTC-31DEC21-120000-C", "index_price": 49671.82, "direction": "buy", "amount": 6.9}, {"trade_seq": 5759, "trade_id": "193486496", "timestamp": 1638663551314, "tick_direction": 2, "price": 0.0005, "mark_price": 0.0004511, "iv": 120.58, "instrument_name": "BTC-31DEC21-120000-C", "index_price": 49669.58, "direction": "sell", "amount": 10.0}, {"trade_seq": 5758, "trade_id": "193486440", "timestamp": 1638663544591, "tick_direction": 1, "price": 0.001, "mark_price": 0.00045109, "iv": 129.77, "instrument_name": "BTC-31DEC21-120000-C", "index_price": 49707.83, "direction": "sell", "amount": 2.0}, {"trade_seq": 5757, "trade_id": "193486437", "timestamp": 1638663544356, "tick_direction": 1, "price": 0.001, "mark_price": 0.00045109, "iv": 129.77, "instrument_name": "BTC-31DEC21-120000-C", "index_price": 49707.83, "direction": "buy", "amount": 1.2}, {"trade_seq": 5756, "trade_id": "193486433", "timestamp": 1638663543492, "tick_direction": 1, "price": 0.001, "mark_price": 0.00045066, "iv": 129.77, "instrument_name": "BTC-31DEC21-120000-C", "index_price": 49710.07, "direction": "buy", "amount": 2.1}, {"trade_seq": 5755, "trade_id": "193483626", "timestamp": 1638663068242, "tick_direction": 0, "price": 0.001, "mark_price": 0.00072905, "iv": 129.85, "instrument_name": "BTC-31DEC21-120000-C", "index_price": 49654.39, "direction": "buy", "amount": 6.5}, {"trade_seq": 5754, "trade_id": "193483624", "timestamp": 1638663067311, "tick_direction": 3, "price": 0.0005, "mark_price": 0.00072905, "iv": 120.62, "instrument_name": "BTC-31DEC21-120000-C", "index_price": 49649.71, "direction": "sell", "amount": 1.7}, {"trade_seq": 5753, "trade_id": "193483623", "timestamp": 1638663067048, "tick_direction": 3, "price": 0.0005, "mark_price": 0.00072905, "iv": 120.62, "instrument_name": "BTC-31DEC21-120000-C", "index_price": 49649.71, "direction": "sell", "amount": 1.7}, {"trade_seq": 5752, "trade_id": "193483615", "timestamp": 1638663066168, "tick_direction": 3, "price": 0.0005, "mark_price": 0.00072768, "iv": 120.62, "instrument_name": "BTC-31DEC21-120000-C", "index_price": 49639.45, "direction": "sell", "amount": 1.7}, {"trade_seq": 5751, "trade_id": "193483610", "timestamp": 1638663066063, "tick_direction": 3, "price": 0.0005, "mark_price": 0.00072768, "iv": 120.62, "instrument_name": "BTC-31DEC21-120000-C", "index_price": 49639.45, "direction": "sell", "amount": 1.7}, {"trade_seq": 5750, "trade_id": "193483609", "timestamp": 1638663065914, "tick_direction": 3, "price": 0.0005, "mark_price": 0.00072768, "iv": 120.62, "instrument_name": "BTC-31DEC21-120000-C", "index_price": 49639.45, "direction": "sell", "amount": 1.7}, {"trade_seq": 5749, "trade_id": "193483608", "timestamp": 1638663065847, "tick_direction": 3, "price": 0.0005, "mark_price": 0.00072768, "iv": 120.62, "instrument_name": "BTC-31DEC21-120000-C", "index_price": 49639.45, "direction": "sell", "amount": 1.7}, {"trade_seq": 5748, "trade_id": "193483607", "timestamp": 1638663065799, "tick_direction": 3, "price": 0.0005, "mark_price": 0.00072768, "iv": 120.62, "instrument_name": "BTC-31DEC21-120000-C", "index_price": 49639.45, "direction": "sell", "amount": 1.7}, {"trade_seq": 5747, "trade_id": "193483606", "timestamp": 1638663065777, "tick_direction": 3, "price": 0.0005, "mark_price": 0.00072768, "iv": 120.62, "instrument_name": "BTC-31DEC21-120000-C", "index_price": 49639.45, "direction": "sell", "amount": 1.7}, {"trade_seq": 5746, "trade_id": "193483605", "timestamp": 1638663065762, "tick_direction": 3, "price": 0.0005, "mark_price": 0.00072768, "iv": 120.62, "instrument_name": "BTC-31DEC21-120000-C", "index_price": 49639.45, "direction": "sell", "amount": 1.7}, {"trade_seq": 5745, "trade_id": "193483604", "timestamp": 1638663065745, "tick_direction": 3, "price": 0.0005, "mark_price": 0.00072768, "iv": 120.62, "instrument_name": "BTC-31DEC21-120000-C", "index_price": 49639.45, "direction": "sell", "amount": 1.7}, {"trade_seq": 5744, "trade_id": "193483603", "timestamp": 1638663065720, "tick_direction": 3, "price": 0.0005, "mark_price": 0.00072768, "iv": 120.62, "instrument_name": "BTC-31DEC21-120000-C", "index_price": 49639.45, "direction": "sell", "amount": 1.7}, {"trade_seq": 5743, "trade_id": "193483602", "timestamp": 1638663065700, "tick_direction": 2, "price": 0.0005, "mark_price": 0.00072768, "iv": 120.62, "instrument_name": "BTC-31DEC21-120000-C", "index_price": 49639.45, "direction": "sell", "amount": 1.7}, {"trade_seq": 5742, "trade_id": "193479010", "timestamp": 1638661077650, "tick_direction": 1, "price": 0.001, "mark_price": 0.00072744, "iv": 131.03, "instrument_name": "BTC-31DEC21-120000-C", "index_price": 49174.72, "direction": "sell", "amount": 7.1}, {"trade_seq": 5741, "trade_id": "193479009", "timestamp": 1638661077496, "tick_direction": 1, "price": 0.001, "mark_price": 0.00072697, "iv": 131.03, "instrument_name": "BTC-31DEC21-120000-C", "index_price": 49174.72, "direction": "buy", "amount": 1.8}, {"trade_seq": 5740, "trade_id": "193479008", "timestamp": 1638661077475, "tick_direction": 0, "price": 0.001, "mark_price": 0.00072697, "iv": 131.03, "instrument_name": "BTC-31DEC21-120000-C", "index_price": 49171.75, "direction": "buy", "amount": 1.8}, {"trade_seq": 5739, "trade_id": "193478816", "timestamp": 1638660979737, "tick_direction": 3, "price": 0.0005, "mark_price": 0.00072051, "iv": 121.87, "instrument_name": "BTC-31DEC21-120000-C", "index_price": 49104.5, "direction": "sell", "amount": 4.5}, {"trade_seq": 5738, "trade_id": "193478815", "timestamp": 1638660979163, "tick_direction": 3, "price": 0.0005, "mark_price": 0.00072059, "iv": 121.87, "instrument_name": "BTC-31DEC21-120000-C", "index_price": 49104.5, "direction": "sell", "amount": 4.5}, {"trade_seq": 5737, "trade_id": "193478814", "timestamp": 1638660979154, "tick_direction": 2, "price": 0.0005, "mark_price": 0.00072059, "iv": 121.87, "instrument_name": "BTC-31DEC21-120000-C", "index_price": 49104.5, "direction": "sell", "amount": 4.5}, {"trade_seq": 5736, "trade_id": "193472786", "timestamp": 1638658633335, "tick_direction": 0, "price": 0.001, "mark_price": 0.00072607, "iv": 131.07, "instrument_name": "BTC-31DEC21-120000-C", "index_price": 49142.73, "direction": "buy", "amount": 2.0}, {"trade_seq": 5735, "trade_id": "193469336", "timestamp": 1638656541141, "tick_direction": 2, "price": 0.0005, "mark_price": 0.0007142, "iv": 122.68, "instrument_name": "BTC-31DEC21-120000-C", "index_price": 48737.97, "direction": "sell", "amount": 2.0}, {"trade_seq": 5734, "trade_id": "193458594", "timestamp": 1638649521154, "tick_direction": 1, "price": 0.001, "mark_price": 0.0010026, "iv": 129.89, "instrument_name": "BTC-31DEC21-120000-C", "index_price": 49495.18, "direction": "sell", "amount": 10.0}, {"trade_seq": 5733, "trade_id": "193457004", "timestamp": 1638648568382, "tick_direction": 1, "price": 0.001, "mark_price": 0.00096329, "iv": 130.09, "instrument_name": "BTC-31DEC21-120000-C", "index_price": 49412.18, "direction": "sell", "amount": 2.7}, {"trade_seq": 5732, "trade_id": "193443231", "timestamp": 1638643653109, "tick_direction": 1, "price": 0.001, "mark_price": 0.00054367, "iv": 131.53, "instrument_name": "BTC-31DEC21-120000-C", "index_price": 48833.87, "direction": "buy", "amount": 1.8}, {"trade_seq": 5731, "trade_id": "193443230", "timestamp": 1638643652825, "tick_direction": 1, "price": 0.001, "mark_price": 0.000544, "iv": 131.53, "instrument_name": "BTC-31DEC21-120000-C", "index_price": 48833.87, "direction": "buy", "amount": 3.2}, {"trade_seq": 5730, "trade_id": "193443228", "timestamp": 1638643652398, "tick_direction": 1, "price": 0.001, "mark_price": 0.000544, "iv": 131.51, "instrument_name": "BTC-31DEC21-120000-C", "index_price": 48833.87, "direction": "buy", "amount": 2.7}, {"trade_seq": 5729, "trade_id": "193443227", "timestamp": 1638643652398, "tick_direction": 0, "price": 0.001, "mark_price": 0.000544, "iv": 131.51, "instrument_name": "BTC-31DEC21-120000-C", "index_price": 48833.87, "direction": "buy", "amount": 3.0}, {"trade_seq": 5728, "trade_id": "193431256", "timestamp": 1638636387283, "tick_direction": 3, "price": 0.0005, "mark_price": 0.00011692, "iv": 123.67, "instrument_name": "BTC-31DEC21-120000-C", "index_price": 48142.03, "direction": "buy", "amount": 7.3}, {"trade_seq": 5727, "trade_id": "193431255", "timestamp": 1638636387283, "tick_direction": 3, "price": 0.0005, "mark_price": 0.00011692, "iv": 123.67, "instrument_name": "BTC-31DEC21-120000-C", "index_price": 48142.03, "direction": "buy", "amount": 0.4}, {"trade_seq": 5726, "trade_id": "193431254", "timestamp": 1638636387283, "tick_direction": 2, "price": 0.0005, "mark_price": 0.00011692, "iv": 123.67, "instrument_name": "BTC-31DEC21-120000-C", "index_price": 48142.03, "direction": "buy", "amount": 0.8}, {"trade_seq": 5725, "trade_id": "193430774", "timestamp": 1638636063403, "tick_direction": 1, "price": 0.0008, "mark_price": 0.00010694, "iv": 129.56, "instrument_name": "BTC-31DEC21-120000-C", "index_price": 48274.46, "direction": "buy", "block_trade_id": "26944", "amount": 50.0}, {"trade_seq": 5724, "trade_id": "193429991", "timestamp": 1638635885282, "tick_direction": 0, "price": 0.0008, "mark_price": 0.0001041, "iv": 129.14, "instrument_name": "BTC-31DEC21-120000-C", "index_price": 48419.67, "direction": "buy", "block_trade_id": "26943", "amount": 200.0}, {"trade_seq": 5723, "trade_id": "193429770", "timestamp": 1638635696049, "tick_direction": 0, "price": 0.0007, "mark_price": 9.776e-05, "iv": 127.14, "instrument_name": "BTC-31DEC21-120000-C", "index_price": 48493.05, "direction": "buy", "block_trade_id": "26941", "amount": 200.0}, {"trade_seq": 5722, "trade_id": "193393163", "timestamp": 1638625001304, "tick_direction": 3, "price": 0.0005, "mark_price": 0.00032295, "iv": 125.19, "instrument_name": "BTC-31DEC21-120000-C", "index_price": 47401.13, "direction": "buy", "amount": 0.1}, {"trade_seq": 5721, "trade_id": "193368419", "timestamp": 1638619008212, "tick_direction": 3, "price": 0.0005, "mark_price": 0.00033144, "iv": 126.13, "instrument_name": "BTC-31DEC21-120000-C", "index_price": 46828.59, "direction": "buy", "amount": 0.1}, {"trade_seq": 5720, "trade_id": "193343245", "timestamp": 1638610916358, "tick_direction": 3, "price": 0.0005, "mark_price": 0.00030755, "iv": 124.1, "instrument_name": "BTC-31DEC21-120000-C", "index_price": 47608.25, "direction": "buy", "amount": 0.1}, {"trade_seq": 5719, "trade_id": "193343243", "timestamp": 1638610916277, "tick_direction": 3, "price": 0.0005, "mark_price": 0.00030755, "iv": 124.1, "instrument_name": "BTC-31DEC21-120000-C", "index_price": 47608.25, "direction": "buy", "amount": 0.1}, {"trade_seq": 5718, "trade_id": "193343241", "timestamp": 1638610916074, "tick_direction": 3, "price": 0.0005, "mark_price": 0.00030755, "iv": 124.08, "instrument_name": "BTC-31DEC21-120000-C", "index_price": 47614.5, "direction": "buy", "amount": 0.1}, {"trade_seq": 5717, "trade_id": "193343240", "timestamp": 1638610916065, "tick_direction": 3, "price": 0.0005, "mark_price": 0.00030755, "iv": 124.08, "instrument_name": "BTC-31DEC21-120000-C", "index_price": 47614.5, "direction": "buy", "amount": 0.1}, {"trade_seq": 5716, "trade_id": "193343239", "timestamp": 1638610916035, "tick_direction": 2, "price": 0.0005, "mark_price": 0.00030755, "iv": 124.08, "instrument_name": "BTC-31DEC21-120000-C", "index_price": 47614.5, "direction": "buy", "amount": 0.1}, {"trade_seq": 5715, "trade_id": "193304047", "timestamp": 1638603861009, "tick_direction": 1, "price": 0.001, "mark_price": 0.00041504, "iv": 134.38, "instrument_name": "BTC-31DEC21-120000-C", "index_price": 47252.24, "direction": "buy", "amount": 2.0}, {"trade_seq": 5714, "trade_id": "193303610", "timestamp": 1638603791886, "tick_direction": 1, "price": 0.001, "mark_price": 0.00039423, "iv": 134.78, "instrument_name": "BTC-31DEC21-120000-C", "index_price": 47112.63, "direction": "sell", "amount": 1.0}, {"trade_seq": 5713, "trade_id": "193303609", "timestamp": 1638603791873, "tick_direction": 1, "price": 0.001, "mark_price": 0.00039423, "iv": 134.78, "instrument_name": "BTC-31DEC21-120000-C", "index_price": 47112.63, "direction": "buy", "amount": 5.6}, {"trade_seq": 5712, "trade_id": "193303447", "timestamp": 1638603772683, "tick_direction": 1, "price": 0.001, "mark_price": 0.00039715, "iv": 134.69, "instrument_name": "BTC-31DEC21-120000-C", "index_price": 47127.43, "direction": "buy", "amount": 8.3}, {"trade_seq": 5711, "trade_id": "193274914", "timestamp": 1638600198189, "tick_direction": 1, "price": 0.001, "mark_price": 0.00049696, "iv": 133.13, "instrument_name": "BTC-31DEC21-120000-C", "index_price": 47839.76, "direction": "buy", "amount": 4.0}, {"trade_seq": 5710, "trade_id": "193274075", "timestamp": 1638600079266, "tick_direction": 1, "price": 0.001, "mark_price": 0.00051281, "iv": 132.86, "instrument_name": "BTC-31DEC21-120000-C", "index_price": 47939.68, "direction": "buy", "amount": 1.0}, {"trade_seq": 5709, "trade_id": "193246497", "timestamp": 1638597571062, "tick_direction": 0, "price": 0.001, "mark_price": 0.00047724, "iv": 133.71, "instrument_name": "BTC-31DEC21-120000-C", "index_price": 47648.18, "direction": "buy", "amount": 0.5}, {"trade_seq": 5708, "trade_id": "193222405", "timestamp": 1638596354856, "tick_direction": 3, "price": 0.0005, "mark_price": 0.00079588, "iv": 125.6, "instrument_name": "BTC-31DEC21-120000-C", "index_price": 47373.79, "direction": "sell", "amount": 10.0}, {"trade_seq": 5707, "trade_id": "193222404", "timestamp": 1638596354856, "tick_direction": 3, "price": 0.0005, "mark_price": 0.00079588, "iv": 125.6, "instrument_name": "BTC-31DEC21-120000-C", "index_price": 47373.79, "direction": "sell", "amount": 3.0}, {"trade_seq": 5706, "trade_id": "193222403", "timestamp": 1638596354856, "tick_direction": 3, "price": 0.0005, "mark_price": 0.00079588, "iv": 125.6, "instrument_name": "BTC-31DEC21-120000-C", "index_price": 47373.79, "direction": "sell", "amount": 2.0}, {"trade_seq": 5705, "trade_id": "193222402", "timestamp": 1638596354856, "tick_direction": 3, "price": 0.0005, "mark_price": 0.00079588, "iv": 125.6, "instrument_name": "BTC-31DEC21-120000-C", "index_price": 47373.79, "direction": "sell", "amount": 34.1}, {"trade_seq": 5704, "trade_id": "193053865", "timestamp": 1638564291570, "tick_direction": 3, "price": 0.0005, "mark_price": 0.00071851, "iv": 110.67, "instrument_name": "BTC-31DEC21-120000-C", "index_price": 52920.69, "direction": "sell", "amount": 0.1}, {"trade_seq": 5703, "trade_id": "193008946", "timestamp": 1638560722069, "tick_direction": 2, "price": 0.0005, "mark_price": 0.00072701, "iv": 107.87, "instrument_name": "BTC-31DEC21-120000-C", "index_price": 54117.93, "direction": "sell", "amount": 0.5}, {"trade_seq": 5702, "trade_id": "192942940", "timestamp": 1638544798991, "tick_direction": 0, "price": 0.001, "mark_price": 0.00072916, "iv": 110.77, "instrument_name": "BTC-31DEC21-120000-C", "index_price": 56288.74, "direction": "buy", "amount": 1.0}, {"trade_seq": 5701, "trade_id": "192916459", "timestamp": 1638536326827, "tick_direction": 3, "price": 0.0005, "mark_price": 0.0007173, "iv": 101.27, "instrument_name": "BTC-31DEC21-120000-C", "index_price": 56836.61, "direction": "sell", "amount": 1.2}, {"trade_seq": 5700, "trade_id": "192916443", "timestamp": 1638536264075, "tick_direction": 3, "price": 0.0005, "mark_price": 0.00071521, "iv": 101.29, "instrument_name": "BTC-31DEC21-120000-C", "index_price": 56832.07, "direction": "sell", "amount": 1.2}, {"trade_seq": 5699, "trade_id": "192916353", "timestamp": 1638536185429, "tick_direction": 3, "price": 0.0005, "mark_price": 0.00071342, "iv": 101.3, "instrument_name": "BTC-31DEC21-120000-C", "index_price": 56819.99, "direction": "sell", "amount": 1.2}, {"trade_seq": 5698, "trade_id": "192916318", "timestamp": 1638536153183, "tick_direction": 3, "price": 0.0005, "mark_price": 0.00071416, "iv": 101.27, "instrument_name": "BTC-31DEC21-120000-C", "index_price": 56835.73, "direction": "sell", "amount": 1.2}, {"trade_seq": 5697, "trade_id": "192916304", "timestamp": 1638536104782, "tick_direction": 3, "price": 0.0005, "mark_price": 0.00071411, "iv": 101.26, "instrument_name": "BTC-31DEC21-120000-C", "index_price": 56835.0, "direction": "sell", "amount": 0.5}, {"trade_seq": 5696, "trade_id": "192916303", "timestamp": 1638536104782, "tick_direction": 3, "price": 0.0005, "mark_price": 0.00071411, "iv": 101.26, "instrument_name": "BTC-31DEC21-120000-C", "index_price": 56835.0, "direction": "sell", "amount": 0.7}, {"trade_seq": 5695, "trade_id": "192909805", "timestamp": 1638527917836, "tick_direction": 3, "price": 0.0005, "mark_price": 0.00071205, "iv": 101.11, "instrument_name": "BTC-31DEC21-120000-C", "index_price": 56822.66, "direction": "sell", "amount": 1.2}, {"trade_seq": 5694, "trade_id": "192909791", "timestamp": 1638527875488, "tick_direction": 3, "price": 0.0005, "mark_price": 0.00071551, "iv": 101.05, "instrument_name": "BTC-31DEC21-120000-C", "index_price": 56850.91, "direction": "sell", "amount": 0.1}, {"trade_seq": 5693, "trade_id": "192909790", "timestamp": 1638527875488, "tick_direction": 3, "price": 0.0005, "mark_price": 0.00071551, "iv": 101.05, "instrument_name": "BTC-31DEC21-120000-C", "index_price": 56850.91, "direction": "sell", "amount": 0.1}, {"trade_seq": 5692, "trade_id": "192909789", "timestamp": 1638527875488, "tick_direction": 3, "price": 0.0005, "mark_price": 0.00071551, "iv": 101.05, "instrument_name": "BTC-31DEC21-120000-C", "index_price": 56850.91, "direction": "sell", "amount": 1.0}, {"trade_seq": 5691, "trade_id": "192909786", "timestamp": 1638527855324, "tick_direction": 3, "price": 0.0005, "mark_price": 0.00071593, "iv": 101.05, "instrument_name": "BTC-31DEC21-120000-C", "index_price": 56850.22, "direction": "sell", "amount": 1.2}, {"trade_seq": 5690, "trade_id": "192857772", "timestamp": 1638477887661, "tick_direction": 2, "price": 0.0005, "mark_price": 0.0007272, "iv": 99.28, "instrument_name": "BTC-31DEC21-120000-C", "index_price": 57218.99, "direction": "sell", "amount": 0.9}, {"trade_seq": 5689, "trade_id": "192811863", "timestamp": 1638455126993, "tick_direction": 3, "price": 0.001, "mark_price": 0.00072075, "iv": 107.95, "instrument_name": "BTC-31DEC21-120000-C", "index_price": 56686.02, "direction": "buy", "amount": 6.0}, {"trade_seq": 5688, "trade_id": "192811759", "timestamp": 1638455023140, "tick_direction": 2, "price": 0.001, "mark_price": 0.00072553, "iv": 107.88, "instrument_name": "BTC-31DEC21-120000-C", "index_price": 56688.66, "direction": "buy", "amount": 1.0}, {"trade_seq": 5687, "trade_id": "192792219", "timestamp": 1638444536071, "tick_direction": 2, "price": 0.0011, "mark_price": 0.00074749, "iv": 109.28, "instrument_name": "BTC-31DEC21-120000-C", "index_price": 56516.76, "direction": "buy", "block_trade_id": "26571", "amount": 50.0}, {"trade_seq": 5686, "trade_id": "192790315", "timestamp": 1638443963156, "tick_direction": 0, "price": 0.0034, "mark_price": 0.00072044, "iv": 127.51, "instrument_name": "BTC-31DEC21-120000-C", "index_price": 56286.76, "direction": "buy", "block_trade_id": "26565", "amount": 50.0}, {"trade_seq": 5685, "trade_id": "192760481", "timestamp": 1638421238377, "tick_direction": 1, "price": 0.001, "mark_price": 0.00089776, "iv": 107.45, "instrument_name": "BTC-31DEC21-120000-C", "index_price": 56545.34, "direction": "sell", "amount": 2.5}, {"trade_seq": 5684, "trade_id": "192760168", "timestamp": 1638420823395, "tick_direction": 1, "price": 0.001, "mark_price": 0.00089408, "iv": 107.45, "instrument_name": "BTC-31DEC21-120000-C", "index_price": 56545.81, "direction": "sell", "amount": 1.0}, {"trade_seq": 5683, "trade_id": "192759431", "timestamp": 1638419907931, "tick_direction": 1, "price": 0.001, "mark_price": 0.00071866, "iv": 107.19, "instrument_name": "BTC-31DEC21-120000-C", "index_price": 56647.78, "direction": "sell", "amount": 0.8}, {"trade_seq": 5682, "trade_id": "192759430", "timestamp": 1638419907902, "tick_direction": 1, "price": 0.001, "mark_price": 0.00071866, "iv": 107.19, "instrument_name": "BTC-31DEC21-120000-C", "index_price": 56647.78, "direction": "buy", "amount": 0.5}, {"trade_seq": 5681, "trade_id": "192759429", "timestamp": 1638419907902, "tick_direction": 1, "price": 0.001, "mark_price": 0.00071866, "iv": 107.19, "instrument_name": "BTC-31DEC21-120000-C", "index_price": 56647.78, "direction": "buy", "amount": 0.2}, {"trade_seq": 5680, "trade_id": "192759428", "timestamp": 1638419907902, "tick_direction": 1, "price": 0.001, "mark_price": 0.00071866, "iv": 107.19, "instrument_name": "BTC-31DEC21-120000-C", "index_price": 56647.78, "direction": "buy", "amount": 0.1}, {"trade_seq": 5679, "trade_id": "192759427", "timestamp": 1638419907902, "tick_direction": 0, "price": 0.001, "mark_price": 0.00071866, "iv": 107.19, "instrument_name": "BTC-31DEC21-120000-C", "index_price": 56647.78, "direction": "buy", "amount": 0.9}, {"trade_seq": 5678, "trade_id": "192740251", "timestamp": 1638412427913, "tick_direction": 3, "price": 0.0005, "mark_price": 0.00072504, "iv": 98.27, "instrument_name": "BTC-31DEC21-120000-C", "index_price": 57043.88, "direction": "sell", "amount": 1.9}, {"trade_seq": 5677, "trade_id": "192740250", "timestamp": 1638412427913, "tick_direction": 2, "price": 0.0005, "mark_price": 0.00072504, "iv": 98.27, "instrument_name": "BTC-31DEC21-120000-C", "index_price": 57043.88, "direction": "sell", "amount": 0.1}, {"trade_seq": 5676, "trade_id": "192699412", "timestamp": 1638386701206, "tick_direction": 1, "price": 0.001, "mark_price": 0.00074153, "iv": 104.73, "instrument_name": "BTC-31DEC21-120000-C", "index_price": 57375.9, "direction": "buy", "amount": 0.1}, {"trade_seq": 5675, "trade_id": "192690902", "timestamp": 1638382815447, "tick_direction": 0, "price": 0.001, "mark_price": 0.00070549, "iv": 103.91, "instrument_name": "BTC-31DEC21-120000-C", "index_price": 57711.99, "direction": "buy", "amount": 1.0}, {"trade_seq": 5674, "trade_id": "192670660", "timestamp": 1638373438125, "tick_direction": 3, "price": 0.0005, "mark_price": 0.00073241, "iv": 94.3, "instrument_name": "BTC-31DEC21-120000-C", "index_price": 58539.2, "direction": "sell", "amount": 0.2}, {"trade_seq": 5673, "trade_id": "192670659", "timestamp": 1638373438125, "tick_direction": 3, "price": 0.0005, "mark_price": 0.00073241, "iv": 94.3, "instrument_name": "BTC-31DEC21-120000-C", "index_price": 58539.2, "direction": "sell", "amount": 0.1}, {"trade_seq": 5672, "trade_id": "192670658", "timestamp": 1638373438125, "tick_direction": 3, "price": 0.0005, "mark_price": 0.00073241, "iv": 94.3, "instrument_name": "BTC-31DEC21-120000-C", "index_price": 58539.2, "direction": "sell", "amount": 0.1}, {"trade_seq": 5671, "trade_id": "192670657", "timestamp": 1638373438125, "tick_direction": 3, "price": 0.0005, "mark_price": 0.00073241, "iv": 94.3, "instrument_name": "BTC-31DEC21-120000-C", "index_price": 58539.2, "direction": "sell", "amount": 0.1}, {"trade_seq": 5670, "trade_id": "192670656", "timestamp": 1638373438125, "tick_direction": 2, "price": 0.0005, "mark_price": 0.00073241, "iv": 94.3, "instrument_name": "BTC-31DEC21-120000-C", "index_price": 58539.2, "direction": "sell", "amount": 0.1}, {"trade_seq": 5669, "trade_id": "192583199", "timestamp": 1638317116514, "tick_direction": 3, "price": 0.001, "mark_price": 0.00122858, "iv": 104.36, "instrument_name": "BTC-31DEC21-120000-C", "index_price": 56879.36, "direction": "sell", "amount": 0.5}, {"trade_seq": 5668, "trade_id": "192583198", "timestamp": 1638317116514, "tick_direction": 3, "price": 0.001, "mark_price": 0.00122858, "iv": 104.36, "instrument_name": "BTC-31DEC21-120000-C", "index_price": 56879.36, "direction": "sell", "amount": 5.0}, {"trade_seq": 5667, "trade_id": "192583197", "timestamp": 1638317116514, "tick_direction": 3, "price": 0.001, "mark_price": 0.00122858, "iv": 104.36, "instrument_name": "BTC-31DEC21-120000-C", "index_price": 56879.36, "direction": "sell", "amount": 2.6}, {"trade_seq": 5666, "trade_id": "192575205", "timestamp": 1638312048773, "tick_direction": 3, "price": 0.001, "mark_price": 0.00113585, "iv": 103.41, "instrument_name": "BTC-31DEC21-120000-C", "index_price": 57309.99, "direction": "sell", "amount": 1.2}, {"trade_seq": 5665, "trade_id": "192575192", "timestamp": 1638312004403, "tick_direction": 3, "price": 0.001, "mark_price": 0.00111929, "iv": 103.39, "instrument_name": "BTC-31DEC21-120000-C", "index_price": 57318.1, "direction": "sell", "amount": 1.2}, {"trade_seq": 5664, "trade_id": "192574993", "timestamp": 1638311516804, "tick_direction": 3, "price": 0.001, "mark_price": 0.00084055, "iv": 103.12, "instrument_name": "BTC-31DEC21-120000-C", "index_price": 57421.98, "direction": "buy", "amount": 12.8}, {"trade_seq": 5663, "trade_id": "192565832", "timestamp": 1638305031174, "tick_direction": 3, "price": 0.001, "mark_price": 0.00124532, "iv": 102.82, "instrument_name": "BTC-31DEC21-120000-C", "index_price": 57520.37, "direction": "sell", "amount": 0.4}, {"trade_seq": 5662, "trade_id": "192564536", "timestamp": 1638304104452, "tick_direction": 3, "price": 0.001, "mark_price": 0.00123993, "iv": 102.88, "instrument_name": "BTC-31DEC21-120000-C", "index_price": 57471.74, "direction": "sell", "amount": 1.2}, {"trade_seq": 5661, "trade_id": "192564510", "timestamp": 1638304080245, "tick_direction": 3, "price": 0.001, "mark_price": 0.00123588, "iv": 102.92, "instrument_name": "BTC-31DEC21-120000-C", "index_price": 57457.83, "direction": "sell", "amount": 1.2}, {"trade_seq": 5660, "trade_id": "192564349", "timestamp": 1638303957802, "tick_direction": 3, "price": 0.001, "mark_price": 0.00122013, "iv": 103.06, "instrument_name": "BTC-31DEC21-120000-C", "index_price": 57391.41, "direction": "sell", "amount": 1.2}, {"trade_seq": 5659, "trade_id": "192470358", "timestamp": 1638280855699, "tick_direction": 3, "price": 0.001, "mark_price": 0.00124266, "iv": 100.66, "instrument_name": "BTC-31DEC21-120000-C", "index_price": 58322.79, "direction": "sell", "amount": 1.0}, {"trade_seq": 5658, "trade_id": "192470154", "timestamp": 1638280824635, "tick_direction": 3, "price": 0.001, "mark_price": 0.00124232, "iv": 100.67, "instrument_name": "BTC-31DEC21-120000-C", "index_price": 58308.0, "direction": "sell", "amount": 1.0}, {"trade_seq": 5657, "trade_id": "192440598", "timestamp": 1638268075068, "tick_direction": 2, "price": 0.001, "mark_price": 0.00123132, "iv": 103.89, "instrument_name": "BTC-31DEC21-120000-C", "index_price": 56750.61, "direction": "sell", "amount": 1.0}, {"trade_seq": 5656, "trade_id": "192435732", "timestamp": 1638265126961, "tick_direction": 0, "price": 0.0015, "mark_price": 0.00124289, "iv": 109.47, "instrument_name": "BTC-31DEC21-120000-C", "index_price": 56581.37, "direction": "buy", "amount": 1.1}, {"trade_seq": 5655, "trade_id": "192419941", "timestamp": 1638259945779, "tick_direction": 2, "price": 0.001, "mark_price": 0.00124505, "iv": 104.08, "instrument_name": "BTC-31DEC21-120000-C", "index_price": 56570.69, "direction": "sell", "amount": 1.0}, {"trade_seq": 5654, "trade_id": "192368433", "timestamp": 1638235053999, "tick_direction": 1, "price": 0.0015, "mark_price": 0.0016832, "iv": 107.11, "instrument_name": "BTC-31DEC21-120000-C", "index_price": 57366.32, "direction": "sell", "amount": 0.1}, {"trade_seq": 5653, "trade_id": "192368432", "timestamp": 1638235053999, "tick_direction": 1, "price": 0.0015, "mark_price": 0.0016832, "iv": 107.11, "instrument_name": "BTC-31DEC21-120000-C", "index_price": 57366.32, "direction": "sell", "amount": 2.9}, {"trade_seq": 5652, "trade_id": "192325893", "timestamp": 1638211536064, "tick_direction": 1, "price": 0.0015, "mark_price": 0.00172947, "iv": 103.77, "instrument_name": "BTC-31DEC21-120000-C", "index_price": 58683.67, "direction": "sell", "amount": 0.1}, {"trade_seq": 5651, "trade_id": "192314919", "timestamp": 1638207120214, "tick_direction": 0, "price": 0.0015, "mark_price": 0.00125778, "iv": 103.56, "instrument_name": "BTC-31DEC21-120000-C", "index_price": 58721.47, "direction": "buy", "amount": 1.0}, {"trade_seq": 5650, "trade_id": "192285848", "timestamp": 1638192786049, "tick_direction": 3, "price": 0.001, "mark_price": 0.00123475, "iv": 101.49, "instrument_name": "BTC-31DEC21-120000-C", "index_price": 57146.39, "direction": "sell", "amount": 5.0}, {"trade_seq": 5649, "trade_id": "192285847", "timestamp": 1638192786049, "tick_direction": 3, "price": 0.001, "mark_price": 0.00123475, "iv": 101.49, "instrument_name": "BTC-31DEC21-120000-C", "index_price": 57146.39, "direction": "sell", "amount": 10.0}, {"trade_seq": 5648, "trade_id": "192285846", "timestamp": 1638192786049, "tick_direction": 2, "price": 0.001, "mark_price": 0.00123475, "iv": 101.49, "instrument_name": "BTC-31DEC21-120000-C", "index_price": 57146.39, "direction": "sell", "amount": 5.0}, {"trade_seq": 5647, "trade_id": "192282319", "timestamp": 1638190746141, "tick_direction": 0, "price": 0.0015, "mark_price": 0.00173607, "iv": 106.99, "instrument_name": "BTC-31DEC21-120000-C", "index_price": 56957.8, "direction": "sell", "amount": 4.0}, {"trade_seq": 5646, "trade_id": "192282239", "timestamp": 1638190607152, "tick_direction": 2, "price": 0.0009, "mark_price": 0.00173733, "iv": 100.56, "instrument_name": "BTC-31DEC21-120000-C", "index_price": 56959.48, "direction": "sell", "block_trade_id": "26229", "amount": 100.0}, {"trade_seq": 5645, "trade_id": "192280757", "timestamp": 1638188650666, "tick_direction": 2, "price": 0.0015, "mark_price": 0.00173258, "iv": 106.84, "instrument_name": "BTC-31DEC21-120000-C", "index_price": 56992.27, "direction": "sell", "amount": 1.0}, {"trade_seq": 5644, "trade_id": "192227413", "timestamp": 1638146230309, "tick_direction": 0, "price": 0.002, "mark_price": 0.00175886, "iv": 108.04, "instrument_name": "BTC-31DEC21-120000-C", "index_price": 57868.32, "direction": "buy", "amount": 0.1}, {"trade_seq": 5643, "trade_id": "192076173", "timestamp": 1638036591148, "tick_direction": 3, "price": 0.0015, "mark_price": 0.00171978, "iv": 108.95, "instrument_name": "BTC-31DEC21-120000-C", "index_price": 54803.31, "direction": "sell", "amount": 11.4}, {"trade_seq": 5642, "trade_id": "192076172", "timestamp": 1638036591148, "tick_direction": 2, "price": 0.0015, "mark_price": 0.00171978, "iv": 108.95, "instrument_name": "BTC-31DEC21-120000-C", "index_price": 54803.31, "direction": "sell", "amount": 6.3}, {"trade_seq": 5641, "trade_id": "192063221", "timestamp": 1638020926178, "tick_direction": 1, "price": 0.002, "mark_price": 0.00143035, "iv": 111.96, "instrument_name": "BTC-31DEC21-120000-C", "index_price": 55120.01, "direction": "buy", "amount": 20.0}, {"trade_seq": 5640, "trade_id": "192027835", "timestamp": 1637988507154, "tick_direction": 1, "price": 0.002, "mark_price": 0.0014624, "iv": 112.46, "instrument_name": "BTC-31DEC21-120000-C", "index_price": 54601.26, "direction": "buy", "amount": 3.2}, {"trade_seq": 5639, "trade_id": "192027834", "timestamp": 1637988507154, "tick_direction": 1, "price": 0.002, "mark_price": 0.0014624, "iv": 112.46, "instrument_name": "BTC-31DEC21-120000-C", "index_price": 54601.26, "direction": "buy", "amount": 2.9}, {"trade_seq": 5638, "trade_id": "192027833", "timestamp": 1637988507154, "tick_direction": 0, "price": 0.002, "mark_price": 0.0014624, "iv": 112.46, "instrument_name": "BTC-31DEC21-120000-C", "index_price": 54601.26, "direction": "buy", "amount": 3.9}, {"trade_seq": 5637, "trade_id": "192005240", "timestamp": 1637970149810, "tick_direction": 3, "price": 0.001, "mark_price": 0.00142378, "iv": 104.62, "instrument_name": "BTC-31DEC21-120000-C", "index_price": 53793.2, "direction": "sell", "amount": 5.0}, {"trade_seq": 5636, "trade_id": "191987295", "timestamp": 1637959417777, "tick_direction": 3, "price": 0.001, "mark_price": 0.00144581, "iv": 103.17, "instrument_name": "BTC-31DEC21-120000-C", "index_price": 54383.96, "direction": "sell", "amount": 0.5}, {"trade_seq": 5635, "trade_id": "191987294", "timestamp": 1637959417777, "tick_direction": 2, "price": 0.001, "mark_price": 0.00144581, "iv": 103.17, "instrument_name": "BTC-31DEC21-120000-C", "index_price": 54383.96, "direction": "sell", "amount": 0.5}, {"trade_seq": 5634, "trade_id": "191986956", "timestamp": 1637958927730, "tick_direction": 0, "price": 0.002, "mark_price": 0.0014359, "iv": 112.36, "instrument_name": "BTC-31DEC21-120000-C", "index_price": 54408.55, "direction": "buy", "amount": 1.0}, {"trade_seq": 5633, "trade_id": "191949115", "timestamp": 1637940313701, "tick_direction": 3, "price": 0.0015, "mark_price": 0.00144084, "iv": 107.82, "instrument_name": "BTC-31DEC21-120000-C", "index_price": 54433.51, "direction": "buy", "amount": 0.3}, {"trade_seq": 5632, "trade_id": "191944295", "timestamp": 1637938967651, "tick_direction": 3, "price": 0.0015, "mark_price": 0.00172506, "iv": 107.42, "instrument_name": "BTC-31DEC21-120000-C", "index_price": 54600.59, "direction": "sell", "amount": 8.9}, {"trade_seq": 5631, "trade_id": "191944287", "timestamp": 1637938955715, "tick_direction": 3, "price": 0.0015, "mark_price": 0.00172919, "iv": 107.41, "instrument_name": "BTC-31DEC21-120000-C", "index_price": 54597.79, "direction": "sell", "amount": 37.0}, {"trade_seq": 5630, "trade_id": "191944286", "timestamp": 1637938955715, "tick_direction": 3, "price": 0.0015, "mark_price": 0.00172919, "iv": 107.41, "instrument_name": "BTC-31DEC21-120000-C", "index_price": 54597.79, "direction": "sell", "amount": 2.7}, {"trade_seq": 5629, "trade_id": "191944285", "timestamp": 1637938955715, "tick_direction": 2, "price": 0.0015, "mark_price": 0.00172919, "iv": 107.41, "instrument_name": "BTC-31DEC21-120000-C", "index_price": 54597.79, "direction": "sell", "amount": 1.0}, {"trade_seq": 5628, "trade_id": "191934695", "timestamp": 1637936751667, "tick_direction": 2, "price": 0.002, "mark_price": 0.00225524, "iv": 111.17, "instrument_name": "BTC-31DEC21-120000-C", "index_price": 54714.54, "direction": "sell", "amount": 0.1}, {"trade_seq": 5627, "trade_id": "191916426", "timestamp": 1637931770851, "tick_direction": 1, "price": 0.0025, "mark_price": 0.0022434, "iv": 115.65, "instrument_name": "BTC-31DEC21-120000-C", "index_price": 54236.48, "direction": "buy", "amount": 1.2}, {"trade_seq": 5626, "trade_id": "191916418", "timestamp": 1637931763806, "tick_direction": 1, "price": 0.0025, "mark_price": 0.00224048, "iv": 115.67, "instrument_name": "BTC-31DEC21-120000-C", "index_price": 54226.59, "direction": "buy", "amount": 1.3}, {"trade_seq": 5625, "trade_id": "191915419", "timestamp": 1637931426301, "tick_direction": 1, "price": 0.0025, "mark_price": 0.00227069, "iv": 115.58, "instrument_name": "BTC-31DEC21-120000-C", "index_price": 54280.61, "direction": "buy", "amount": 1.2}, {"trade_seq": 5624, "trade_id": "191915410", "timestamp": 1637931422355, "tick_direction": 0, "price": 0.0025, "mark_price": 0.00226688, "iv": 115.59, "instrument_name": "BTC-31DEC21-120000-C", "index_price": 54281.91, "direction": "buy", "amount": 1.9}, {"trade_seq": 5623, "trade_id": "191895870", "timestamp": 1637928497262, "tick_direction": 3, "price": 0.002, "mark_price": 0.00220175, "iv": 113.46, "instrument_name": "BTC-31DEC21-120000-C", "index_price": 53643.73, "direction": "sell", "amount": 5.0}, {"trade_seq": 5622, "trade_id": "191895869", "timestamp": 1637928497262, "tick_direction": 3, "price": 0.002, "mark_price": 0.00220175, "iv": 113.46, "instrument_name": "BTC-31DEC21-120000-C", "index_price": 53643.73, "direction": "sell", "amount": 30.5}, {"trade_seq": 5621, "trade_id": "191895868", "timestamp": 1637928497262, "tick_direction": 3, "price": 0.002, "mark_price": 0.00220175, "iv": 113.46, "instrument_name": "BTC-31DEC21-120000-C", "index_price": 53643.73, "direction": "sell", "amount": 64.5}, {"trade_seq": 5620, "trade_id": "191869615", "timestamp": 1637925158211, "tick_direction": 3, "price": 0.002, "mark_price": 0.00220833, "iv": 112.01, "instrument_name": "BTC-31DEC21-120000-C", "index_price": 54109.34, "direction": "sell", "amount": 44.5}, {"trade_seq": 5619, "trade_id": "191869614", "timestamp": 1637925158211, "tick_direction": 3, "price": 0.002, "mark_price": 0.00220833, "iv": 112.01, "instrument_name": "BTC-31DEC21-120000-C", "index_price": 54109.34, "direction": "sell", "amount": 8.5}, {"trade_seq": 5618, "trade_id": "191844669", "timestamp": 1637920702051, "tick_direction": 3, "price": 0.002, "mark_price": 0.00226983, "iv": 110.21, "instrument_name": "BTC-31DEC21-120000-C", "index_price": 54994.6, "direction": "sell", "amount": 0.7}, {"trade_seq": 5617, "trade_id": "191802620", "timestamp": 1637916434403, "tick_direction": 3, "price": 0.002, "mark_price": 0.00214442, "iv": 110.08, "instrument_name": "BTC-31DEC21-120000-C", "index_price": 55057.37, "direction": "sell", "amount": 5.0}, {"trade_seq": 5616, "trade_id": "191707115", "timestamp": 1637891070646, "tick_direction": 3, "price": 0.002, "mark_price": 0.00243601, "iv": 101.7, "instrument_name": "BTC-31DEC21-120000-C", "index_price": 58692.81, "direction": "sell", "amount": 0.1}, {"trade_seq": 5615, "trade_id": "191694010", "timestamp": 1637881507334, "tick_direction": 2, "price": 0.002, "mark_price": 0.00249986, "iv": 100.69, "instrument_name": "BTC-31DEC21-120000-C", "index_price": 59074.38, "direction": "sell", "amount": 2.0}, {"trade_seq": 5614, "trade_id": "191680960", "timestamp": 1637871657185, "tick_direction": 3, "price": 0.0025, "mark_price": 0.00273522, "iv": 104.08, "instrument_name": "BTC-31DEC21-120000-C", "index_price": 58932.5, "direction": "sell", "amount": 1.4}, {"trade_seq": 5613, "trade_id": "191668314", "timestamp": 1637862413326, "tick_direction": 3, "price": 0.0025, "mark_price": 0.00275277, "iv": 103.25, "instrument_name": "BTC-31DEC21-120000-C", "index_price": 59249.73, "direction": "sell", "amount": 0.1}, {"trade_seq": 5612, "trade_id": "191665229", "timestamp": 1637860163867, "tick_direction": 3, "price": 0.0025, "mark_price": 0.00274481, "iv": 103.47, "instrument_name": "BTC-31DEC21-120000-C", "index_price": 59137.09, "direction": "sell", "amount": 1.0}, {"trade_seq": 5611, "trade_id": "191633730", "timestamp": 1637847624426, "tick_direction": 3, "price": 0.0025, "mark_price": 0.00223888, "iv": 104.02, "instrument_name": "BTC-31DEC21-120000-C", "index_price": 58745.19, "direction": "buy", "amount": 2.5}, {"trade_seq": 5610, "trade_id": "191608321", "timestamp": 1637838002010, "tick_direction": 2, "price": 0.0025, "mark_price": 0.00274075, "iv": 105.25, "instrument_name": "BTC-31DEC21-120000-C", "index_price": 58036.78, "direction": "sell", "amount": 5.0}, {"trade_seq": 5609, "trade_id": "191579465", "timestamp": 1637828628420, "tick_direction": 1, "price": 0.003, "mark_price": 0.00246903, "iv": 108.38, "instrument_name": "BTC-31DEC21-120000-C", "index_price": 57836.61, "direction": "buy", "amount": 5.4}, {"trade_seq": 5608, "trade_id": "191579464", "timestamp": 1637828628420, "tick_direction": 1, "price": 0.003, "mark_price": 0.00246903, "iv": 108.38, "instrument_name": "BTC-31DEC21-120000-C", "index_price": 57836.61, "direction": "buy", "amount": 7.6}, {"trade_seq": 5607, "trade_id": "191579463", "timestamp": 1637828628420, "tick_direction": 0, "price": 0.003, "mark_price": 0.00246903, "iv": 108.38, "instrument_name": "BTC-31DEC21-120000-C", "index_price": 57836.61, "direction": "buy", "amount": 12.0}, {"trade_seq": 5606, "trade_id": "191575417", "timestamp": 1637826582656, "tick_direction": 3, "price": 0.0025, "mark_price": 0.0027385, "iv": 105.97, "instrument_name": "BTC-31DEC21-120000-C", "index_price": 57643.11, "direction": "sell", "amount": 3.5}, {"trade_seq": 5605, "trade_id": "191575401", "timestamp": 1637826577938, "tick_direction": 3, "price": 0.0025, "mark_price": 0.00273802, "iv": 105.97, "instrument_name": "BTC-31DEC21-120000-C", "index_price": 57635.6, "direction": "sell", "amount": 27.9}, {"trade_seq": 5604, "trade_id": "191575400", "timestamp": 1637826577938, "tick_direction": 3, "price": 0.0025, "mark_price": 0.00273802, "iv": 105.97, "instrument_name": "BTC-31DEC21-120000-C", "index_price": 57635.6, "direction": "sell", "amount": 2.1}, {"trade_seq": 5603, "trade_id": "191571729", "timestamp": 1637824508924, "tick_direction": 3, "price": 0.0025, "mark_price": 0.00274591, "iv": 106.35, "instrument_name": "BTC-31DEC21-120000-C", "index_price": 57443.0, "direction": "sell", "amount": 1.9}, {"trade_seq": 5602, "trade_id": "191571728", "timestamp": 1637824508924, "tick_direction": 3, "price": 0.0025, "mark_price": 0.00274591, "iv": 106.35, "instrument_name": "BTC-31DEC21-120000-C", "index_price": 57443.0, "direction": "sell", "amount": 2.1}, {"trade_seq": 5601, "trade_id": "191571727", "timestamp": 1637824508924, "tick_direction": 2, "price": 0.0025, "mark_price": 0.00274591, "iv": 106.35, "instrument_name": "BTC-31DEC21-120000-C", "index_price": 57443.0, "direction": "sell", "amount": 5.0}, {"trade_seq": 5600, "trade_id": "191570835", "timestamp": 1637824065031, "tick_direction": 1, "price": 0.003, "mark_price": 0.00272538, "iv": 109.42, "instrument_name": "BTC-31DEC21-120000-C", "index_price": 57336.31, "direction": "buy", "amount": 0.2}, {"trade_seq": 5599, "trade_id": "191570402", "timestamp": 1637823752602, "tick_direction": 0, "price": 0.003, "mark_price": 0.00275253, "iv": 109.29, "instrument_name": "BTC-31DEC21-120000-C", "index_price": 57365.74, "direction": "buy", "amount": 0.1}, {"trade_seq": 5598, "trade_id": "191557865", "timestamp": 1637814638527, "tick_direction": 1, "price": 0.0025, "mark_price": 0.00222375, "iv": 106.3, "instrument_name": "BTC-31DEC21-120000-C", "index_price": 57411.56, "direction": "buy", "amount": 1.3}, {"trade_seq": 5597, "trade_id": "191557528", "timestamp": 1637814579186, "tick_direction": 1, "price": 0.0025, "mark_price": 0.00217122, "iv": 106.58, "instrument_name": "BTC-31DEC21-120000-C", "index_price": 57318.58, "direction": "buy", "amount": 1.2}, {"trade_seq": 5596, "trade_id": "191553719", "timestamp": 1637812137454, "tick_direction": 1, "price": 0.0025, "mark_price": 0.00245835, "iv": 105.57, "instrument_name": "BTC-31DEC21-120000-C", "index_price": 57678.92, "direction": "sell", "amount": 3.2}, {"trade_seq": 5595, "trade_id": "191541657", "timestamp": 1637803727004, "tick_direction": 1, "price": 0.0025, "mark_price": 0.00230303, "iv": 104.79, "instrument_name": "BTC-31DEC21-120000-C", "index_price": 57974.94, "direction": "sell", "amount": 2.1}, {"trade_seq": 5594, "trade_id": "191520627", "timestamp": 1637793940622, "tick_direction": 1, "price": 0.0025, "mark_price": 0.00272186, "iv": 106.52, "instrument_name": "BTC-31DEC21-120000-C", "index_price": 57053.45, "direction": "sell", "amount": 3.5}, {"trade_seq": 5593, "trade_id": "191497463", "timestamp": 1637779265313, "tick_direction": 0, "price": 0.0025, "mark_price": 0.00221111, "iv": 107.14, "instrument_name": "BTC-31DEC21-120000-C", "index_price": 56712.33, "direction": "buy", "amount": 1.5}, {"trade_seq": 5592, "trade_id": "191496401", "timestamp": 1637778818314, "tick_direction": 2, "price": 0.002, "mark_price": 0.00223094, "iv": 103.42, "instrument_name": "BTC-31DEC21-120000-C", "index_price": 56946.65, "direction": "sell", "amount": 10.0}, {"trade_seq": 5591, "trade_id": "191487016", "timestamp": 1637772484381, "tick_direction": 3, "price": 0.0025, "mark_price": 0.00276182, "iv": 107.02, "instrument_name": "BTC-31DEC21-120000-C", "index_price": 56689.17, "direction": "sell", "amount": 5.0}, {"trade_seq": 5590, "trade_id": "191487015", "timestamp": 1637772484381, "tick_direction": 3, "price": 0.0025, "mark_price": 0.00276182, "iv": 107.02, "instrument_name": "BTC-31DEC21-120000-C", "index_price": 56689.17, "direction": "sell", "amount": 1.0}, {"trade_seq": 5589, "trade_id": "191487014", "timestamp": 1637772484381, "tick_direction": 2, "price": 0.0025, "mark_price": 0.00276182, "iv": 107.02, "instrument_name": "BTC-31DEC21-120000-C", "index_price": 56689.17, "direction": "sell", "amount": 2.0}, {"trade_seq": 5588, "trade_id": "191462137", "timestamp": 1637764330635, "tick_direction": 0, "price": 0.003, "mark_price": 0.00275043, "iv": 110.97, "instrument_name": "BTC-31DEC21-120000-C", "index_price": 56147.44, "direction": "buy", "amount": 0.5}, {"trade_seq": 5587, "trade_id": "191403189", "timestamp": 1637735620897, "tick_direction": 2, "price": 0.0025, "mark_price": 0.00275253, "iv": 107.16, "instrument_name": "BTC-31DEC21-120000-C", "index_price": 56360.24, "direction": "sell", "amount": 2.0}, {"trade_seq": 5586, "trade_id": "191393977", "timestamp": 1637728521947, "tick_direction": 3, "price": 0.003, "mark_price": 0.00321153, "iv": 109.52, "instrument_name": "BTC-31DEC21-120000-C", "index_price": 56534.57, "direction": "sell", "amount": 0.5}, {"trade_seq": 5585, "trade_id": "191393976", "timestamp": 1637728521947, "tick_direction": 2, "price": 0.003, "mark_price": 0.00321153, "iv": 109.52, "instrument_name": "BTC-31DEC21-120000-C", "index_price": 56534.57, "direction": "sell", "amount": 5.0}, {"trade_seq": 5584, "trade_id": "191347555", "timestamp": 1637700952952, "tick_direction": 0, "price": 0.0035, "mark_price": 0.00317998, "iv": 108.87, "instrument_name": "BTC-31DEC21-120000-C", "index_price": 57743.27, "direction": "sell", "amount": 1.0}, {"trade_seq": 5583, "trade_id": "191287939", "timestamp": 1637679537860, "tick_direction": 2, "price": 0.0025, "mark_price": 0.0030231, "iv": 103.55, "instrument_name": "BTC-31DEC21-120000-C", "index_price": 57642.97, "direction": "sell", "amount": 1.0}, {"trade_seq": 5582, "trade_id": "191287247", "timestamp": 1637679434226, "tick_direction": 0, "price": 0.0035, "mark_price": 0.00307988, "iv": 108.85, "instrument_name": "BTC-31DEC21-120000-C", "index_price": 57603.83, "direction": "buy", "amount": 1.9}, {"trade_seq": 5581, "trade_id": "191223725", "timestamp": 1637662003517, "tick_direction": 3, "price": 0.003, "mark_price": 0.00325185, "iv": 108.41, "instrument_name": "BTC-31DEC21-120000-C", "index_price": 56524.43, "direction": "sell", "amount": 5.0}, {"trade_seq": 5580, "trade_id": "191223724", "timestamp": 1637662003517, "tick_direction": 2, "price": 0.003, "mark_price": 0.00325185, "iv": 108.41, "instrument_name": "BTC-31DEC21-120000-C", "index_price": 56524.43, "direction": "sell", "amount": 10.0}, {"trade_seq": 5579, "trade_id": "191199835", "timestamp": 1637658957509, "tick_direction": 3, "price": 0.0035, "mark_price": 0.00317809, "iv": 111.43, "instrument_name": "BTC-31DEC21-120000-C", "index_price": 56230.36, "direction": "buy", "amount": 1.0}, {"trade_seq": 5578, "trade_id": "191185726", "timestamp": 1637653838326, "tick_direction": 2, "price": 0.0035, "mark_price": 0.00326181, "iv": 111.64, "instrument_name": "BTC-31DEC21-120000-C", "index_price": 56072.23, "direction": "buy", "amount": 0.1}, {"trade_seq": 5577, "trade_id": "191108337", "timestamp": 1637611758183, "tick_direction": 0, "price": 0.004, "mark_price": 0.00353463, "iv": 112.93, "instrument_name": "BTC-31DEC21-120000-C", "index_price": 56253.64, "direction": "buy", "amount": 1.0}, {"trade_seq": 5576, "trade_id": "191047141", "timestamp": 1637597019850, "tick_direction": 2, "price": 0.0037, "mark_price": 0.00347324, "iv": 107.09, "instrument_name": "BTC-31DEC21-120000-C", "index_price": 58215.29, "direction": "buy", "block_trade_id": "25802", "amount": 50.0}, {"trade_seq": 5575, "trade_id": "190960332", "timestamp": 1637557632478, "tick_direction": 3, "price": 0.004, "mark_price": 0.00392338, "iv": 110.31, "instrument_name": "BTC-31DEC21-120000-C", "index_price": 56972.42, "direction": "sell", "amount": 5.0}, {"trade_seq": 5574, "trade_id": "190955153", "timestamp": 1637554213347, "tick_direction": 2, "price": 0.004, "mark_price": 0.00399378, "iv": 109.12, "instrument_name": "BTC-31DEC21-120000-C", "index_price": 57482.13, "direction": "sell", "amount": 5.0}, {"trade_seq": 5573, "trade_id": "190911651", "timestamp": 1637526749653, "tick_direction": 1, "price": 0.0045, "mark_price": 0.00399016, "iv": 106.5, "instrument_name": "BTC-31DEC21-120000-C", "index_price": 59453.78, "direction": "buy", "amount": 4.4}, {"trade_seq": 5572, "trade_id": "190907266", "timestamp": 1637518388496, "tick_direction": 0, "price": 0.0045, "mark_price": 0.00401909, "iv": 106.3, "instrument_name": "BTC-31DEC21-120000-C", "index_price": 59505.47, "direction": "buy", "amount": 2.0}, {"trade_seq": 5571, "trade_id": "190906265", "timestamp": 1637517766406, "tick_direction": 3, "price": 0.004, "mark_price": 0.00431944, "iv": 104.3, "instrument_name": "BTC-31DEC21-120000-C", "index_price": 59504.59, "direction": "sell", "amount": 12.0}, {"trade_seq": 5570, "trade_id": "190906264", "timestamp": 1637517766406, "tick_direction": 3, "price": 0.004, "mark_price": 0.00431944, "iv": 104.3, "instrument_name": "BTC-31DEC21-120000-C", "index_price": 59504.59, "direction": "sell", "amount": 1.0}, {"trade_seq": 5569, "trade_id": "190906263", "timestamp": 1637517766406, "tick_direction": 2, "price": 0.004, "mark_price": 0.00431944, "iv": 104.3, "instrument_name": "BTC-31DEC21-120000-C", "index_price": 59504.59, "direction": "sell", "amount": 5.0}, {"trade_seq": 5568, "trade_id": "190888189", "timestamp": 1637503795013, "tick_direction": 3, "price": 0.0045, "mark_price": 0.00423698, "iv": 107.55, "instrument_name": "BTC-31DEC21-120000-C", "index_price": 58793.25, "direction": "sell", "amount": 3.6}, {"trade_seq": 5567, "trade_id": "190888186", "timestamp": 1637503775965, "tick_direction": 3, "price": 0.0045, "mark_price": 0.00423832, "iv": 107.54, "instrument_name": "BTC-31DEC21-120000-C", "index_price": 58801.49, "direction": "buy", "amount": 1.5}, {"trade_seq": 5566, "trade_id": "190888170", "timestamp": 1637503768585, "tick_direction": 3, "price": 0.0045, "mark_price": 0.00423619, "iv": 107.55, "instrument_name": "BTC-31DEC21-120000-C", "index_price": 58791.88, "direction": "buy", "amount": 1.3}, {"trade_seq": 5565, "trade_id": "190888168", "timestamp": 1637503767322, "tick_direction": 3, "price": 0.0045, "mark_price": 0.00423565, "iv": 107.55, "instrument_name": "BTC-31DEC21-120000-C", "index_price": 58792.42, "direction": "buy", "amount": 1.3}, {"trade_seq": 5564, "trade_id": "190888159", "timestamp": 1637503763908, "tick_direction": 3, "price": 0.0045, "mark_price": 0.00423201, "iv": 107.57, "instrument_name": "BTC-31DEC21-120000-C", "index_price": 58782.71, "direction": "buy", "amount": 1.4}, {"trade_seq": 5563, "trade_id": "190888149", "timestamp": 1637503759863, "tick_direction": 3, "price": 0.0045, "mark_price": 0.00423142, "iv": 107.56, "instrument_name": "BTC-31DEC21-120000-C", "index_price": 58784.69, "direction": "buy", "amount": 1.2}, {"trade_seq": 5562, "trade_id": "190888143", "timestamp": 1637503757901, "tick_direction": 3, "price": 0.0045, "mark_price": 0.00423413, "iv": 107.55, "instrument_name": "BTC-31DEC21-120000-C", "index_price": 58791.14, "direction": "buy", "amount": 1.3}, {"trade_seq": 5561, "trade_id": "190888117", "timestamp": 1637503737169, "tick_direction": 3, "price": 0.0045, "mark_price": 0.00422607, "iv": 107.58, "instrument_name": "BTC-31DEC21-120000-C", "index_price": 58789.23, "direction": "buy", "amount": 1.2}, {"trade_seq": 5560, "trade_id": "190888102", "timestamp": 1637503707355, "tick_direction": 3, "price": 0.0045, "mark_price": 0.00422303, "iv": 107.58, "instrument_name": "BTC-31DEC21-120000-C", "index_price": 58787.88, "direction": "buy", "amount": 1.8}, {"trade_seq": 5559, "trade_id": "190853050", "timestamp": 1637458449314, "tick_direction": 3, "price": 0.0045, "mark_price": 0.00424228, "iv": 105.62, "instrument_name": "BTC-31DEC21-120000-C", "index_price": 59379.34, "direction": "buy", "amount": 30.0}, {"trade_seq": 5558, "trade_id": "190853049", "timestamp": 1637458449314, "tick_direction": 3, "price": 0.0045, "mark_price": 0.00424228, "iv": 105.62, "instrument_name": "BTC-31DEC21-120000-C", "index_price": 59379.34, "direction": "buy", "amount": 10.0}, {"trade_seq": 5557, "trade_id": "190833915", "timestamp": 1637434422858, "tick_direction": 2, "price": 0.0045, "mark_price": 0.004682, "iv": 104.84, "instrument_name": "BTC-31DEC21-120000-C", "index_price": 59626.91, "direction": "sell", "amount": 2.3}, {"trade_seq": 5556, "trade_id": "190833840", "timestamp": 1637434355089, "tick_direction": 0, "price": 0.005, "mark_price": 0.00460435, "iv": 106.84, "instrument_name": "BTC-31DEC21-120000-C", "index_price": 59533.36, "direction": "buy", "amount": 2.0}, {"trade_seq": 5555, "trade_id": "190822467", "timestamp": 1637432539385, "tick_direction": 1, "price": 0.0045, "mark_price": 0.00441581, "iv": 106.94, "instrument_name": "BTC-31DEC21-120000-C", "index_price": 58575.07, "direction": "buy", "amount": 1.2}, {"trade_seq": 5554, "trade_id": "190822348", "timestamp": 1637432507981, "tick_direction": 1, "price": 0.0045, "mark_price": 0.0044017, "iv": 107.07, "instrument_name": "BTC-31DEC21-120000-C", "index_price": 58497.58, "direction": "buy", "amount": 1.2}, {"trade_seq": 5553, "trade_id": "190822325", "timestamp": 1637432496038, "tick_direction": 1, "price": 0.0045, "mark_price": 0.0044157, "iv": 107.06, "instrument_name": "BTC-31DEC21-120000-C", "index_price": 58504.16, "direction": "buy", "amount": 1.2}, {"trade_seq": 5552, "trade_id": "190821027", "timestamp": 1637432298843, "tick_direction": 0, "price": 0.0045, "mark_price": 0.00430975, "iv": 107.88, "instrument_name": "BTC-31DEC21-120000-C", "index_price": 58145.18, "direction": "buy", "amount": 1.2}, {"trade_seq": 5551, "trade_id": "190808017", "timestamp": 1637421189607, "tick_direction": 2, "price": 0.004, "mark_price": 0.00421622, "iv": 106.08, "instrument_name": "BTC-31DEC21-120000-C", "index_price": 57990.5, "direction": "sell", "amount": 3.0}, {"trade_seq": 5550, "trade_id": "190800004", "timestamp": 1637412475605, "tick_direction": 1, "price": 0.0045, "mark_price": 0.00448089, "iv": 106.7, "instrument_name": "BTC-31DEC21-120000-C", "index_price": 58581.6, "direction": "buy", "amount": 0.5}, {"trade_seq": 5549, "trade_id": "190779882", "timestamp": 1637382382759, "tick_direction": 0, "price": 0.0045, "mark_price": 0.00425151, "iv": 106.37, "instrument_name": "BTC-31DEC21-120000-C", "index_price": 58518.68, "direction": "buy", "amount": 2.0}, {"trade_seq": 5548, "trade_id": "190751713", "timestamp": 1637355793407, "tick_direction": 3, "price": 0.004, "mark_price": 0.00418946, "iv": 105.67, "instrument_name": "BTC-31DEC21-120000-C", "index_price": 57782.44, "direction": "sell", "amount": 1.0}, {"trade_seq": 5547, "trade_id": "190751537", "timestamp": 1637355671523, "tick_direction": 2, "price": 0.004, "mark_price": 0.00420763, "iv": 105.51, "instrument_name": "BTC-31DEC21-120000-C", "index_price": 57854.29, "direction": "sell", "amount": 1.0}, {"trade_seq": 5546, "trade_id": "190743524", "timestamp": 1637349704493, "tick_direction": 2, "price": 0.0041, "mark_price": 0.00422367, "iv": 105.63, "instrument_name": "BTC-31DEC21-120000-C", "index_price": 57932.53, "direction": "sell", "block_trade_id": "25678", "amount": 20.0}, {"trade_seq": 5545, "trade_id": "190738756", "timestamp": 1637345846845, "tick_direction": 1, "price": 0.0045, "mark_price": 0.00426009, "iv": 106.85, "instrument_name": "BTC-31DEC21-120000-C", "index_price": 58049.05, "direction": "buy", "amount": 1.2}, {"trade_seq": 5544, "trade_id": "190659094", "timestamp": 1637310050549, "tick_direction": 1, "price": 0.0045, "mark_price": 0.00393806, "iv": 108.68, "instrument_name": "BTC-31DEC21-120000-C", "index_price": 56964.52, "direction": "buy", "amount": 0.9}, {"trade_seq": 5543, "trade_id": "190659093", "timestamp": 1637310050549, "tick_direction": 1, "price": 0.0045, "mark_price": 0.00393806, "iv": 108.68, "instrument_name": "BTC-31DEC21-120000-C", "index_price": 56964.52, "direction": "buy", "amount": 5.3}, {"trade_seq": 5542, "trade_id": "190659092", "timestamp": 1637310050549, "tick_direction": 1, "price": 0.0045, "mark_price": 0.00393806, "iv": 108.68, "instrument_name": "BTC-31DEC21-120000-C", "index_price": 56964.52, "direction": "buy", "amount": 10.0}, {"trade_seq": 5541, "trade_id": "190659091", "timestamp": 1637310050549, "tick_direction": 0, "price": 0.0045, "mark_price": 0.00393806, "iv": 108.68, "instrument_name": "BTC-31DEC21-120000-C", "index_price": 56964.52, "direction": "buy", "amount": 4.0}, {"trade_seq": 5540, "trade_id": "190659090", "timestamp": 1637310050549, "tick_direction": 2, "price": 0.004, "mark_price": 0.00393806, "iv": 106.69, "instrument_name": "BTC-31DEC21-120000-C", "index_price": 56964.52, "direction": "buy", "amount": 0.1}, {"trade_seq": 5539, "trade_id": "190655975", "timestamp": 1637309667024, "tick_direction": 1, "price": 0.0045, "mark_price": 0.00398129, "iv": 109.82, "instrument_name": "BTC-31DEC21-120000-C", "index_price": 56422.87, "direction": "buy", "amount": 8.8}, {"trade_seq": 5538, "trade_id": "190655974", "timestamp": 1637309667024, "tick_direction": 0, "price": 0.0045, "mark_price": 0.00398129, "iv": 109.82, "instrument_name": "BTC-31DEC21-120000-C", "index_price": 56422.87, "direction": "buy", "amount": 6.5}, {"trade_seq": 5537, "trade_id": "190655973", "timestamp": 1637309667024, "tick_direction": 2, "price": 0.004, "mark_price": 0.00398129, "iv": 107.82, "instrument_name": "BTC-31DEC21-120000-C", "index_price": 56422.87, "direction": "buy", "amount": 0.4}, {"trade_seq": 5536, "trade_id": "190594326", "timestamp": 1637287925754, "tick_direction": 0, "price": 0.0045, "mark_price": 0.00408859, "iv": 108.77, "instrument_name": "BTC-31DEC21-120000-C", "index_price": 56785.78, "direction": "sell", "amount": 10.0}, {"trade_seq": 5535, "trade_id": "190542204", "timestamp": 1637272128334, "tick_direction": 3, "price": 0.004, "mark_price": 0.00421078, "iv": 104.62, "instrument_name": "BTC-31DEC21-120000-C", "index_price": 57658.8, "direction": "buy", "amount": 6.4}, {"trade_seq": 5534, "trade_id": "190542198", "timestamp": 1637272121323, "tick_direction": 3, "price": 0.004, "mark_price": 0.00422208, "iv": 104.63, "instrument_name": "BTC-31DEC21-120000-C", "index_price": 57653.9, "direction": "sell", "amount": 5.0}, {"trade_seq": 5533, "trade_id": "190542197", "timestamp": 1637272121323, "tick_direction": 3, "price": 0.004, "mark_price": 0.00422208, "iv": 104.63, "instrument_name": "BTC-31DEC21-120000-C", "index_price": 57653.9, "direction": "sell", "amount": 1.0}, {"trade_seq": 5532, "trade_id": "190542196", "timestamp": 1637272121323, "tick_direction": 2, "price": 0.004, "mark_price": 0.00422208, "iv": 104.63, "instrument_name": "BTC-31DEC21-120000-C", "index_price": 57653.9, "direction": "sell", "amount": 2.6}, {"trade_seq": 5531, "trade_id": "190497523", "timestamp": 1637256526841, "tick_direction": 2, "price": 0.0045, "mark_price": 0.00481276, "iv": 106.26, "instrument_name": "BTC-31DEC21-120000-C", "index_price": 57754.72, "direction": "sell", "amount": 0.1}, {"trade_seq": 5530, "trade_id": "190487625", "timestamp": 1637255529277, "tick_direction": 1, "price": 0.0055, "mark_price": 0.0047406, "iv": 112.07, "instrument_name": "BTC-31DEC21-120000-C", "index_price": 56670.87, "direction": "buy", "amount": 0.3}, {"trade_seq": 5529, "trade_id": "190486756", "timestamp": 1637255511280, "tick_direction": 0, "price": 0.0055, "mark_price": 0.00482165, "iv": 111.71, "instrument_name": "BTC-31DEC21-120000-C", "index_price": 56815.85, "direction": "buy", "amount": 0.3}, {"trade_seq": 5528, "trade_id": "190478567", "timestamp": 1637254767673, "tick_direction": 3, "price": 0.0045, "mark_price": 0.00484835, "iv": 107.09, "instrument_name": "BTC-31DEC21-120000-C", "index_price": 57313.87, "direction": "sell", "amount": 3.0}, {"trade_seq": 5527, "trade_id": "190463042", "timestamp": 1637252920069, "tick_direction": 3, "price": 0.0045, "mark_price": 0.00501098, "iv": 105.79, "instrument_name": "BTC-31DEC21-120000-C", "index_price": 57919.07, "direction": "sell", "amount": 1.9}, {"trade_seq": 5526, "trade_id": "190463041", "timestamp": 1637252920069, "tick_direction": 2, "price": 0.0045, "mark_price": 0.00501098, "iv": 105.79, "instrument_name": "BTC-31DEC21-120000-C", "index_price": 57919.07, "direction": "sell", "amount": 0.1}, {"trade_seq": 5525, "trade_id": "190411042", "timestamp": 1637245984379, "tick_direction": 3, "price": 0.005, "mark_price": 0.0052461, "iv": 105.08, "instrument_name": "BTC-31DEC21-120000-C", "index_price": 59095.82, "direction": "sell", "amount": 5.0}, {"trade_seq": 5524, "trade_id": "190407232", "timestamp": 1637244263048, "tick_direction": 3, "price": 0.005, "mark_price": 0.00519068, "iv": 105.14, "instrument_name": "BTC-31DEC21-120000-C", "index_price": 59061.67, "direction": "sell", "amount": 5.0}, {"trade_seq": 5523, "trade_id": "190363153", "timestamp": 1637226442065, "tick_direction": 3, "price": 0.005, "mark_price": 0.00520588, "iv": 103.94, "instrument_name": "BTC-31DEC21-120000-C", "index_price": 59484.93, "direction": "sell", "amount": 1.0}, {"trade_seq": 5522, "trade_id": "190355183", "timestamp": 1637220361176, "tick_direction": 2, "price": 0.005, "mark_price": 0.00546769, "iv": 103.5, "instrument_name": "BTC-31DEC21-120000-C", "index_price": 59639.53, "direction": "sell", "amount": 0.1}, {"trade_seq": 5521, "trade_id": "190336846", "timestamp": 1637203269398, "tick_direction": 1, "price": 0.0055, "mark_price": 0.00502588, "iv": 102.73, "instrument_name": "BTC-31DEC21-120000-C", "index_price": 60707.18, "direction": "buy", "amount": 7.6}, {"trade_seq": 5520, "trade_id": "190336845", "timestamp": 1637203269398, "tick_direction": 0, "price": 0.0055, "mark_price": 0.00502588, "iv": 102.73, "instrument_name": "BTC-31DEC21-120000-C", "index_price": 60707.18, "direction": "buy", "amount": 2.4}, {"trade_seq": 5519, "trade_id": "190320135", "timestamp": 1637193796361, "tick_direction": 2, "price": 0.005, "mark_price": 0.00504583, "iv": 101.94, "instrument_name": "BTC-31DEC21-120000-C", "index_price": 60195.55, "direction": "buy", "amount": 0.1}, {"trade_seq": 5518, "trade_id": "190317273", "timestamp": 1637192421156, "tick_direction": 1, "price": 0.0055, "mark_price": 0.00524044, "iv": 104.03, "instrument_name": "BTC-31DEC21-120000-C", "index_price": 59994.75, "direction": "buy", "amount": 0.2}, {"trade_seq": 5517, "trade_id": "190293752", "timestamp": 1637172872859, "tick_direction": 0, "price": 0.0055, "mark_price": 0.00525761, "iv": 103.0, "instrument_name": "BTC-31DEC21-120000-C", "index_price": 60404.42, "direction": "buy", "amount": 3.0}, {"trade_seq": 5516, "trade_id": "190287850", "timestamp": 1637168634328, "tick_direction": 0, "price": 0.0045, "mark_price": 0.00495056, "iv": 99.78, "instrument_name": "BTC-31DEC21-120000-C", "index_price": 60303.23, "direction": "sell", "amount": 1.3}, {"trade_seq": 5515, "trade_id": "190270980", "timestamp": 1637161323735, "tick_direction": 2, "price": 0.004, "mark_price": 0.00450584, "iv": 99.2, "instrument_name": "BTC-31DEC21-120000-C", "index_price": 59664.24, "direction": "sell", "amount": 0.2}, {"trade_seq": 5514, "trade_id": "190269241", "timestamp": 1637160839224, "tick_direction": 0, "price": 0.005, "mark_price": 0.00467902, "iv": 102.67, "instrument_name": "BTC-31DEC21-120000-C", "index_price": 59716.23, "direction": "sell", "amount": 1.0}, {"trade_seq": 5513, "trade_id": "190267446", "timestamp": 1637160003103, "tick_direction": 3, "price": 0.0045, "mark_price": 0.00487713, "iv": 100.59, "instrument_name": "BTC-31DEC21-120000-C", "index_price": 59877.86, "direction": "sell", "amount": 5.8}, {"trade_seq": 5512, "trade_id": "190267445", "timestamp": 1637160003103, "tick_direction": 2, "price": 0.0045, "mark_price": 0.00487713, "iv": 100.59, "instrument_name": "BTC-31DEC21-120000-C", "index_price": 59877.86, "direction": "sell", "amount": 2.3}, {"trade_seq": 5511, "trade_id": "190260402", "timestamp": 1637155861147, "tick_direction": 1, "price": 0.0055, "mark_price": 0.00485039, "iv": 103.04, "instrument_name": "BTC-31DEC21-120000-C", "index_price": 60309.34, "direction": "buy", "amount": 18.9}, {"trade_seq": 5510, "trade_id": "190260401", "timestamp": 1637155861147, "tick_direction": 1, "price": 0.0055, "mark_price": 0.00485039, "iv": 103.04, "instrument_name": "BTC-31DEC21-120000-C", "index_price": 60309.34, "direction": "buy", "amount": 1.5}, {"trade_seq": 5509, "trade_id": "190260400", "timestamp": 1637155861147, "tick_direction": 0, "price": 0.0055, "mark_price": 0.00485039, "iv": 103.04, "instrument_name": "BTC-31DEC21-120000-C", "index_price": 60309.34, "direction": "buy", "amount": 10.0}, {"trade_seq": 5508, "trade_id": "190259317", "timestamp": 1637155304148, "tick_direction": 1, "price": 0.005, "mark_price": 0.00446739, "iv": 101.3, "instrument_name": "BTC-31DEC21-120000-C", "index_price": 60363.87, "direction": "buy", "amount": 1.5}, {"trade_seq": 5507, "trade_id": "190259316", "timestamp": 1637155304148, "tick_direction": 1, "price": 0.005, "mark_price": 0.00446739, "iv": 101.3, "instrument_name": "BTC-31DEC21-120000-C", "index_price": 60363.87, "direction": "buy", "amount": 5.1}, {"trade_seq": 5506, "trade_id": "190259315", "timestamp": 1637155304148, "tick_direction": 1, "price": 0.005, "mark_price": 0.00446739, "iv": 101.3, "instrument_name": "BTC-31DEC21-120000-C", "index_price": 60363.87, "direction": "buy", "amount": 21.2}, {"trade_seq": 5505, "trade_id": "190259314", "timestamp": 1637155304148, "tick_direction": 1, "price": 0.005, "mark_price": 0.00446739, "iv": 101.3, "instrument_name": "BTC-31DEC21-120000-C", "index_price": 60363.87, "direction": "buy", "amount": 13.0}, {"trade_seq": 5504, "trade_id": "190259313", "timestamp": 1637155304148, "tick_direction": 0, "price": 0.005, "mark_price": 0.00446739, "iv": 101.3, "instrument_name": "BTC-31DEC21-120000-C", "index_price": 60363.87, "direction": "buy", "amount": 2.4}, {"trade_seq": 5503, "trade_id": "190221889", "timestamp": 1637141413235, "tick_direction": 2, "price": 0.004, "mark_price": 0.0042092, "iv": 99.88, "instrument_name": "BTC-31DEC21-120000-C", "index_price": 59143.43, "direction": "sell", "amount": 0.2}, {"trade_seq": 5502, "trade_id": "190213268", "timestamp": 1637136728616, "tick_direction": 3, "price": 0.0045, "mark_price": 0.00472931, "iv": 100.48, "instrument_name": "BTC-31DEC21-120000-C", "index_price": 59744.96, "direction": "sell", "amount": 1.0}, {"trade_seq": 5501, "trade_id": "190213267", "timestamp": 1637136728616, "tick_direction": 2, "price": 0.0045, "mark_price": 0.00472931, "iv": 100.48, "instrument_name": "BTC-31DEC21-120000-C", "index_price": 59744.96, "direction": "sell", "amount": 1.0}, {"trade_seq": 5500, "trade_id": "190204430", "timestamp": 1637133222163, "tick_direction": 0, "price": 0.005, "mark_price": 0.00446337, "iv": 102.74, "instrument_name": "BTC-31DEC21-120000-C", "index_price": 59478.16, "direction": "buy", "amount": 1.0}, {"trade_seq": 5499, "trade_id": "190164312", "timestamp": 1637113941863, "tick_direction": 3, "price": 0.004, "mark_price": 0.00436928, "iv": 98.63, "instrument_name": "BTC-31DEC21-120000-C", "index_price": 59652.01, "direction": "sell", "amount": 2.0}, {"trade_seq": 5498, "trade_id": "190163690", "timestamp": 1637113690352, "tick_direction": 2, "price": 0.004, "mark_price": 0.00440107, "iv": 98.14, "instrument_name": "BTC-31DEC21-120000-C", "index_price": 59901.04, "direction": "sell", "amount": 5.0}, {"trade_seq": 5497, "trade_id": "190158847", "timestamp": 1637110778225, "tick_direction": 1, "price": 0.005, "mark_price": 0.0045113, "iv": 101.92, "instrument_name": "BTC-31DEC21-120000-C", "index_price": 59794.05, "direction": "buy", "amount": 4.2}, {"trade_seq": 5496, "trade_id": "190158846", "timestamp": 1637110778225, "tick_direction": 1, "price": 0.005, "mark_price": 0.0045113, "iv": 101.92, "instrument_name": "BTC-31DEC21-120000-C", "index_price": 59794.05, "direction": "buy", "amount": 1.8}, {"trade_seq": 5495, "trade_id": "190158829", "timestamp": 1637110762334, "tick_direction": 1, "price": 0.005, "mark_price": 0.00450916, "iv": 101.92, "instrument_name": "BTC-31DEC21-120000-C", "index_price": 59782.91, "direction": "buy", "amount": 3.5}, {"trade_seq": 5494, "trade_id": "190158828", "timestamp": 1637110762334, "tick_direction": 0, "price": 0.005, "mark_price": 0.00450916, "iv": 101.92, "instrument_name": "BTC-31DEC21-120000-C", "index_price": 59782.91, "direction": "buy", "amount": 2.5}, {"trade_seq": 5493, "trade_id": "190112500", "timestamp": 1637094223491, "tick_direction": 3, "price": 0.004, "mark_price": 0.00445613, "iv": 98.13, "instrument_name": "BTC-31DEC21-120000-C", "index_price": 59768.98, "direction": "sell", "amount": 0.2}, {"trade_seq": 5492, "trade_id": "190112499", "timestamp": 1637094223491, "tick_direction": 3, "price": 0.004, "mark_price": 0.00445613, "iv": 98.13, "instrument_name": "BTC-31DEC21-120000-C", "index_price": 59768.98, "direction": "sell", "amount": 4.8}, {"trade_seq": 5491, "trade_id": "190106635", "timestamp": 1637092741294, "tick_direction": 3, "price": 0.004, "mark_price": 0.00459089, "iv": 97.34, "instrument_name": "BTC-31DEC21-120000-C", "index_price": 60199.71, "direction": "sell", "amount": 0.4}, {"trade_seq": 5490, "trade_id": "190106634", "timestamp": 1637092741294, "tick_direction": 2, "price": 0.004, "mark_price": 0.00459089, "iv": 97.34, "instrument_name": "BTC-31DEC21-120000-C", "index_price": 60199.71, "direction": "sell", "amount": 2.6}, {"trade_seq": 5489, "trade_id": "190103438", "timestamp": 1637091993453, "tick_direction": 2, "price": 0.0045, "mark_price": 0.00466365, "iv": 99.58, "instrument_name": "BTC-31DEC21-120000-C", "index_price": 60018.47, "direction": "sell", "amount": 1.0}, {"trade_seq": 5488, "trade_id": "190100011", "timestamp": 1637090353713, "tick_direction": 0, "price": 0.005, "mark_price": 0.00475657, "iv": 100.6, "instrument_name": "BTC-31DEC21-120000-C", "index_price": 60341.67, "direction": "buy", "amount": 3.0}, {"trade_seq": 5487, "trade_id": "190067490", "timestamp": 1637076255784, "tick_direction": 2, "price": 0.004, "mark_price": 0.00444912, "iv": 96.0, "instrument_name": "BTC-31DEC21-120000-C", "index_price": 60883.17, "direction": "sell", "amount": 4.0}, {"trade_seq": 5486, "trade_id": "190058065", "timestamp": 1637073950568, "tick_direction": 1, "price": 0.005, "mark_price": 0.00478918, "iv": 98.81, "instrument_name": "BTC-31DEC21-120000-C", "index_price": 61191.71, "direction": "buy", "amount": 1.0}, {"trade_seq": 5485, "trade_id": "190048858", "timestamp": 1637071691905, "tick_direction": 1, "price": 0.005, "mark_price": 0.00461293, "iv": 99.4, "instrument_name": "BTC-31DEC21-120000-C", "index_price": 60851.58, "direction": "sell", "amount": 3.7}, {"trade_seq": 5484, "trade_id": "190048857", "timestamp": 1637071691899, "tick_direction": 1, "price": 0.005, "mark_price": 0.00461293, "iv": 99.4, "instrument_name": "BTC-31DEC21-120000-C", "index_price": 60851.58, "direction": "sell", "amount": 3.1}, {"trade_seq": 5483, "trade_id": "190048853", "timestamp": 1637071691867, "tick_direction": 1, "price": 0.005, "mark_price": 0.00461293, "iv": 99.4, "instrument_name": "BTC-31DEC21-120000-C", "index_price": 60851.58, "direction": "sell", "amount": 0.2}, {"trade_seq": 5482, "trade_id": "190048852", "timestamp": 1637071691858, "tick_direction": 1, "price": 0.005, "mark_price": 0.00461293, "iv": 99.4, "instrument_name": "BTC-31DEC21-120000-C", "index_price": 60851.58, "direction": "buy", "amount": 2.0}, {"trade_seq": 5481, "trade_id": "190047832", "timestamp": 1637071354934, "tick_direction": 0, "price": 0.005, "mark_price": 0.00449801, "iv": 99.78, "instrument_name": "BTC-31DEC21-120000-C", "index_price": 60643.77, "direction": "buy", "amount": 0.1}, {"trade_seq": 5480, "trade_id": "190032830", "timestamp": 1637066222272, "tick_direction": 3, "price": 0.004, "mark_price": 0.00446828, "iv": 96.23, "instrument_name": "BTC-31DEC21-120000-C", "index_price": 60584.86, "direction": "sell", "amount": 3.4}, {"trade_seq": 5479, "trade_id": "190032829", "timestamp": 1637066222272, "tick_direction": 3, "price": 0.004, "mark_price": 0.00446828, "iv": 96.23, "instrument_name": "BTC-31DEC21-120000-C", "index_price": 60584.86, "direction": "sell", "amount": 6.7}, {"trade_seq": 5478, "trade_id": "190032828", "timestamp": 1637066222272, "tick_direction": 3, "price": 0.004, "mark_price": 0.00446828, "iv": 96.23, "instrument_name": "BTC-31DEC21-120000-C", "index_price": 60584.86, "direction": "sell", "amount": 1.5}, {"trade_seq": 5477, "trade_id": "190032827", "timestamp": 1637066222272, "tick_direction": 3, "price": 0.004, "mark_price": 0.00446828, "iv": 96.23, "instrument_name": "BTC-31DEC21-120000-C", "index_price": 60584.86, "direction": "sell", "amount": 3.2}, {"trade_seq": 5476, "trade_id": "190032826", "timestamp": 1637066222272, "tick_direction": 2, "price": 0.004, "mark_price": 0.00446828, "iv": 96.23, "instrument_name": "BTC-31DEC21-120000-C", "index_price": 60584.86, "direction": "sell", "amount": 5.2}, {"trade_seq": 5475, "trade_id": "190032586", "timestamp": 1637066208538, "tick_direction": 0, "price": 0.0045, "mark_price": 0.00451586, "iv": 97.87, "instrument_name": "BTC-31DEC21-120000-C", "index_price": 60688.45, "direction": "sell", "amount": 30.0}, {"trade_seq": 5474, "trade_id": "190025923", "timestamp": 1637064456514, "tick_direction": 2, "price": 0.004, "mark_price": 0.00457851, "iv": 96.56, "instrument_name": "BTC-31DEC21-120000-C", "index_price": 60387.6, "direction": "sell", "amount": 5.0}, {"trade_seq": 5473, "trade_id": "190023758", "timestamp": 1637064178912, "tick_direction": 1, "price": 0.0045, "mark_price": 0.00492591, "iv": 98.24, "instrument_name": "BTC-31DEC21-120000-C", "index_price": 60510.53, "direction": "sell", "amount": 0.1}, {"trade_seq": 5472, "trade_id": "190001350", "timestamp": 1637058824536, "tick_direction": 1, "price": 0.0045, "mark_price": 0.00473118, "iv": 100.05, "instrument_name": "BTC-31DEC21-120000-C", "index_price": 59649.47, "direction": "sell", "amount": 3.0}, {"trade_seq": 5471, "trade_id": "189952886", "timestamp": 1637055427039, "tick_direction": 1, "price": 0.0045, "mark_price": 0.00443264, "iv": 98.38, "instrument_name": "BTC-31DEC21-120000-C", "index_price": 60412.37, "direction": "sell", "amount": 0.1}, {"trade_seq": 5470, "trade_id": "189935302", "timestamp": 1637050089100, "tick_direction": 0, "price": 0.0045, "mark_price": 0.00411221, "iv": 97.37, "instrument_name": "BTC-31DEC21-120000-C", "index_price": 60890.66, "direction": "buy", "amount": 0.2}, {"trade_seq": 5469, "trade_id": "189897342", "timestamp": 1637040255339, "tick_direction": 2, "price": 0.004, "mark_price": 0.00449974, "iv": 94.86, "instrument_name": "BTC-31DEC21-120000-C", "index_price": 61228.52, "direction": "sell", "amount": 0.1}, {"trade_seq": 5468, "trade_id": "189892498", "timestamp": 1637038598131, "tick_direction": 1, "price": 0.0055, "mark_price": 0.00473114, "iv": 99.67, "instrument_name": "BTC-31DEC21-120000-C", "index_price": 61358.11, "direction": "buy", "amount": 2.7}, {"trade_seq": 5467, "trade_id": "189892497", "timestamp": 1637038598131, "tick_direction": 0, "price": 0.0055, "mark_price": 0.00473114, "iv": 99.67, "instrument_name": "BTC-31DEC21-120000-C", "index_price": 61358.11, "direction": "buy", "amount": 2.3}, {"trade_seq": 5466, "trade_id": "189844006", "timestamp": 1637031651270, "tick_direction": 2, "price": 0.004, "mark_price": 0.00472292, "iv": 93.99, "instrument_name": "BTC-31DEC21-120000-C", "index_price": 61607.29, "direction": "sell", "amount": 4.0}, {"trade_seq": 5465, "trade_id": "189840413", "timestamp": 1637030396236, "tick_direction": 3, "price": 0.0045, "mark_price": 0.00493723, "iv": 95.19, "instrument_name": "BTC-31DEC21-120000-C", "index_price": 61876.39, "direction": "buy", "amount": 0.4}, {"trade_seq": 5464, "trade_id": "189840409", "timestamp": 1637030395655, "tick_direction": 2, "price": 0.0045, "mark_price": 0.00493723, "iv": 95.19, "instrument_name": "BTC-31DEC21-120000-C", "index_price": 61876.39, "direction": "sell", "amount": 2.6}, {"trade_seq": 5463, "trade_id": "189794301", "timestamp": 1637022479870, "tick_direction": 2, "price": 0.005, "mark_price": 0.00537705, "iv": 94.95, "instrument_name": "BTC-31DEC21-120000-C", "index_price": 62723.66, "direction": "sell", "amount": 0.1}, {"trade_seq": 5462, "trade_id": "189749595", "timestamp": 1637004944482, "tick_direction": 2, "price": 0.006, "mark_price": 0.00658382, "iv": 94.85, "instrument_name": "BTC-31DEC21-120000-C", "index_price": 64147.61, "direction": "sell", "amount": 4.0}, {"trade_seq": 5461, "trade_id": "189718010", "timestamp": 1636991079821, "tick_direction": 2, "price": 0.007, "mark_price": 0.00719814, "iv": 96.89, "instrument_name": "BTC-31DEC21-120000-C", "index_price": 64389.53, "direction": "sell", "amount": 0.3}, {"trade_seq": 5460, "trade_id": "189701708", "timestamp": 1636985392268, "tick_direction": 1, "price": 0.008, "mark_price": 0.00749922, "iv": 97.26, "instrument_name": "BTC-31DEC21-120000-C", "index_price": 65412.57, "direction": "buy", "amount": 0.2}, {"trade_seq": 5459, "trade_id": "189701673", "timestamp": 1636985375731, "tick_direction": 1, "price": 0.008, "mark_price": 0.00747307, "iv": 97.33, "instrument_name": "BTC-31DEC21-120000-C", "index_price": 65385.22, "direction": "buy", "amount": 1.0}, {"trade_seq": 5458, "trade_id": "189686702", "timestamp": 1636970386994, "tick_direction": 1, "price": 0.008, "mark_price": 0.00749579, "iv": 96.0, "instrument_name": "BTC-31DEC21-120000-C", "index_price": 65989.72, "direction": "buy", "amount": 0.1}, {"trade_seq": 5457, "trade_id": "189686673", "timestamp": 1636970381727, "tick_direction": 1, "price": 0.008, "mark_price": 0.0074923, "iv": 96.0, "instrument_name": "BTC-31DEC21-120000-C", "index_price": 65989.57, "direction": "buy", "amount": 0.1}, {"trade_seq": 5456, "trade_id": "189686647", "timestamp": 1636970380221, "tick_direction": 1, "price": 0.008, "mark_price": 0.00749236, "iv": 96.0, "instrument_name": "BTC-31DEC21-120000-C", "index_price": 65985.95, "direction": "buy", "amount": 0.1}, {"trade_seq": 5455, "trade_id": "189686613", "timestamp": 1636970378663, "tick_direction": 1, "price": 0.008, "mark_price": 0.00749345, "iv": 96.0, "instrument_name": "BTC-31DEC21-120000-C", "index_price": 65988.79, "direction": "buy", "amount": 0.1}, {"trade_seq": 5454, "trade_id": "189686604", "timestamp": 1636970376779, "tick_direction": 1, "price": 0.008, "mark_price": 0.0074941, "iv": 96.0, "instrument_name": "BTC-31DEC21-120000-C", "index_price": 65989.03, "direction": "buy", "amount": 0.1}, {"trade_seq": 5453, "trade_id": "189686601", "timestamp": 1636970369944, "tick_direction": 1, "price": 0.008, "mark_price": 0.00749124, "iv": 96.01, "instrument_name": "BTC-31DEC21-120000-C", "index_price": 65988.96, "direction": "buy", "amount": 0.1}, {"trade_seq": 5452, "trade_id": "189686599", "timestamp": 1636970368097, "tick_direction": 1, "price": 0.008, "mark_price": 0.00749006, "iv": 96.01, "instrument_name": "BTC-31DEC21-120000-C", "index_price": 65989.38, "direction": "buy", "amount": 0.1}, {"trade_seq": 5451, "trade_id": "189686517", "timestamp": 1636970363711, "tick_direction": 1, "price": 0.008, "mark_price": 0.00749453, "iv": 96.0, "instrument_name": "BTC-31DEC21-120000-C", "index_price": 65998.13, "direction": "buy", "amount": 0.1}, {"trade_seq": 5450, "trade_id": "189685994", "timestamp": 1636970277145, "tick_direction": 1, "price": 0.008, "mark_price": 0.00748468, "iv": 96.02, "instrument_name": "BTC-31DEC21-120000-C", "index_price": 65976.15, "direction": "buy", "amount": 0.2}, {"trade_seq": 5449, "trade_id": "189669567", "timestamp": 1636967225618, "tick_direction": 0, "price": 0.008, "mark_price": 0.00768521, "iv": 95.86, "instrument_name": "BTC-31DEC21-120000-C", "index_price": 66004.25, "direction": "buy", "amount": 0.3}, {"trade_seq": 5448, "trade_id": "189660971", "timestamp": 1636960401046, "tick_direction": 3, "price": 0.007, "mark_price": 0.00828253, "iv": 93.99, "instrument_name": "BTC-31DEC21-120000-C", "index_price": 65705.09, "direction": "buy", "amount": 0.2}, {"trade_seq": 5447, "trade_id": "189660970", "timestamp": 1636960401042, "tick_direction": 3, "price": 0.007, "mark_price": 0.00828253, "iv": 93.99, "instrument_name": "BTC-31DEC21-120000-C", "index_price": 65705.09, "direction": "sell", "amount": 12.0}, {"trade_seq": 5446, "trade_id": "189660969", "timestamp": 1636960401042, "tick_direction": 2, "price": 0.007, "mark_price": 0.00828253, "iv": 93.99, "instrument_name": "BTC-31DEC21-120000-C", "index_price": 65705.09, "direction": "sell", "amount": 7.8}, {"trade_seq": 5445, "trade_id": "189660915", "timestamp": 1636960370216, "tick_direction": 1, "price": 0.0075, "mark_price": 0.00836596, "iv": 95.27, "instrument_name": "BTC-31DEC21-120000-C", "index_price": 65684.28, "direction": "buy", "amount": 10.0}, {"trade_seq": 5444, "trade_id": "189660914", "timestamp": 1636960370207, "tick_direction": 1, "price": 0.0075, "mark_price": 0.00836596, "iv": 95.27, "instrument_name": "BTC-31DEC21-120000-C", "index_price": 65684.28, "direction": "sell", "amount": 10.0}, {"trade_seq": 5443, "trade_id": "189660913", "timestamp": 1636960364894, "tick_direction": 0, "price": 0.0075, "mark_price": 0.00837879, "iv": 95.27, "instrument_name": "BTC-31DEC21-120000-C", "index_price": 65684.12, "direction": "sell", "amount": 20.0}, {"trade_seq": 5442, "trade_id": "189660911", "timestamp": 1636960343614, "tick_direction": 3, "price": 0.007, "mark_price": 0.00842793, "iv": 94.08, "instrument_name": "BTC-31DEC21-120000-C", "index_price": 65681.21, "direction": "buy", "amount": 1.7}, {"trade_seq": 5441, "trade_id": "189660910", "timestamp": 1636960343610, "tick_direction": 3, "price": 0.007, "mark_price": 0.00842793, "iv": 94.08, "instrument_name": "BTC-31DEC21-120000-C", "index_price": 65681.21, "direction": "sell", "amount": 12.0}, {"trade_seq": 5440, "trade_id": "189660909", "timestamp": 1636960343610, "tick_direction": 3, "price": 0.007, "mark_price": 0.00842793, "iv": 94.08, "instrument_name": "BTC-31DEC21-120000-C", "index_price": 65681.21, "direction": "sell", "amount": 26.0}, {"trade_seq": 5439, "trade_id": "189660908", "timestamp": 1636960343610, "tick_direction": 3, "price": 0.007, "mark_price": 0.00842793, "iv": 94.08, "instrument_name": "BTC-31DEC21-120000-C", "index_price": 65681.21, "direction": "sell", "amount": 2.5}, {"trade_seq": 5438, "trade_id": "189660907", "timestamp": 1636960343610, "tick_direction": 2, "price": 0.007, "mark_price": 0.00842793, "iv": 94.08, "instrument_name": "BTC-31DEC21-120000-C", "index_price": 65681.21, "direction": "sell", "amount": 7.8}, {"trade_seq": 5437, "trade_id": "189643732", "timestamp": 1636938873941, "tick_direction": 1, "price": 0.008, "mark_price": 0.00847895, "iv": 95.95, "instrument_name": "BTC-31DEC21-120000-C", "index_price": 65771.12, "direction": "sell", "amount": 1.7}, {"trade_seq": 5436, "trade_id": "189631898", "timestamp": 1636934830929, "tick_direction": 0, "price": 0.008, "mark_price": 0.00850063, "iv": 95.64, "instrument_name": "BTC-31DEC21-120000-C", "index_price": 65982.19, "direction": "sell", "amount": 0.8}, {"trade_seq": 5435, "trade_id": "189624272", "timestamp": 1636933895846, "tick_direction": 0, "price": 0.0075, "mark_price": 0.00736282, "iv": 95.83, "instrument_name": "BTC-31DEC21-120000-C", "index_price": 65236.95, "direction": "buy", "amount": 0.9}, {"trade_seq": 5434, "trade_id": "189617228", "timestamp": 1636929294224, "tick_direction": 3, "price": 0.007, "mark_price": 0.00708276, "iv": 95.59, "instrument_name": "BTC-31DEC21-120000-C", "index_price": 64744.97, "direction": "buy", "amount": 2.0}, {"trade_seq": 5433, "trade_id": "189610602", "timestamp": 1636921663554, "tick_direction": 3, "price": 0.007, "mark_price": 0.00720691, "iv": 96.5, "instrument_name": "BTC-31DEC21-120000-C", "index_price": 64233.73, "direction": "sell", "amount": 0.1}, {"trade_seq": 5432, "trade_id": "189610588", "timestamp": 1636921520817, "tick_direction": 3, "price": 0.007, "mark_price": 0.00720544, "iv": 96.46, "instrument_name": "BTC-31DEC21-120000-C", "index_price": 64230.8, "direction": "sell", "amount": 2.3}, {"trade_seq": 5431, "trade_id": "189610587", "timestamp": 1636921520817, "tick_direction": 3, "price": 0.007, "mark_price": 0.00720544, "iv": 96.46, "instrument_name": "BTC-31DEC21-120000-C", "index_price": 64230.8, "direction": "sell", "amount": 0.1}, {"trade_seq": 5430, "trade_id": "189591662", "timestamp": 1636907903265, "tick_direction": 2, "price": 0.007, "mark_price": 0.00714001, "iv": 96.78, "instrument_name": "BTC-31DEC21-120000-C", "index_price": 63991.24, "direction": "sell", "amount": 0.2}, {"trade_seq": 5429, "trade_id": "189584678", "timestamp": 1636904433853, "tick_direction": 3, "price": 0.0075, "mark_price": 0.0072201, "iv": 97.77, "instrument_name": "BTC-31DEC21-120000-C", "index_price": 64119.71, "direction": "buy", "amount": 2.0}, {"trade_seq": 5428, "trade_id": "189578965", "timestamp": 1636900702825, "tick_direction": 3, "price": 0.0075, "mark_price": 0.00758079, "iv": 97.16, "instrument_name": "BTC-31DEC21-120000-C", "index_price": 64382.63, "direction": "buy", "amount": 1.3}, {"trade_seq": 5427, "trade_id": "189571425", "timestamp": 1636892388349, "tick_direction": 3, "price": 0.0075, "mark_price": 0.00797114, "iv": 97.04, "instrument_name": "BTC-31DEC21-120000-C", "index_price": 64390.78, "direction": "sell", "amount": 0.5}, {"trade_seq": 5426, "trade_id": "189571424", "timestamp": 1636892388349, "tick_direction": 3, "price": 0.0075, "mark_price": 0.00797114, "iv": 97.04, "instrument_name": "BTC-31DEC21-120000-C", "index_price": 64390.78, "direction": "sell", "amount": 1.0}, {"trade_seq": 5425, "trade_id": "189571423", "timestamp": 1636892388349, "tick_direction": 3, "price": 0.0075, "mark_price": 0.00797114, "iv": 97.04, "instrument_name": "BTC-31DEC21-120000-C", "index_price": 64390.78, "direction": "sell", "amount": 2.3}, {"trade_seq": 5424, "trade_id": "189571422", "timestamp": 1636892388349, "tick_direction": 2, "price": 0.0075, "mark_price": 0.00797114, "iv": 97.04, "instrument_name": "BTC-31DEC21-120000-C", "index_price": 64390.78, "direction": "sell", "amount": 5.0}, {"trade_seq": 5423, "trade_id": "189568139", "timestamp": 1636885344960, "tick_direction": 0, "price": 0.0085, "mark_price": 0.00799642, "iv": 99.32, "instrument_name": "BTC-31DEC21-120000-C", "index_price": 64403.06, "direction": "buy", "amount": 0.5}, {"trade_seq": 5422, "trade_id": "189561908", "timestamp": 1636878466163, "tick_direction": 2, "price": 0.008, "mark_price": 0.00821197, "iv": 98.34, "instrument_name": "BTC-31DEC21-120000-C", "index_price": 64223.67, "direction": "sell", "amount": 1.0}, {"trade_seq": 5421, "trade_id": "189559888", "timestamp": 1636877879363, "tick_direction": 1, "price": 0.0085, "mark_price": 0.00858429, "iv": 99.09, "instrument_name": "BTC-31DEC21-120000-C", "index_price": 64417.75, "direction": "sell", "amount": 2.0}, {"trade_seq": 5420, "trade_id": "189559887", "timestamp": 1636877879363, "tick_direction": 1, "price": 0.0085, "mark_price": 0.00858429, "iv": 99.09, "instrument_name": "BTC-31DEC21-120000-C", "index_price": 64417.75, "direction": "sell", "amount": 4.8}, {"trade_seq": 5419, "trade_id": "189559886", "timestamp": 1636877879363, "tick_direction": 1, "price": 0.0085, "mark_price": 0.00858429, "iv": 99.09, "instrument_name": "BTC-31DEC21-120000-C", "index_price": 64417.75, "direction": "sell", "amount": 3.0}, {"trade_seq": 5418, "trade_id": "189559885", "timestamp": 1636877879363, "tick_direction": 1, "price": 0.0085, "mark_price": 0.00858429, "iv": 99.09, "instrument_name": "BTC-31DEC21-120000-C", "index_price": 64417.75, "direction": "sell", "amount": 12.8}, {"trade_seq": 5417, "trade_id": "189559726", "timestamp": 1636877877753, "tick_direction": 1, "price": 0.0085, "mark_price": 0.00865665, "iv": 98.93, "instrument_name": "BTC-31DEC21-120000-C", "index_price": 64497.78, "direction": "sell", "amount": 1.2}, {"trade_seq": 5416, "trade_id": "189559618", "timestamp": 1636877864929, "tick_direction": 1, "price": 0.0085, "mark_price": 0.00867256, "iv": 98.88, "instrument_name": "BTC-31DEC21-120000-C", "index_price": 64525.57, "direction": "sell", "amount": 1.2}, {"trade_seq": 5415, "trade_id": "189559395", "timestamp": 1636877746085, "tick_direction": 1, "price": 0.0085, "mark_price": 0.00864842, "iv": 98.84, "instrument_name": "BTC-31DEC21-120000-C", "index_price": 64543.16, "direction": "sell", "amount": 1.2}, {"trade_seq": 5414, "trade_id": "189559225", "timestamp": 1636877713463, "tick_direction": 1, "price": 0.0085, "mark_price": 0.00872569, "iv": 98.66, "instrument_name": "BTC-31DEC21-120000-C", "index_price": 64634.32, "direction": "sell", "amount": 1.2}, {"trade_seq": 5413, "trade_id": "189559071", "timestamp": 1636877653676, "tick_direction": 1, "price": 0.0085, "mark_price": 0.00883044, "iv": 98.42, "instrument_name": "BTC-31DEC21-120000-C", "index_price": 64717.09, "direction": "sell", "amount": 1.2}, {"trade_seq": 5412, "trade_id": "189558568", "timestamp": 1636877493788, "tick_direction": 1, "price": 0.0085, "mark_price": 0.00882271, "iv": 98.55, "instrument_name": "BTC-31DEC21-120000-C", "index_price": 64700.83, "direction": "sell", "amount": 1.2}, {"trade_seq": 5411, "trade_id": "189530183", "timestamp": 1636849241018, "tick_direction": 0, "price": 0.0085, "mark_price": 0.00837518, "iv": 97.74, "instrument_name": "BTC-31DEC21-120000-C", "index_price": 64910.16, "direction": "buy", "amount": 1.0}, {"trade_seq": 5410, "trade_id": "189516290", "timestamp": 1636830902889, "tick_direction": 3, "price": 0.008, "mark_price": 0.00828627, "iv": 98.22, "instrument_name": "BTC-31DEC21-120000-C", "index_price": 63970.42, "direction": "buy", "amount": 1.6}, {"trade_seq": 5409, "trade_id": "189516289", "timestamp": 1636830902859, "tick_direction": 3, "price": 0.008, "mark_price": 0.00828627, "iv": 98.22, "instrument_name": "BTC-31DEC21-120000-C", "index_price": 63970.42, "direction": "sell", "amount": 2.2}, {"trade_seq": 5408, "trade_id": "189516288", "timestamp": 1636830902859, "tick_direction": 3, "price": 0.008, "mark_price": 0.00828627, "iv": 98.22, "instrument_name": "BTC-31DEC21-120000-C", "index_price": 63970.42, "direction": "sell", "amount": 20.0}, {"trade_seq": 5407, "trade_id": "189516287", "timestamp": 1636830902859, "tick_direction": 3, "price": 0.008, "mark_price": 0.00828627, "iv": 98.22, "instrument_name": "BTC-31DEC21-120000-C", "index_price": 63970.42, "direction": "sell", "amount": 2.0}