{"trades": [{"trade_seq": 4916, "trade_id": "194765422", "timestamp": 1639331125354, "tick_direction": 2, "price": 0.0002, "mark_price": 0.0, "iv": 243.61, "instrument_name": "BTC-31DEC21-300000-C", "index_price": 50047.38, "direction": "sell", "block_trade_id": "27356", "amount": 40.0}, {"trade_seq": 4915, "trade_id": "193192636", "timestamp": 1638595754860, "tick_direction": 3, "price": 0.0005, "mark_price": 0.0, "liquidation": "T", "iv": 232.46, "instrument_name": "BTC-31DEC21-300000-C", "index_price": 44886.38, "direction": "buy", "amount": 0.1}, {"trade_seq": 4914, "trade_id": "193192635", "timestamp": 1638595754860, "tick_direction": 3, "price": 0.0005, "mark_price": 0.0, "liquidation": "T", "iv": 232.46, "instrument_name": "BTC-31DEC21-300000-C", "index_price": 44886.38, "direction": "buy", "amount": 2.4}, {"trade_seq": 4913, "trade_id": "192873557", "timestamp": 1638496812743, "tick_direction": 3, "price": 0.0005, "mark_price": 0.0, "iv": 200.23, "instrument_name": "BTC-31DEC21-300000-C", "index_price": 56557.72, "direction": "buy", "amount": 0.6}, {"trade_seq": 4912, "trade_id": "192565672", "timestamp": 1638304814993, "tick_direction": 3, "price": 0.0005, "mark_price": 8e-08, "iv": 191.12, "instrument_name": "BTC-31DEC21-300000-C", "index_price": 57395.37, "direction": "buy", "amount": 1.0}, {"trade_seq": 4911, "trade_id": "192565642", "timestamp": 1638304809282, "tick_direction": 3, "price": 0.0005, "mark_price": 8e-08, "iv": 191.14, "instrument_name": "BTC-31DEC21-300000-C", "index_price": 57379.33, "direction": "buy", "amount": 1.0}, {"trade_seq": 4910, "trade_id": "192558258", "timestamp": 1638300745236, "tick_direction": 3, "price": 0.0005, "mark_price": 7e-08, "iv": 190.33, "instrument_name": "BTC-31DEC21-300000-C", "index_price": 57740.31, "direction": "buy", "amount": 2.0}, {"trade_seq": 4909, "trade_id": "191842343", "timestamp": 1637920341893, "tick_direction": 3, "price": 0.0005, "mark_price": 1.72e-06, "iv": 182.74, "instrument_name": "BTC-31DEC21-300000-C", "index_price": 54883.76, "direction": "buy", "amount": 0.2}, {"trade_seq": 4908, "trade_id": "191647984", "timestamp": 1637854665992, "tick_direction": 3, "price": 0.0005, "mark_price": 1.19e-06, "iv": 174.44, "instrument_name": "BTC-31DEC21-300000-C", "index_price": 58725.32, "direction": "buy", "amount": 1.9}, {"trade_seq": 4907, "trade_id": "191647983", "timestamp": 1637854665992, "tick_direction": 2, "price": 0.0005, "mark_price": 1.19e-06, "iv": 174.44, "instrument_name": "BTC-31DEC21-300000-C", "index_price": 58725.32, "direction": "buy", "amount": 0.1}, {"trade_seq": 4906, "trade_id": "189568929", "timestamp": 1636886994716, "tick_direction": 0, "price": 0.001, "mark_price": 3.371e-05, "iv": 154.11, "instrument_name": "BTC-31DEC21-300000-C", "index_price": 64474.31, "direction": "buy", "amount": 0.1}, {"trade_seq": 4905, "trade_id": "189517413", "timestamp": 1636831656968, "tick_direction": 3, "price": 0.0005, "mark_price": 3.375e-05, "iv": 143.91, "instrument_name": "BTC-31DEC21-300000-C", "index_price": 64038.49, "direction": "buy", "amount": 3.0}, {"trade_seq": 4904, "trade_id": "189447341", "timestamp": 1636769039965, "tick_direction": 3, "price": 0.0005, "mark_price": 2.316e-05, "iv": 142.93, "instrument_name": "BTC-31DEC21-300000-C", "index_price": 63927.41, "direction": "buy", "amount": 0.2}, {"trade_seq": 4903, "trade_id": "189435726", "timestamp": 1636759057884, "tick_direction": 3, "price": 0.0005, "mark_price": 3.371e-05, "iv": 142.55, "instrument_name": "BTC-31DEC21-300000-C", "index_price": 64029.99, "direction": "sell", "amount": 0.1}, {"trade_seq": 4902, "trade_id": "189435725", "timestamp": 1636759056851, "tick_direction": 3, "price": 0.0005, "mark_price": 3.366e-05, "iv": 142.55, "instrument_name": "BTC-31DEC21-300000-C", "index_price": 64029.99, "direction": "sell", "amount": 0.1}, {"trade_seq": 4901, "trade_id": "189204827", "timestamp": 1636642649245, "tick_direction": 3, "price": 0.0005, "mark_price": 5.103e-05, "iv": 138.94, "instrument_name": "BTC-31DEC21-300000-C", "index_price": 65289.74, "direction": "buy", "amount": 0.6}, {"trade_seq": 4900, "trade_id": "188982910", "timestamp": 1636568622142, "tick_direction": 3, "price": 0.0005, "mark_price": 0.00015708, "iv": 133.96, "instrument_name": "BTC-31DEC21-300000-C", "index_price": 68175.03, "direction": "sell", "amount": 0.2}, {"trade_seq": 4899, "trade_id": "188847965", "timestamp": 1636499077443, "tick_direction": 3, "price": 0.0005, "mark_price": 4.761e-05, "iv": 133.9, "instrument_name": "BTC-31DEC21-300000-C", "index_price": 67231.84, "direction": "buy", "amount": 0.2}, {"trade_seq": 4898, "trade_id": "188847658", "timestamp": 1636498919807, "tick_direction": 3, "price": 0.0005, "mark_price": 4.871e-05, "iv": 133.7, "instrument_name": "BTC-31DEC21-300000-C", "index_price": 67393.28, "direction": "buy", "amount": 0.5}, {"trade_seq": 4897, "trade_id": "188846444", "timestamp": 1636497172139, "tick_direction": 3, "price": 0.0005, "mark_price": 0.00071739, "iv": 133.9, "instrument_name": "BTC-31DEC21-300000-C", "index_price": 67198.85, "direction": "sell", "amount": 0.5}, {"trade_seq": 4896, "trade_id": "188827474", "timestamp": 1636479349172, "tick_direction": 3, "price": 0.0005, "mark_price": 5.023e-05, "iv": 134.19, "instrument_name": "BTC-31DEC21-300000-C", "index_price": 66683.61, "direction": "sell", "amount": 0.2}, {"trade_seq": 4895, "trade_id": "188827473", "timestamp": 1636479341396, "tick_direction": 3, "price": 0.0005, "mark_price": 5.019e-05, "iv": 134.2, "instrument_name": "BTC-31DEC21-300000-C", "index_price": 66683.05, "direction": "sell", "amount": 0.4}, {"trade_seq": 4894, "trade_id": "188790217", "timestamp": 1636467568619, "tick_direction": 3, "price": 0.0005, "mark_price": 6.697e-05, "iv": 132.58, "instrument_name": "BTC-31DEC21-300000-C", "index_price": 67896.17, "direction": "sell", "amount": 0.2}, {"trade_seq": 4893, "trade_id": "188790053", "timestamp": 1636467498712, "tick_direction": 3, "price": 0.0005, "mark_price": 6.907e-05, "iv": 132.58, "instrument_name": "BTC-31DEC21-300000-C", "index_price": 67888.84, "direction": "sell", "amount": 0.2}, {"trade_seq": 4892, "trade_id": "188789997", "timestamp": 1636467436786, "tick_direction": 3, "price": 0.0005, "mark_price": 7.159e-05, "iv": 132.57, "instrument_name": "BTC-31DEC21-300000-C", "index_price": 67903.17, "direction": "sell", "amount": 0.4}, {"trade_seq": 4891, "trade_id": "188788050", "timestamp": 1636466700638, "tick_direction": 3, "price": 0.0005, "mark_price": 0.00071928, "iv": 132.47, "instrument_name": "BTC-31DEC21-300000-C", "index_price": 67996.85, "direction": "sell", "amount": 0.3}, {"trade_seq": 4890, "trade_id": "188746663", "timestamp": 1636439986466, "tick_direction": 3, "price": 0.0005, "mark_price": 0.00071356, "iv": 132.01, "instrument_name": "BTC-31DEC21-300000-C", "index_price": 68004.47, "direction": "sell", "amount": 0.9}, {"trade_seq": 4889, "trade_id": "188625988", "timestamp": 1636384590315, "tick_direction": 3, "price": 0.0005, "mark_price": 0.0001694, "iv": 133.86, "instrument_name": "BTC-31DEC21-300000-C", "index_price": 65619.19, "direction": "buy", "amount": 0.1}, {"trade_seq": 4888, "trade_id": "188625747", "timestamp": 1636384392998, "tick_direction": 2, "price": 0.0005, "mark_price": 0.00038172, "iv": 133.88, "instrument_name": "BTC-31DEC21-300000-C", "index_price": 65577.88, "direction": "sell", "amount": 0.1}, {"trade_seq": 4887, "trade_id": "188472751", "timestamp": 1636323045090, "tick_direction": 0, "price": 0.001, "mark_price": 9.18e-05, "iv": 145.63, "instrument_name": "BTC-31DEC21-300000-C", "index_price": 62890.73, "direction": "buy", "amount": 0.5}, {"trade_seq": 4886, "trade_id": "188355454", "timestamp": 1636214504938, "tick_direction": 3, "price": 0.0005, "mark_price": 8.103e-05, "iv": 137.84, "instrument_name": "BTC-31DEC21-300000-C", "index_price": 60749.43, "direction": "buy", "amount": 20.0}, {"trade_seq": 4885, "trade_id": "188354998", "timestamp": 1636213424001, "tick_direction": 3, "price": 0.0005, "mark_price": 8.575e-05, "iv": 137.84, "instrument_name": "BTC-31DEC21-300000-C", "index_price": 60735.73, "direction": "sell", "amount": 2.0}, {"trade_seq": 4884, "trade_id": "188354996", "timestamp": 1636213417207, "tick_direction": 3, "price": 0.0005, "mark_price": 8.482e-05, "iv": 137.85, "instrument_name": "BTC-31DEC21-300000-C", "index_price": 60730.52, "direction": "buy", "amount": 30.0}, {"trade_seq": 4883, "trade_id": "188348697", "timestamp": 1636207935306, "tick_direction": 3, "price": 0.0005, "mark_price": 6.269e-05, "iv": 138.14, "instrument_name": "BTC-31DEC21-300000-C", "index_price": 60480.22, "direction": "buy", "amount": 0.3}, {"trade_seq": 4882, "trade_id": "188348672", "timestamp": 1636207928570, "tick_direction": 3, "price": 0.0005, "mark_price": 6.27e-05, "iv": 138.14, "instrument_name": "BTC-31DEC21-300000-C", "index_price": 60486.54, "direction": "buy", "amount": 0.3}, {"trade_seq": 4881, "trade_id": "188333399", "timestamp": 1636198189089, "tick_direction": 3, "price": 0.0005, "mark_price": 0.00034369, "iv": 137.89, "instrument_name": "BTC-31DEC21-300000-C", "index_price": 60575.09, "direction": "sell", "amount": 5.0}, {"trade_seq": 4880, "trade_id": "188333398", "timestamp": 1636198189089, "tick_direction": 3, "price": 0.0005, "mark_price": 0.00034369, "iv": 137.89, "instrument_name": "BTC-31DEC21-300000-C", "index_price": 60575.09, "direction": "sell", "amount": 5.0}, {"trade_seq": 4879, "trade_id": "188333210", "timestamp": 1636197967144, "tick_direction": 2, "price": 0.0005, "mark_price": 0.00070479, "iv": 137.87, "instrument_name": "BTC-31DEC21-300000-C", "index_price": 60605.83, "direction": "sell", "amount": 5.0}, {"trade_seq": 4878, "trade_id": "188198853", "timestamp": 1636101566891, "tick_direction": 1, "price": 0.001, "mark_price": 7.606e-05, "iv": 143.23, "instrument_name": "BTC-31DEC21-300000-C", "index_price": 62085.65, "direction": "buy", "amount": 3.2}, {"trade_seq": 4877, "trade_id": "188198852", "timestamp": 1636101566891, "tick_direction": 1, "price": 0.001, "mark_price": 7.606e-05, "iv": 143.23, "instrument_name": "BTC-31DEC21-300000-C", "index_price": 62085.65, "direction": "buy", "amount": 11.8}, {"trade_seq": 4876, "trade_id": "188198851", "timestamp": 1636101566891, "tick_direction": 1, "price": 0.001, "mark_price": 7.606e-05, "iv": 143.23, "instrument_name": "BTC-31DEC21-300000-C", "index_price": 62085.65, "direction": "buy", "amount": 5.0}, {"trade_seq": 4875, "trade_id": "187992426", "timestamp": 1635972871101, "tick_direction": 0, "price": 0.001, "mark_price": 0.00010046, "iv": 140.35, "instrument_name": "BTC-31DEC21-300000-C", "index_price": 62770.95, "direction": "buy", "amount": 1.5}, {"trade_seq": 4874, "trade_id": "187992361", "timestamp": 1635972856365, "tick_direction": 3, "price": 0.0005, "mark_price": 9.994e-05, "iv": 131.5, "instrument_name": "BTC-31DEC21-300000-C", "index_price": 62778.08, "direction": "sell", "amount": 1.5}, {"trade_seq": 4873, "trade_id": "187992359", "timestamp": 1635972856333, "tick_direction": 3, "price": 0.0005, "mark_price": 9.994e-05, "iv": 131.5, "instrument_name": "BTC-31DEC21-300000-C", "index_price": 62778.08, "direction": "sell", "amount": 1.5}, {"trade_seq": 4872, "trade_id": "187992137", "timestamp": 1635972474063, "tick_direction": 3, "price": 0.0005, "mark_price": 0.00010061, "iv": 131.47, "instrument_name": "BTC-31DEC21-300000-C", "index_price": 62807.44, "direction": "sell", "amount": 5.0}, {"trade_seq": 4871, "trade_id": "187992078", "timestamp": 1635972439066, "tick_direction": 3, "price": 0.0005, "mark_price": 0.0001011, "iv": 131.43, "instrument_name": "BTC-31DEC21-300000-C", "index_price": 62840.47, "direction": "sell", "amount": 10.0}, {"trade_seq": 4870, "trade_id": "187992055", "timestamp": 1635972397149, "tick_direction": 3, "price": 0.0005, "mark_price": 0.00010113, "iv": 131.44, "instrument_name": "BTC-31DEC21-300000-C", "index_price": 62834.78, "direction": "sell", "amount": 15.0}, {"trade_seq": 4869, "trade_id": "187971655", "timestamp": 1635964182144, "tick_direction": 3, "price": 0.0005, "mark_price": 0.00012081, "iv": 132.13, "instrument_name": "BTC-31DEC21-300000-C", "index_price": 62214.54, "direction": "buy", "amount": 1.0}, {"trade_seq": 4868, "trade_id": "187971636", "timestamp": 1635964178307, "tick_direction": 3, "price": 0.0005, "mark_price": 0.00012081, "iv": 132.13, "instrument_name": "BTC-31DEC21-300000-C", "index_price": 62210.25, "direction": "buy", "amount": 1.0}, {"trade_seq": 4867, "trade_id": "187971629", "timestamp": 1635964177392, "tick_direction": 3, "price": 0.0005, "mark_price": 0.00012098, "iv": 132.11, "instrument_name": "BTC-31DEC21-300000-C", "index_price": 62222.95, "direction": "buy", "amount": 1.0}, {"trade_seq": 4866, "trade_id": "187971526", "timestamp": 1635964135542, "tick_direction": 3, "price": 0.0005, "mark_price": 0.00012141, "iv": 132.05, "instrument_name": "BTC-31DEC21-300000-C", "index_price": 62267.56, "direction": "buy", "amount": 2.0}, {"trade_seq": 4865, "trade_id": "187971431", "timestamp": 1635964048835, "tick_direction": 3, "price": 0.0005, "mark_price": 0.00012176, "iv": 131.98, "instrument_name": "BTC-31DEC21-300000-C", "index_price": 62322.4, "direction": "buy", "amount": 10.0}, {"trade_seq": 4864, "trade_id": "187930387", "timestamp": 1635950305075, "tick_direction": 3, "price": 0.0005, "mark_price": 0.00071098, "iv": 132.46, "instrument_name": "BTC-31DEC21-300000-C", "index_price": 61848.8, "direction": "sell", "amount": 0.1}, {"trade_seq": 4863, "trade_id": "187930386", "timestamp": 1635950305075, "tick_direction": 3, "price": 0.0005, "mark_price": 0.00071098, "iv": 132.46, "instrument_name": "BTC-31DEC21-300000-C", "index_price": 61848.8, "direction": "sell", "amount": 1.0}, {"trade_seq": 4862, "trade_id": "187930385", "timestamp": 1635950305075, "tick_direction": 3, "price": 0.0005, "mark_price": 0.00071098, "iv": 132.46, "instrument_name": "BTC-31DEC21-300000-C", "index_price": 61848.8, "direction": "sell", "amount": 1.9}, {"trade_seq": 4861, "trade_id": "187930384", "timestamp": 1635950305075, "tick_direction": 3, "price": 0.0005, "mark_price": 0.00071098, "iv": 132.46, "instrument_name": "BTC-31DEC21-300000-C", "index_price": 61848.8, "direction": "sell", "amount": 1.0}, {"trade_seq": 4860, "trade_id": "187930383", "timestamp": 1635950305075, "tick_direction": 2, "price": 0.0005, "mark_price": 0.00071098, "iv": 132.46, "instrument_name": "BTC-31DEC21-300000-C", "index_price": 61848.8, "direction": "sell", "amount": 2.5}, {"trade_seq": 4859, "trade_id": "187925555", "timestamp": 1635948215147, "tick_direction": 1, "price": 0.001, "mark_price": 0.00071193, "iv": 141.43, "instrument_name": "BTC-31DEC21-300000-C", "index_price": 61760.55, "direction": "buy", "amount": 0.2}, {"trade_seq": 4858, "trade_id": "187925167", "timestamp": 1635948148132, "tick_direction": 1, "price": 0.001, "mark_price": 0.00070752, "iv": 141.47, "instrument_name": "BTC-31DEC21-300000-C", "index_price": 61715.47, "direction": "buy", "amount": 0.2}, {"trade_seq": 4857, "trade_id": "187925166", "timestamp": 1635948148132, "tick_direction": 0, "price": 0.001, "mark_price": 0.00070752, "iv": 141.47, "instrument_name": "BTC-31DEC21-300000-C", "index_price": 61715.47, "direction": "buy", "amount": 0.3}, {"trade_seq": 4856, "trade_id": "187911989", "timestamp": 1635946143237, "tick_direction": 3, "price": 0.0005, "mark_price": 0.00071749, "iv": 131.55, "instrument_name": "BTC-31DEC21-300000-C", "index_price": 62460.5, "direction": "sell", "amount": 1.8}, {"trade_seq": 4855, "trade_id": "187879372", "timestamp": 1635915738198, "tick_direction": 3, "price": 0.0005, "mark_price": 0.00071925, "iv": 130.6, "instrument_name": "BTC-31DEC21-300000-C", "index_price": 62897.52, "direction": "sell", "amount": 0.1}, {"trade_seq": 4854, "trade_id": "187807443", "timestamp": 1635863954045, "tick_direction": 3, "price": 0.0005, "mark_price": 0.00071815, "iv": 129.13, "instrument_name": "BTC-31DEC21-300000-C", "index_price": 63460.9, "direction": "sell", "amount": 1.3}, {"trade_seq": 4853, "trade_id": "187807413", "timestamp": 1635863943941, "tick_direction": 3, "price": 0.0005, "mark_price": 0.00071756, "iv": 129.14, "instrument_name": "BTC-31DEC21-300000-C", "index_price": 63448.68, "direction": "sell", "amount": 1.2}, {"trade_seq": 4852, "trade_id": "187807405", "timestamp": 1635863932337, "tick_direction": 3, "price": 0.0005, "mark_price": 0.00071619, "iv": 129.16, "instrument_name": "BTC-31DEC21-300000-C", "index_price": 63436.1, "direction": "sell", "amount": 1.4}, {"trade_seq": 4851, "trade_id": "187807404", "timestamp": 1635863931893, "tick_direction": 3, "price": 0.0005, "mark_price": 0.00071619, "iv": 129.16, "instrument_name": "BTC-31DEC21-300000-C", "index_price": 63436.1, "direction": "sell", "amount": 1.7}, {"trade_seq": 4850, "trade_id": "187807403", "timestamp": 1635863931893, "tick_direction": 2, "price": 0.0005, "mark_price": 0.00071619, "iv": 129.16, "instrument_name": "BTC-31DEC21-300000-C", "index_price": 63436.1, "direction": "sell", "amount": 1.0}, {"trade_seq": 4849, "trade_id": "187663147", "timestamp": 1635788532934, "tick_direction": 1, "price": 0.001, "mark_price": 0.00071532, "iv": 140.29, "instrument_name": "BTC-31DEC21-300000-C", "index_price": 60866.88, "direction": "buy", "amount": 1.2}, {"trade_seq": 4848, "trade_id": "187519887", "timestamp": 1635716324116, "tick_direction": 1, "price": 0.001, "mark_price": 0.00072501, "iv": 138.6, "instrument_name": "BTC-31DEC21-300000-C", "index_price": 61487.1, "direction": "buy", "amount": 0.1}, {"trade_seq": 4847, "trade_id": "187505416", "timestamp": 1635695149546, "tick_direction": 0, "price": 0.001, "mark_price": 0.00072087, "iv": 139.33, "instrument_name": "BTC-31DEC21-300000-C", "index_price": 60649.5, "direction": "buy", "amount": 0.4}, {"trade_seq": 4846, "trade_id": "187478907", "timestamp": 1635676758361, "tick_direction": 2, "price": 0.0005, "mark_price": 0.00071922, "iv": 130.04, "instrument_name": "BTC-31DEC21-300000-C", "index_price": 60921.41, "direction": "sell", "amount": 1.0}, {"trade_seq": 4845, "trade_id": "187441607", "timestamp": 1635640275114, "tick_direction": 3, "price": 0.001, "mark_price": 0.00072263, "iv": 136.34, "instrument_name": "BTC-31DEC21-300000-C", "index_price": 62364.83, "direction": "buy", "amount": 1.0}, {"trade_seq": 4844, "trade_id": "187397757", "timestamp": 1635603206904, "tick_direction": 3, "price": 0.001, "mark_price": 0.0012249, "iv": 137.0, "instrument_name": "BTC-31DEC21-300000-C", "index_price": 61456.55, "direction": "sell", "amount": 0.1}, {"trade_seq": 4843, "trade_id": "187397741", "timestamp": 1635603200177, "tick_direction": 3, "price": 0.001, "mark_price": 0.0012249, "iv": 137.0, "instrument_name": "BTC-31DEC21-300000-C", "index_price": 61438.98, "direction": "sell", "amount": 1.3}, {"trade_seq": 4842, "trade_id": "187397711", "timestamp": 1635603198844, "tick_direction": 3, "price": 0.001, "mark_price": 0.001223, "iv": 137.02, "instrument_name": "BTC-31DEC21-300000-C", "index_price": 61424.17, "direction": "sell", "amount": 1.1}, {"trade_seq": 4841, "trade_id": "187397710", "timestamp": 1635603198844, "tick_direction": 2, "price": 0.001, "mark_price": 0.001223, "iv": 137.02, "instrument_name": "BTC-31DEC21-300000-C", "index_price": 61424.17, "direction": "sell", "amount": 0.1}, {"trade_seq": 4840, "trade_id": "187383198", "timestamp": 1635593305737, "tick_direction": 1, "price": 0.0015, "mark_price": 0.0012271, "iv": 142.2, "instrument_name": "BTC-31DEC21-300000-C", "index_price": 61736.91, "direction": "buy", "amount": 0.1}, {"trade_seq": 4839, "trade_id": "187001376", "timestamp": 1635433412702, "tick_direction": 1, "price": 0.0015, "mark_price": 0.00122862, "iv": 140.47, "instrument_name": "BTC-31DEC21-300000-C", "index_price": 61510.88, "direction": "buy", "amount": 2.5}, {"trade_seq": 4838, "trade_id": "186998782", "timestamp": 1635431838841, "tick_direction": 1, "price": 0.0015, "mark_price": 0.00123435, "iv": 140.57, "instrument_name": "BTC-31DEC21-300000-C", "index_price": 61413.6, "direction": "buy", "amount": 2.5}, {"trade_seq": 4837, "trade_id": "186897316", "timestamp": 1635384037563, "tick_direction": 1, "price": 0.0015, "mark_price": 0.00124276, "iv": 143.47, "instrument_name": "BTC-31DEC21-300000-C", "index_price": 58843.66, "direction": "buy", "amount": 1.4}, {"trade_seq": 4836, "trade_id": "186883612", "timestamp": 1635380001318, "tick_direction": 1, "price": 0.0015, "mark_price": 0.00125218, "iv": 143.37, "instrument_name": "BTC-31DEC21-300000-C", "index_price": 58837.32, "direction": "buy", "amount": 1.3}, {"trade_seq": 4835, "trade_id": "186883603", "timestamp": 1635380000216, "tick_direction": 1, "price": 0.0015, "mark_price": 0.00125301, "iv": 143.4, "instrument_name": "BTC-31DEC21-300000-C", "index_price": 58820.83, "direction": "buy", "amount": 1.7}, {"trade_seq": 4834, "trade_id": "186843922", "timestamp": 1635364295426, "tick_direction": 1, "price": 0.0015, "mark_price": 0.00126331, "iv": 143.21, "instrument_name": "BTC-31DEC21-300000-C", "index_price": 58841.98, "direction": "buy", "amount": 1.3}, {"trade_seq": 4833, "trade_id": "186843827", "timestamp": 1635364266780, "tick_direction": 1, "price": 0.0015, "mark_price": 0.00126417, "iv": 143.24, "instrument_name": "BTC-31DEC21-300000-C", "index_price": 58810.04, "direction": "buy", "amount": 1.2}, {"trade_seq": 4832, "trade_id": "186834381", "timestamp": 1635361714013, "tick_direction": 1, "price": 0.0015, "mark_price": 0.00122451, "iv": 143.43, "instrument_name": "BTC-31DEC21-300000-C", "index_price": 58649.01, "direction": "buy", "amount": 1.2}, {"trade_seq": 4831, "trade_id": "186832315", "timestamp": 1635360510155, "tick_direction": 1, "price": 0.0015, "mark_price": 0.00122435, "iv": 143.18, "instrument_name": "BTC-31DEC21-300000-C", "index_price": 58827.63, "direction": "buy", "amount": 1.2}, {"trade_seq": 4830, "trade_id": "186774915", "timestamp": 1635334772824, "tick_direction": 1, "price": 0.0015, "mark_price": 0.00121255, "iv": 143.06, "instrument_name": "BTC-31DEC21-300000-C", "index_price": 58626.02, "direction": "buy", "amount": 1.2}, {"trade_seq": 4829, "trade_id": "186774846", "timestamp": 1635334762777, "tick_direction": 1, "price": 0.0015, "mark_price": 0.0012167, "iv": 142.98, "instrument_name": "BTC-31DEC21-300000-C", "index_price": 58678.81, "direction": "buy", "amount": 1.2}, {"trade_seq": 4828, "trade_id": "186774817", "timestamp": 1635334758491, "tick_direction": 1, "price": 0.0015, "mark_price": 0.00121714, "iv": 142.96, "instrument_name": "BTC-31DEC21-300000-C", "index_price": 58698.89, "direction": "buy", "amount": 1.5}, {"trade_seq": 4827, "trade_id": "186774777", "timestamp": 1635334732365, "tick_direction": 1, "price": 0.0015, "mark_price": 0.00122059, "iv": 142.9, "instrument_name": "BTC-31DEC21-300000-C", "index_price": 58739.08, "direction": "buy", "amount": 0.7}, {"trade_seq": 4826, "trade_id": "186774776", "timestamp": 1635334732365, "tick_direction": 1, "price": 0.0015, "mark_price": 0.00122059, "iv": 142.9, "instrument_name": "BTC-31DEC21-300000-C", "index_price": 58739.08, "direction": "buy", "amount": 0.5}, {"trade_seq": 4825, "trade_id": "186731665", "timestamp": 1635323536458, "tick_direction": 1, "price": 0.0015, "mark_price": 0.0013412, "iv": 142.44, "instrument_name": "BTC-31DEC21-300000-C", "index_price": 58953.11, "direction": "buy", "amount": 1.0}, {"trade_seq": 4824, "trade_id": "186731560", "timestamp": 1635323510382, "tick_direction": 1, "price": 0.0015, "mark_price": 0.00135135, "iv": 142.4, "instrument_name": "BTC-31DEC21-300000-C", "index_price": 58984.05, "direction": "buy", "amount": 1.0}, {"trade_seq": 4823, "trade_id": "186581310", "timestamp": 1635283539075, "tick_direction": 1, "price": 0.0015, "mark_price": 0.00125222, "iv": 137.85, "instrument_name": "BTC-31DEC21-300000-C", "index_price": 61847.19, "direction": "buy", "amount": 1.5}, {"trade_seq": 4822, "trade_id": "186577806", "timestamp": 1635281196129, "tick_direction": 1, "price": 0.0015, "mark_price": 0.00123452, "iv": 137.73, "instrument_name": "BTC-31DEC21-300000-C", "index_price": 61946.41, "direction": "buy", "amount": 1.2}, {"trade_seq": 4821, "trade_id": "186577027", "timestamp": 1635280788449, "tick_direction": 1, "price": 0.0015, "mark_price": 0.00121786, "iv": 137.55, "instrument_name": "BTC-31DEC21-300000-C", "index_price": 62089.72, "direction": "buy", "amount": 1.2}, {"trade_seq": 4820, "trade_id": "186573844", "timestamp": 1635280065491, "tick_direction": 1, "price": 0.0015, "mark_price": 0.00119464, "iv": 137.35, "instrument_name": "BTC-31DEC21-300000-C", "index_price": 62271.31, "direction": "buy", "amount": 1.2}, {"trade_seq": 4819, "trade_id": "186573842", "timestamp": 1635280048467, "tick_direction": 0, "price": 0.0015, "mark_price": 0.00119237, "iv": 137.35, "instrument_name": "BTC-31DEC21-300000-C", "index_price": 62272.58, "direction": "buy", "amount": 1.2}, {"trade_seq": 4818, "trade_id": "186499417", "timestamp": 1635239323970, "tick_direction": 3, "price": 0.001, "mark_price": 0.00143383, "iv": 130.59, "instrument_name": "BTC-31DEC21-300000-C", "index_price": 62809.93, "direction": "sell", "amount": 0.2}, {"trade_seq": 4817, "trade_id": "186499416", "timestamp": 1635239323970, "tick_direction": 2, "price": 0.001, "mark_price": 0.00143383, "iv": 130.59, "instrument_name": "BTC-31DEC21-300000-C", "index_price": 62809.93, "direction": "sell", "amount": 0.1}, {"trade_seq": 4816, "trade_id": "186489746", "timestamp": 1635233105093, "tick_direction": 3, "price": 0.0015, "mark_price": 0.00123325, "iv": 136.76, "instrument_name": "BTC-31DEC21-300000-C", "index_price": 62259.89, "direction": "buy", "amount": 1.2}, {"trade_seq": 4815, "trade_id": "186455673", "timestamp": 1635202769557, "tick_direction": 3, "price": 0.0015, "mark_price": 0.00122881, "iv": 135.45, "instrument_name": "BTC-31DEC21-300000-C", "index_price": 63005.64, "direction": "buy", "amount": 1.3}, {"trade_seq": 4814, "trade_id": "186454368", "timestamp": 1635201705081, "tick_direction": 3, "price": 0.0015, "mark_price": 0.00125699, "iv": 135.51, "instrument_name": "BTC-31DEC21-300000-C", "index_price": 62926.75, "direction": "buy", "amount": 1.2}, {"trade_seq": 4813, "trade_id": "186454363", "timestamp": 1635201672304, "tick_direction": 3, "price": 0.0015, "mark_price": 0.00126108, "iv": 135.51, "instrument_name": "BTC-31DEC21-300000-C", "index_price": 62926.23, "direction": "buy", "amount": 1.5}, {"trade_seq": 4812, "trade_id": "186451087", "timestamp": 1635198800189, "tick_direction": 2, "price": 0.0015, "mark_price": 0.00172814, "iv": 135.5, "instrument_name": "BTC-31DEC21-300000-C", "index_price": 62909.57, "direction": "sell", "amount": 2.2}, {"trade_seq": 4811, "trade_id": "186434401", "timestamp": 1635188386975, "tick_direction": 0, "price": 0.002, "mark_price": 0.00174627, "iv": 139.35, "instrument_name": "BTC-31DEC21-300000-C", "index_price": 63122.66, "direction": "buy", "amount": 0.1}, {"trade_seq": 4810, "trade_id": "186301184", "timestamp": 1635103690462, "tick_direction": 0, "price": 0.0015, "mark_price": 0.00122273, "iv": 137.64, "instrument_name": "BTC-31DEC21-300000-C", "index_price": 60328.57, "direction": "buy", "amount": 0.4}, {"trade_seq": 4809, "trade_id": "186294478", "timestamp": 1635099155291, "tick_direction": 2, "price": 0.001, "mark_price": 0.00122505, "iv": 132.33, "instrument_name": "BTC-31DEC21-300000-C", "index_price": 60110.8, "direction": "sell", "amount": 1.0}, {"trade_seq": 4808, "trade_id": "186292096", "timestamp": 1635094820427, "tick_direction": 3, "price": 0.0015, "mark_price": 0.00123921, "iv": 137.46, "instrument_name": "BTC-31DEC21-300000-C", "index_price": 60375.52, "direction": "buy", "amount": 1.2}, {"trade_seq": 4807, "trade_id": "186271518", "timestamp": 1635087088828, "tick_direction": 3, "price": 0.0015, "mark_price": 0.00122944, "iv": 137.64, "instrument_name": "BTC-31DEC21-300000-C", "index_price": 60203.15, "direction": "buy", "amount": 1.0}, {"trade_seq": 4806, "trade_id": "186183536", "timestamp": 1634994525677, "tick_direction": 3, "price": 0.0015, "mark_price": 0.00128732, "iv": 134.96, "instrument_name": "BTC-31DEC21-300000-C", "index_price": 61580.97, "direction": "buy", "amount": 1.7}, {"trade_seq": 4805, "trade_id": "186181842", "timestamp": 1634993991248, "tick_direction": 3, "price": 0.0015, "mark_price": 0.00143449, "iv": 134.99, "instrument_name": "BTC-31DEC21-300000-C", "index_price": 61532.95, "direction": "buy", "amount": 1.8}, {"trade_seq": 4804, "trade_id": "186175953", "timestamp": 1634990364461, "tick_direction": 3, "price": 0.0015, "mark_price": 0.00123022, "iv": 134.9, "instrument_name": "BTC-31DEC21-300000-C", "index_price": 61507.87, "direction": "buy", "amount": 1.3}, {"trade_seq": 4803, "trade_id": "186173209", "timestamp": 1634989302447, "tick_direction": 3, "price": 0.0015, "mark_price": 0.00128898, "iv": 134.8, "instrument_name": "BTC-31DEC21-300000-C", "index_price": 61600.33, "direction": "buy", "amount": 1.2}, {"trade_seq": 4802, "trade_id": "186172157", "timestamp": 1634989033590, "tick_direction": 3, "price": 0.0015, "mark_price": 0.00123518, "iv": 135.02, "instrument_name": "BTC-31DEC21-300000-C", "index_price": 61397.51, "direction": "buy", "amount": 1.2}, {"trade_seq": 4801, "trade_id": "186172105", "timestamp": 1634988997765, "tick_direction": 3, "price": 0.0015, "mark_price": 0.00124081, "iv": 134.97, "instrument_name": "BTC-31DEC21-300000-C", "index_price": 61439.09, "direction": "buy", "amount": 1.2}, {"trade_seq": 4800, "trade_id": "186162345", "timestamp": 1634987373844, "tick_direction": 3, "price": 0.0015, "mark_price": 0.00125258, "iv": 136.12, "instrument_name": "BTC-31DEC21-300000-C", "index_price": 60563.5, "direction": "buy", "amount": 0.1}, {"trade_seq": 4799, "trade_id": "186107277", "timestamp": 1634946615976, "tick_direction": 3, "price": 0.0015, "mark_price": 0.00115868, "iv": 135.46, "instrument_name": "BTC-31DEC21-300000-C", "index_price": 60710.78, "direction": "buy", "amount": 0.4}, {"trade_seq": 4798, "trade_id": "186107276", "timestamp": 1634946615976, "tick_direction": 3, "price": 0.0015, "mark_price": 0.00115868, "iv": 135.46, "instrument_name": "BTC-31DEC21-300000-C", "index_price": 60710.78, "direction": "buy", "amount": 0.5}, {"trade_seq": 4797, "trade_id": "186107275", "timestamp": 1634946615976, "tick_direction": 3, "price": 0.0015, "mark_price": 0.00115868, "iv": 135.46, "instrument_name": "BTC-31DEC21-300000-C", "index_price": 60710.78, "direction": "buy", "amount": 0.5}, {"trade_seq": 4796, "trade_id": "186107274", "timestamp": 1634946615976, "tick_direction": 3, "price": 0.0015, "mark_price": 0.00115868, "iv": 135.46, "instrument_name": "BTC-31DEC21-300000-C", "index_price": 60710.78, "direction": "buy", "amount": 0.1}, {"trade_seq": 4795, "trade_id": "186107262", "timestamp": 1634946591097, "tick_direction": 3, "price": 0.0015, "mark_price": 0.00118659, "iv": 135.44, "instrument_name": "BTC-31DEC21-300000-C", "index_price": 60728.75, "direction": "buy", "amount": 0.4}, {"trade_seq": 4794, "trade_id": "186107261", "timestamp": 1634946591097, "tick_direction": 3, "price": 0.0015, "mark_price": 0.00118659, "iv": 135.44, "instrument_name": "BTC-31DEC21-300000-C", "index_price": 60728.75, "direction": "buy", "amount": 0.5}, {"trade_seq": 4793, "trade_id": "186107260", "timestamp": 1634946591097, "tick_direction": 3, "price": 0.0015, "mark_price": 0.00118659, "iv": 135.44, "instrument_name": "BTC-31DEC21-300000-C", "index_price": 60728.75, "direction": "buy", "amount": 0.5}, {"trade_seq": 4792, "trade_id": "186107259", "timestamp": 1634946591097, "tick_direction": 3, "price": 0.0015, "mark_price": 0.00118659, "iv": 135.44, "instrument_name": "BTC-31DEC21-300000-C", "index_price": 60728.75, "direction": "buy", "amount": 0.1}, {"trade_seq": 4791, "trade_id": "186107254", "timestamp": 1634946577886, "tick_direction": 3, "price": 0.0015, "mark_price": 0.00120197, "iv": 135.43, "instrument_name": "BTC-31DEC21-300000-C", "index_price": 60742.09, "direction": "buy", "amount": 0.4}, {"trade_seq": 4790, "trade_id": "186107253", "timestamp": 1634946577886, "tick_direction": 3, "price": 0.0015, "mark_price": 0.00120197, "iv": 135.43, "instrument_name": "BTC-31DEC21-300000-C", "index_price": 60742.09, "direction": "buy", "amount": 0.5}, {"trade_seq": 4789, "trade_id": "186107252", "timestamp": 1634946577886, "tick_direction": 3, "price": 0.0015, "mark_price": 0.00120197, "iv": 135.43, "instrument_name": "BTC-31DEC21-300000-C", "index_price": 60742.09, "direction": "buy", "amount": 0.5}, {"trade_seq": 4788, "trade_id": "186107251", "timestamp": 1634946577886, "tick_direction": 3, "price": 0.0015, "mark_price": 0.00120197, "iv": 135.43, "instrument_name": "BTC-31DEC21-300000-C", "index_price": 60742.09, "direction": "buy", "amount": 0.2}, {"trade_seq": 4787, "trade_id": "186107102", "timestamp": 1634946181963, "tick_direction": 3, "price": 0.0015, "mark_price": 0.00119522, "iv": 135.39, "instrument_name": "BTC-31DEC21-300000-C", "index_price": 60770.03, "direction": "buy", "amount": 0.3}, {"trade_seq": 4786, "trade_id": "186107101", "timestamp": 1634946181963, "tick_direction": 3, "price": 0.0015, "mark_price": 0.00119522, "iv": 135.39, "instrument_name": "BTC-31DEC21-300000-C", "index_price": 60770.03, "direction": "buy", "amount": 0.9}, {"trade_seq": 4785, "trade_id": "186093813", "timestamp": 1634934165320, "tick_direction": 3, "price": 0.0015, "mark_price": 0.0012251, "iv": 135.12, "instrument_name": "BTC-31DEC21-300000-C", "index_price": 60890.77, "direction": "buy", "amount": 0.2}, {"trade_seq": 4784, "trade_id": "185952941", "timestamp": 1634890922601, "tick_direction": 2, "price": 0.0015, "mark_price": 0.00144161, "iv": 131.33, "instrument_name": "BTC-31DEC21-300000-C", "index_price": 63617.44, "direction": "buy", "amount": 0.1}, {"trade_seq": 4783, "trade_id": "185921013", "timestamp": 1634879785058, "tick_direction": 1, "price": 0.002, "mark_price": 0.00146919, "iv": 135.86, "instrument_name": "BTC-31DEC21-300000-C", "index_price": 63118.02, "direction": "buy", "amount": 1.0}, {"trade_seq": 4782, "trade_id": "185911483", "timestamp": 1634871606001, "tick_direction": 1, "price": 0.002, "mark_price": 0.00197354, "iv": 136.13, "instrument_name": "BTC-31DEC21-300000-C", "index_price": 62844.17, "direction": "sell", "amount": 2.0}, {"trade_seq": 4781, "trade_id": "185911434", "timestamp": 1634871570720, "tick_direction": 0, "price": 0.002, "mark_price": 0.00193607, "iv": 136.12, "instrument_name": "BTC-31DEC21-300000-C", "index_price": 62854.16, "direction": "sell", "amount": 3.0}, {"trade_seq": 4780, "trade_id": "185542705", "timestamp": 1634762997362, "tick_direction": 2, "price": 0.0015, "mark_price": 0.00198376, "iv": 127.52, "instrument_name": "BTC-31DEC21-300000-C", "index_price": 65838.1, "direction": "sell", "amount": 0.1}, {"trade_seq": 4779, "trade_id": "185541757", "timestamp": 1634762445023, "tick_direction": 2, "price": 0.002, "mark_price": 0.00225164, "iv": 131.5, "instrument_name": "BTC-31DEC21-300000-C", "index_price": 65900.78, "direction": "sell", "amount": 10.0}, {"trade_seq": 4778, "trade_id": "185524104", "timestamp": 1634760862232, "tick_direction": 1, "price": 0.0025, "mark_price": 0.00272026, "iv": 134.64, "instrument_name": "BTC-31DEC21-300000-C", "index_price": 66027.83, "direction": "sell", "amount": 1.0}, {"trade_seq": 4777, "trade_id": "185484018", "timestamp": 1634749714225, "tick_direction": 0, "price": 0.0025, "mark_price": 0.00223609, "iv": 134.02, "instrument_name": "BTC-31DEC21-300000-C", "index_price": 66295.59, "direction": "buy", "amount": 0.1}, {"trade_seq": 4776, "trade_id": "185343000", "timestamp": 1634714605028, "tick_direction": 0, "price": 0.002, "mark_price": 0.00174102, "iv": 133.25, "instrument_name": "BTC-31DEC21-300000-C", "index_price": 63961.15, "direction": "buy", "amount": 0.2}, {"trade_seq": 4775, "trade_id": "185128865", "timestamp": 1634599270734, "tick_direction": 2, "price": 0.0015, "mark_price": 0.00195118, "iv": 130.29, "instrument_name": "BTC-31DEC21-300000-C", "index_price": 61960.38, "direction": "sell", "amount": 0.3}, {"trade_seq": 4774, "trade_id": "185120258", "timestamp": 1634592187488, "tick_direction": 1, "price": 0.002, "mark_price": 0.00159681, "iv": 135.02, "instrument_name": "BTC-31DEC21-300000-C", "index_price": 61383.91, "direction": "buy", "amount": 0.1}, {"trade_seq": 4773, "trade_id": "185120257", "timestamp": 1634592187488, "tick_direction": 1, "price": 0.002, "mark_price": 0.00159681, "iv": 135.02, "instrument_name": "BTC-31DEC21-300000-C", "index_price": 61383.91, "direction": "buy", "amount": 0.1}, {"trade_seq": 4772, "trade_id": "185120256", "timestamp": 1634592187488, "tick_direction": 0, "price": 0.002, "mark_price": 0.00159681, "iv": 135.02, "instrument_name": "BTC-31DEC21-300000-C", "index_price": 61383.91, "direction": "buy", "amount": 0.1}, {"trade_seq": 4771, "trade_id": "185116377", "timestamp": 1634588285264, "tick_direction": 3, "price": 0.0015, "mark_price": 0.00122457, "iv": 130.89, "instrument_name": "BTC-31DEC21-300000-C", "index_price": 61401.15, "direction": "buy", "amount": 0.1}, {"trade_seq": 4770, "trade_id": "185116304", "timestamp": 1634588268414, "tick_direction": 3, "price": 0.0015, "mark_price": 0.00122541, "iv": 130.87, "instrument_name": "BTC-31DEC21-300000-C", "index_price": 61394.95, "direction": "buy", "amount": 0.4}, {"trade_seq": 4769, "trade_id": "185116303", "timestamp": 1634588268414, "tick_direction": 3, "price": 0.0015, "mark_price": 0.00122541, "iv": 130.87, "instrument_name": "BTC-31DEC21-300000-C", "index_price": 61394.95, "direction": "buy", "amount": 0.5}, {"trade_seq": 4768, "trade_id": "185116302", "timestamp": 1634588268414, "tick_direction": 3, "price": 0.0015, "mark_price": 0.00122541, "iv": 130.87, "instrument_name": "BTC-31DEC21-300000-C", "index_price": 61394.95, "direction": "buy", "amount": 0.3}, {"trade_seq": 4767, "trade_id": "185098811", "timestamp": 1634577194632, "tick_direction": 3, "price": 0.0015, "mark_price": 0.0012286, "iv": 130.23, "instrument_name": "BTC-31DEC21-300000-C", "index_price": 61860.95, "direction": "buy", "amount": 1.0}, {"trade_seq": 4766, "trade_id": "185021205", "timestamp": 1634550367271, "tick_direction": 3, "price": 0.0015, "mark_price": 0.00132093, "iv": 130.1, "instrument_name": "BTC-31DEC21-300000-C", "index_price": 61691.42, "direction": "buy", "amount": 0.1}, {"trade_seq": 4765, "trade_id": "184924474", "timestamp": 1634504830452, "tick_direction": 3, "price": 0.0015, "mark_price": 0.00144983, "iv": 132.14, "instrument_name": "BTC-31DEC21-300000-C", "index_price": 59651.95, "direction": "buy", "amount": 0.1}, {"trade_seq": 4764, "trade_id": "184924470", "timestamp": 1634504828767, "tick_direction": 3, "price": 0.0015, "mark_price": 0.00144991, "iv": 132.14, "instrument_name": "BTC-31DEC21-300000-C", "index_price": 59650.16, "direction": "buy", "amount": 0.1}, {"trade_seq": 4763, "trade_id": "184924443", "timestamp": 1634504816003, "tick_direction": 3, "price": 0.0015, "mark_price": 0.00144969, "iv": 132.15, "instrument_name": "BTC-31DEC21-300000-C", "index_price": 59644.25, "direction": "buy", "amount": 0.1}, {"trade_seq": 4762, "trade_id": "184924442", "timestamp": 1634504814463, "tick_direction": 3, "price": 0.0015, "mark_price": 0.00144993, "iv": 132.15, "instrument_name": "BTC-31DEC21-300000-C", "index_price": 59643.58, "direction": "buy", "amount": 0.1}, {"trade_seq": 4761, "trade_id": "184924440", "timestamp": 1634504809844, "tick_direction": 3, "price": 0.0015, "mark_price": 0.00144978, "iv": 132.15, "instrument_name": "BTC-31DEC21-300000-C", "index_price": 59643.14, "direction": "buy", "amount": 0.1}, {"trade_seq": 4760, "trade_id": "184924438", "timestamp": 1634504807941, "tick_direction": 3, "price": 0.0015, "mark_price": 0.00144968, "iv": 132.16, "instrument_name": "BTC-31DEC21-300000-C", "index_price": 59639.04, "direction": "buy", "amount": 0.1}, {"trade_seq": 4759, "trade_id": "184924429", "timestamp": 1634504800886, "tick_direction": 3, "price": 0.0015, "mark_price": 0.00144836, "iv": 132.17, "instrument_name": "BTC-31DEC21-300000-C", "index_price": 59625.25, "direction": "buy", "amount": 0.1}, {"trade_seq": 4758, "trade_id": "184924424", "timestamp": 1634504794441, "tick_direction": 3, "price": 0.0015, "mark_price": 0.00144893, "iv": 132.17, "instrument_name": "BTC-31DEC21-300000-C", "index_price": 59625.19, "direction": "buy", "amount": 0.1}, {"trade_seq": 4757, "trade_id": "184924400", "timestamp": 1634504786615, "tick_direction": 3, "price": 0.0015, "mark_price": 0.00145103, "iv": 132.15, "instrument_name": "BTC-31DEC21-300000-C", "index_price": 59633.83, "direction": "buy", "amount": 0.1}, {"trade_seq": 4756, "trade_id": "184924393", "timestamp": 1634504784306, "tick_direction": 3, "price": 0.0015, "mark_price": 0.00145249, "iv": 132.14, "instrument_name": "BTC-31DEC21-300000-C", "index_price": 59643.21, "direction": "buy", "amount": 0.1}, {"trade_seq": 4755, "trade_id": "184924364", "timestamp": 1634504767535, "tick_direction": 3, "price": 0.0015, "mark_price": 0.0014557, "iv": 132.12, "instrument_name": "BTC-31DEC21-300000-C", "index_price": 59651.1, "direction": "buy", "amount": 0.5}, {"trade_seq": 4754, "trade_id": "184881739", "timestamp": 1634488069082, "tick_direction": 3, "price": 0.0015, "mark_price": 0.00123646, "iv": 130.39, "instrument_name": "BTC-31DEC21-300000-C", "index_price": 60913.99, "direction": "buy", "amount": 7.0}, {"trade_seq": 4753, "trade_id": "184881695", "timestamp": 1634488062060, "tick_direction": 3, "price": 0.0015, "mark_price": 0.00123626, "iv": 130.39, "instrument_name": "BTC-31DEC21-300000-C", "index_price": 60897.06, "direction": "buy", "amount": 14.0}, {"trade_seq": 4752, "trade_id": "184873472", "timestamp": 1634484079792, "tick_direction": 3, "price": 0.0015, "mark_price": 0.00122489, "iv": 130.55, "instrument_name": "BTC-31DEC21-300000-C", "index_price": 60768.45, "direction": "buy", "amount": 3.0}, {"trade_seq": 4751, "trade_id": "184817906", "timestamp": 1634430807565, "tick_direction": 2, "price": 0.0015, "mark_price": 0.00172725, "iv": 130.18, "instrument_name": "BTC-31DEC21-300000-C", "index_price": 60551.33, "direction": "sell", "amount": 4.8}, {"trade_seq": 4750, "trade_id": "184815299", "timestamp": 1634428820485, "tick_direction": 1, "price": 0.002, "mark_price": 0.00172774, "iv": 133.87, "instrument_name": "BTC-31DEC21-300000-C", "index_price": 60871.5, "direction": "buy", "amount": 1.2}, {"trade_seq": 4749, "trade_id": "184811996", "timestamp": 1634422073318, "tick_direction": 1, "price": 0.002, "mark_price": 0.00174402, "iv": 133.88, "instrument_name": "BTC-31DEC21-300000-C", "index_price": 60832.36, "direction": "buy", "amount": 1.2}, {"trade_seq": 4748, "trade_id": "184811989", "timestamp": 1634422049278, "tick_direction": 1, "price": 0.002, "mark_price": 0.00174439, "iv": 133.88, "instrument_name": "BTC-31DEC21-300000-C", "index_price": 60826.33, "direction": "buy", "amount": 1.2}, {"trade_seq": 4747, "trade_id": "184811870", "timestamp": 1634421909507, "tick_direction": 0, "price": 0.002, "mark_price": 0.00172116, "iv": 134.07, "instrument_name": "BTC-31DEC21-300000-C", "index_price": 60666.8, "direction": "buy", "amount": 1.2}, {"trade_seq": 4746, "trade_id": "184799921", "timestamp": 1634409860020, "tick_direction": 3, "price": 0.0015, "mark_price": 0.0017076, "iv": 129.76, "instrument_name": "BTC-31DEC21-300000-C", "index_price": 60740.82, "direction": "sell", "amount": 0.1}, {"trade_seq": 4745, "trade_id": "184799918", "timestamp": 1634409857746, "tick_direction": 2, "price": 0.0015, "mark_price": 0.00170893, "iv": 129.75, "instrument_name": "BTC-31DEC21-300000-C", "index_price": 60745.74, "direction": "sell", "amount": 0.1}, {"trade_seq": 4744, "trade_id": "184712331", "timestamp": 1634347754355, "tick_direction": 1, "price": 0.002, "mark_price": 0.00147419, "iv": 132.08, "instrument_name": "BTC-31DEC21-300000-C", "index_price": 61528.5, "direction": "buy", "amount": 1.2}, {"trade_seq": 4743, "trade_id": "184712233", "timestamp": 1634347579144, "tick_direction": 0, "price": 0.002, "mark_price": 0.00149541, "iv": 132.11, "instrument_name": "BTC-31DEC21-300000-C", "index_price": 61522.29, "direction": "buy", "amount": 1.2}, {"trade_seq": 4742, "trade_id": "184549597", "timestamp": 1634307286776, "tick_direction": 2, "price": 0.0003, "mark_price": 0.00145229, "iv": 111.19, "instrument_name": "BTC-31DEC21-300000-C", "index_price": 60131.38, "direction": "sell", "block_trade_id": "23090", "amount": 12.5}, {"trade_seq": 4741, "trade_id": "184535854", "timestamp": 1634305696757, "tick_direction": 2, "price": 0.0012, "mark_price": 0.00140585, "iv": 126.6, "instrument_name": "BTC-31DEC21-300000-C", "index_price": 59809.85, "direction": "sell", "block_trade_id": "23086", "amount": 12.5}, {"trade_seq": 4740, "trade_id": "184490287", "timestamp": 1634285335295, "tick_direction": 3, "price": 0.0015, "mark_price": 0.00174495, "iv": 129.64, "instrument_name": "BTC-31DEC21-300000-C", "index_price": 59395.32, "direction": "buy", "amount": 1.5}, {"trade_seq": 4739, "trade_id": "184490281", "timestamp": 1634285333930, "tick_direction": 3, "price": 0.0015, "mark_price": 0.00174568, "iv": 129.63, "instrument_name": "BTC-31DEC21-300000-C", "index_price": 59398.39, "direction": "sell", "amount": 9.3}, {"trade_seq": 4738, "trade_id": "184487927", "timestamp": 1634284742894, "tick_direction": 3, "price": 0.0015, "mark_price": 0.00173473, "iv": 129.74, "instrument_name": "BTC-31DEC21-300000-C", "index_price": 59279.89, "direction": "sell", "amount": 0.7}, {"trade_seq": 4737, "trade_id": "184470005", "timestamp": 1634277510905, "tick_direction": 3, "price": 0.0015, "mark_price": 0.00172453, "iv": 129.44, "instrument_name": "BTC-31DEC21-300000-C", "index_price": 59486.34, "direction": "sell", "amount": 1.0}, {"trade_seq": 4736, "trade_id": "184405693", "timestamp": 1634264252147, "tick_direction": 3, "price": 0.0015, "mark_price": 0.00126763, "iv": 132.3, "instrument_name": "BTC-31DEC21-300000-C", "index_price": 57155.69, "direction": "buy", "amount": 0.3}, {"trade_seq": 4735, "trade_id": "184381748", "timestamp": 1634244246575, "tick_direction": 3, "price": 0.0015, "mark_price": 0.001726, "iv": 131.65, "instrument_name": "BTC-31DEC21-300000-C", "index_price": 57477.98, "direction": "sell", "amount": 0.3}, {"trade_seq": 4734, "trade_id": "184377822", "timestamp": 1634241484145, "tick_direction": 2, "price": 0.0015, "mark_price": 0.00123929, "iv": 131.17, "instrument_name": "BTC-31DEC21-300000-C", "index_price": 57828.75, "direction": "buy", "amount": 0.7}, {"trade_seq": 4733, "trade_id": "184342781", "timestamp": 1634232341821, "tick_direction": 0, "price": 0.002, "mark_price": 0.00143774, "iv": 135.93, "instrument_name": "BTC-31DEC21-300000-C", "index_price": 57182.5, "direction": "buy", "amount": 0.2}, {"trade_seq": 4732, "trade_id": "184194469", "timestamp": 1634148448725, "tick_direction": 1, "price": 0.0015, "mark_price": 0.00138006, "iv": 131.36, "instrument_name": "BTC-31DEC21-300000-C", "index_price": 56937.46, "direction": "buy", "amount": 2.2}, {"trade_seq": 4731, "trade_id": "183999401", "timestamp": 1634054420667, "tick_direction": 1, "price": 0.0015, "mark_price": 0.00123068, "iv": 131.26, "instrument_name": "BTC-31DEC21-300000-C", "index_price": 56287.62, "direction": "buy", "amount": 4.0}, {"trade_seq": 4730, "trade_id": "183937544", "timestamp": 1634021077277, "tick_direction": 1, "price": 0.0015, "mark_price": 0.00132246, "iv": 129.66, "instrument_name": "BTC-31DEC21-300000-C", "index_price": 57403.5, "direction": "buy", "amount": 0.1}, {"trade_seq": 4729, "trade_id": "183937379", "timestamp": 1634020927432, "tick_direction": 0, "price": 0.0015, "mark_price": 0.00136502, "iv": 129.58, "instrument_name": "BTC-31DEC21-300000-C", "index_price": 57440.3, "direction": "buy", "amount": 0.4}, {"trade_seq": 4728, "trade_id": "183928702", "timestamp": 1634016473799, "tick_direction": 3, "price": 0.001, "mark_price": 0.00122107, "iv": 125.17, "instrument_name": "BTC-31DEC21-300000-C", "index_price": 56759.62, "direction": "sell", "amount": 0.1}, {"trade_seq": 4727, "trade_id": "183928699", "timestamp": 1634016473729, "tick_direction": 3, "price": 0.001, "mark_price": 0.00122107, "iv": 125.17, "instrument_name": "BTC-31DEC21-300000-C", "index_price": 56766.74, "direction": "sell", "amount": 0.1}, {"trade_seq": 4726, "trade_id": "183928692", "timestamp": 1634016472687, "tick_direction": 3, "price": 0.001, "mark_price": 0.00121992, "iv": 125.18, "instrument_name": "BTC-31DEC21-300000-C", "index_price": 56769.62, "direction": "sell", "amount": 0.1}, {"trade_seq": 4725, "trade_id": "183928690", "timestamp": 1634016472458, "tick_direction": 3, "price": 0.001, "mark_price": 0.00121992, "iv": 125.18, "instrument_name": "BTC-31DEC21-300000-C", "index_price": 56769.62, "direction": "sell", "amount": 0.1}, {"trade_seq": 4724, "trade_id": "183928688", "timestamp": 1634016472434, "tick_direction": 3, "price": 0.001, "mark_price": 0.00121992, "iv": 125.18, "instrument_name": "BTC-31DEC21-300000-C", "index_price": 56769.62, "direction": "sell", "amount": 0.1}, {"trade_seq": 4723, "trade_id": "183928686", "timestamp": 1634016472235, "tick_direction": 3, "price": 0.001, "mark_price": 0.00121995, "iv": 125.18, "instrument_name": "BTC-31DEC21-300000-C", "index_price": 56769.62, "direction": "sell", "amount": 0.1}, {"trade_seq": 4722, "trade_id": "183928684", "timestamp": 1634016472225, "tick_direction": 3, "price": 0.001, "mark_price": 0.00121995, "iv": 125.18, "instrument_name": "BTC-31DEC21-300000-C", "index_price": 56769.62, "direction": "sell", "amount": 0.1}, {"trade_seq": 4721, "trade_id": "183928682", "timestamp": 1634016472201, "tick_direction": 3, "price": 0.001, "mark_price": 0.00121995, "iv": 125.18, "instrument_name": "BTC-31DEC21-300000-C", "index_price": 56769.62, "direction": "sell", "amount": 0.1}, {"trade_seq": 4720, "trade_id": "183928668", "timestamp": 1634016470186, "tick_direction": 3, "price": 0.001, "mark_price": 0.00122135, "iv": 125.17, "instrument_name": "BTC-31DEC21-300000-C", "index_price": 56762.82, "direction": "sell", "amount": 0.5}, {"trade_seq": 4719, "trade_id": "183928636", "timestamp": 1634016468178, "tick_direction": 3, "price": 0.001, "mark_price": 0.00122147, "iv": 125.17, "instrument_name": "BTC-31DEC21-300000-C", "index_price": 56769.9, "direction": "sell", "amount": 0.5}, {"trade_seq": 4718, "trade_id": "183928633", "timestamp": 1634016466152, "tick_direction": 3, "price": 0.001, "mark_price": 0.00122274, "iv": 125.16, "instrument_name": "BTC-31DEC21-300000-C", "index_price": 56770.29, "direction": "sell", "amount": 0.5}, {"trade_seq": 4717, "trade_id": "183928591", "timestamp": 1634016369407, "tick_direction": 3, "price": 0.001, "mark_price": 0.00122669, "iv": 125.1, "instrument_name": "BTC-31DEC21-300000-C", "index_price": 56820.47, "direction": "sell", "amount": 0.4}, {"trade_seq": 4716, "trade_id": "183928576", "timestamp": 1634016345224, "tick_direction": 3, "price": 0.001, "mark_price": 0.00122726, "iv": 125.09, "instrument_name": "BTC-31DEC21-300000-C", "index_price": 56829.37, "direction": "sell", "amount": 0.4}, {"trade_seq": 4715, "trade_id": "183928574", "timestamp": 1634016339426, "tick_direction": 3, "price": 0.001, "mark_price": 0.00122719, "iv": 125.09, "instrument_name": "BTC-31DEC21-300000-C", "index_price": 56829.77, "direction": "sell", "amount": 0.4}, {"trade_seq": 4714, "trade_id": "183928569", "timestamp": 1634016333120, "tick_direction": 3, "price": 0.001, "mark_price": 0.00122736, "iv": 125.09, "instrument_name": "BTC-31DEC21-300000-C", "index_price": 56832.3, "direction": "sell", "amount": 0.4}, {"trade_seq": 4713, "trade_id": "183928558", "timestamp": 1634016298839, "tick_direction": 3, "price": 0.001, "mark_price": 0.00122873, "iv": 125.07, "instrument_name": "BTC-31DEC21-300000-C", "index_price": 56850.5, "direction": "sell", "amount": 0.4}, {"trade_seq": 4712, "trade_id": "183928556", "timestamp": 1634016294821, "tick_direction": 3, "price": 0.001, "mark_price": 0.0012284, "iv": 125.07, "instrument_name": "BTC-31DEC21-300000-C", "index_price": 56848.66, "direction": "sell", "amount": 0.4}, {"trade_seq": 4711, "trade_id": "183928552", "timestamp": 1634016288766, "tick_direction": 3, "price": 0.001, "mark_price": 0.00122765, "iv": 125.08, "instrument_name": "BTC-31DEC21-300000-C", "index_price": 56838.2, "direction": "sell", "amount": 0.4}, {"trade_seq": 4710, "trade_id": "183928550", "timestamp": 1634016284725, "tick_direction": 3, "price": 0.001, "mark_price": 0.00122751, "iv": 125.08, "instrument_name": "BTC-31DEC21-300000-C", "index_price": 56840.83, "direction": "sell", "amount": 0.6}, {"trade_seq": 4709, "trade_id": "183928548", "timestamp": 1634016282736, "tick_direction": 3, "price": 0.001, "mark_price": 0.00122755, "iv": 125.08, "instrument_name": "BTC-31DEC21-300000-C", "index_price": 56841.24, "direction": "sell", "amount": 0.6}, {"trade_seq": 4708, "trade_id": "183928545", "timestamp": 1634016280712, "tick_direction": 3, "price": 0.001, "mark_price": 0.00122737, "iv": 125.09, "instrument_name": "BTC-31DEC21-300000-C", "index_price": 56841.78, "direction": "sell", "amount": 0.5}, {"trade_seq": 4707, "trade_id": "183928543", "timestamp": 1634016276681, "tick_direction": 3, "price": 0.001, "mark_price": 0.00122743, "iv": 125.09, "instrument_name": "BTC-31DEC21-300000-C", "index_price": 56839.79, "direction": "sell", "amount": 0.5}, {"trade_seq": 4706, "trade_id": "183927809", "timestamp": 1634015298885, "tick_direction": 3, "price": 0.001, "mark_price": 0.00122486, "iv": 124.97, "instrument_name": "BTC-31DEC21-300000-C", "index_price": 56931.82, "direction": "sell", "amount": 0.4}, {"trade_seq": 4705, "trade_id": "183927807", "timestamp": 1634015288804, "tick_direction": 3, "price": 0.001, "mark_price": 0.0012254, "iv": 124.97, "instrument_name": "BTC-31DEC21-300000-C", "index_price": 56936.27, "direction": "sell", "amount": 0.4}, {"trade_seq": 4704, "trade_id": "183927796", "timestamp": 1634015272674, "tick_direction": 3, "price": 0.001, "mark_price": 0.00122508, "iv": 124.97, "instrument_name": "BTC-31DEC21-300000-C", "index_price": 56930.27, "direction": "sell", "amount": 0.4}, {"trade_seq": 4703, "trade_id": "183927794", "timestamp": 1634015268643, "tick_direction": 3, "price": 0.001, "mark_price": 0.00122501, "iv": 124.97, "instrument_name": "BTC-31DEC21-300000-C", "index_price": 56929.78, "direction": "sell", "amount": 0.4}, {"trade_seq": 4702, "trade_id": "183927792", "timestamp": 1634015260568, "tick_direction": 3, "price": 0.001, "mark_price": 0.00122514, "iv": 124.97, "instrument_name": "BTC-31DEC21-300000-C", "index_price": 56929.9, "direction": "sell", "amount": 0.4}, {"trade_seq": 4701, "trade_id": "183927788", "timestamp": 1634015252497, "tick_direction": 3, "price": 0.001, "mark_price": 0.00122623, "iv": 124.95, "instrument_name": "BTC-31DEC21-300000-C", "index_price": 56939.78, "direction": "sell", "amount": 0.4}, {"trade_seq": 4700, "trade_id": "183927786", "timestamp": 1634015250482, "tick_direction": 3, "price": 0.001, "mark_price": 0.00122633, "iv": 124.95, "instrument_name": "BTC-31DEC21-300000-C", "index_price": 56939.53, "direction": "sell", "amount": 0.4}, {"trade_seq": 4699, "trade_id": "183927777", "timestamp": 1634015244453, "tick_direction": 3, "price": 0.001, "mark_price": 0.00122561, "iv": 124.96, "instrument_name": "BTC-31DEC21-300000-C", "index_price": 56934.12, "direction": "sell", "amount": 0.4}, {"trade_seq": 4698, "trade_id": "183917845", "timestamp": 1634006484080, "tick_direction": 3, "price": 0.001, "mark_price": 0.00122993, "iv": 124.8, "instrument_name": "BTC-31DEC21-300000-C", "index_price": 57012.5, "direction": "sell", "amount": 0.4}, {"trade_seq": 4697, "trade_id": "183917842", "timestamp": 1634006474004, "tick_direction": 3, "price": 0.001, "mark_price": 0.00123019, "iv": 124.79, "instrument_name": "BTC-31DEC21-300000-C", "index_price": 57011.76, "direction": "sell", "amount": 0.4}, {"trade_seq": 4696, "trade_id": "183917840", "timestamp": 1634006469980, "tick_direction": 3, "price": 0.001, "mark_price": 0.00123017, "iv": 124.79, "instrument_name": "BTC-31DEC21-300000-C", "index_price": 57013.79, "direction": "sell", "amount": 0.4}, {"trade_seq": 4695, "trade_id": "183917833", "timestamp": 1634006451837, "tick_direction": 3, "price": 0.001, "mark_price": 0.00123099, "iv": 124.78, "instrument_name": "BTC-31DEC21-300000-C", "index_price": 57016.41, "direction": "sell", "amount": 0.1}, {"trade_seq": 4694, "trade_id": "183917832", "timestamp": 1634006451837, "tick_direction": 3, "price": 0.001, "mark_price": 0.00123099, "iv": 124.78, "instrument_name": "BTC-31DEC21-300000-C", "index_price": 57016.41, "direction": "sell", "amount": 0.3}, {"trade_seq": 4693, "trade_id": "183917830", "timestamp": 1634006447793, "tick_direction": 3, "price": 0.001, "mark_price": 0.00123164, "iv": 124.78, "instrument_name": "BTC-31DEC21-300000-C", "index_price": 57019.36, "direction": "sell", "amount": 0.4}, {"trade_seq": 4692, "trade_id": "183917828", "timestamp": 1634006445785, "tick_direction": 3, "price": 0.001, "mark_price": 0.00123171, "iv": 124.78, "instrument_name": "BTC-31DEC21-300000-C", "index_price": 57019.51, "direction": "sell", "amount": 0.4}, {"trade_seq": 4691, "trade_id": "183917824", "timestamp": 1634006443772, "tick_direction": 3, "price": 0.001, "mark_price": 0.00123226, "iv": 124.77, "instrument_name": "BTC-31DEC21-300000-C", "index_price": 57017.05, "direction": "sell", "amount": 0.4}, {"trade_seq": 4690, "trade_id": "183917822", "timestamp": 1634006439734, "tick_direction": 3, "price": 0.001, "mark_price": 0.00123262, "iv": 124.77, "instrument_name": "BTC-31DEC21-300000-C", "index_price": 57027.22, "direction": "sell", "amount": 0.4}, {"trade_seq": 4689, "trade_id": "183917816", "timestamp": 1634006431681, "tick_direction": 3, "price": 0.001, "mark_price": 0.00123238, "iv": 124.77, "instrument_name": "BTC-31DEC21-300000-C", "index_price": 57027.85, "direction": "sell", "amount": 0.4}, {"trade_seq": 4688, "trade_id": "183913682", "timestamp": 1634002175904, "tick_direction": 2, "price": 0.001, "mark_price": 0.00124223, "iv": 124.68, "instrument_name": "BTC-31DEC21-300000-C", "index_price": 57033.82, "direction": "sell", "amount": 0.4}, {"trade_seq": 4687, "trade_id": "183899629", "timestamp": 1633991666618, "tick_direction": 1, "price": 0.0015, "mark_price": 0.00124176, "iv": 129.56, "instrument_name": "BTC-31DEC21-300000-C", "index_price": 57187.61, "direction": "buy", "amount": 0.4}, {"trade_seq": 4686, "trade_id": "183899625", "timestamp": 1633991659753, "tick_direction": 1, "price": 0.0015, "mark_price": 0.00124264, "iv": 129.55, "instrument_name": "BTC-31DEC21-300000-C", "index_price": 57192.89, "direction": "buy", "amount": 0.4}, {"trade_seq": 4685, "trade_id": "183899618", "timestamp": 1633991658659, "tick_direction": 1, "price": 0.0015, "mark_price": 0.00124272, "iv": 129.55, "instrument_name": "BTC-31DEC21-300000-C", "index_price": 57194.15, "direction": "buy", "amount": 0.8}, {"trade_seq": 4684, "trade_id": "183899318", "timestamp": 1633990893044, "tick_direction": 1, "price": 0.0015, "mark_price": 0.00128756, "iv": 129.62, "instrument_name": "BTC-31DEC21-300000-C", "index_price": 57148.13, "direction": "buy", "amount": 0.4}, {"trade_seq": 4683, "trade_id": "183899215", "timestamp": 1633990691017, "tick_direction": 1, "price": 0.0015, "mark_price": 0.00122483, "iv": 129.6, "instrument_name": "BTC-31DEC21-300000-C", "index_price": 57158.47, "direction": "buy", "amount": 0.1}, {"trade_seq": 4682, "trade_id": "183899214", "timestamp": 1633990690495, "tick_direction": 1, "price": 0.0015, "mark_price": 0.00122491, "iv": 129.6, "instrument_name": "BTC-31DEC21-300000-C", "index_price": 57160.39, "direction": "buy", "amount": 0.4}, {"trade_seq": 4681, "trade_id": "183899203", "timestamp": 1633990676868, "tick_direction": 1, "price": 0.0015, "mark_price": 0.00122668, "iv": 129.58, "instrument_name": "BTC-31DEC21-300000-C", "index_price": 57176.85, "direction": "buy", "amount": 0.4}, {"trade_seq": 4680, "trade_id": "183899194", "timestamp": 1633990662785, "tick_direction": 1, "price": 0.0015, "mark_price": 0.00122628, "iv": 129.58, "instrument_name": "BTC-31DEC21-300000-C", "index_price": 57173.41, "direction": "buy", "amount": 0.4}, {"trade_seq": 4679, "trade_id": "183899192", "timestamp": 1633990661835, "tick_direction": 1, "price": 0.0015, "mark_price": 0.00122664, "iv": 129.58, "instrument_name": "BTC-31DEC21-300000-C", "index_price": 57175.83, "direction": "buy", "amount": 0.4}, {"trade_seq": 4678, "trade_id": "183899191", "timestamp": 1633990658697, "tick_direction": 1, "price": 0.0015, "mark_price": 0.00122659, "iv": 129.58, "instrument_name": "BTC-31DEC21-300000-C", "index_price": 57176.61, "direction": "buy", "amount": 0.4}, {"trade_seq": 4677, "trade_id": "183899190", "timestamp": 1633990658037, "tick_direction": 1, "price": 0.0015, "mark_price": 0.00122659, "iv": 129.58, "instrument_name": "BTC-31DEC21-300000-C", "index_price": 57176.78, "direction": "buy", "amount": 0.5}, {"trade_seq": 4676, "trade_id": "183899135", "timestamp": 1633990592813, "tick_direction": 1, "price": 0.0015, "mark_price": 0.00122835, "iv": 129.56, "instrument_name": "BTC-31DEC21-300000-C", "index_price": 57191.22, "direction": "buy", "amount": 0.4}, {"trade_seq": 4675, "trade_id": "183899134", "timestamp": 1633990587416, "tick_direction": 1, "price": 0.0015, "mark_price": 0.00122884, "iv": 129.55, "instrument_name": "BTC-31DEC21-300000-C", "index_price": 57198.77, "direction": "buy", "amount": 0.4}, {"trade_seq": 4674, "trade_id": "183895995", "timestamp": 1633986750842, "tick_direction": 1, "price": 0.0015, "mark_price": 0.001222, "iv": 129.52, "instrument_name": "BTC-31DEC21-300000-C", "index_price": 57169.21, "direction": "buy", "amount": 0.4}, {"trade_seq": 4673, "trade_id": "183895990", "timestamp": 1633986746358, "tick_direction": 1, "price": 0.0015, "mark_price": 0.00122179, "iv": 129.52, "instrument_name": "BTC-31DEC21-300000-C", "index_price": 57168.23, "direction": "buy", "amount": 0.4}, {"trade_seq": 4672, "trade_id": "183895985", "timestamp": 1633986742098, "tick_direction": 1, "price": 0.0015, "mark_price": 0.00122157, "iv": 129.52, "instrument_name": "BTC-31DEC21-300000-C", "index_price": 57169.38, "direction": "buy", "amount": 0.4}, {"trade_seq": 4671, "trade_id": "183895984", "timestamp": 1633986740970, "tick_direction": 1, "price": 0.0015, "mark_price": 0.0012218, "iv": 129.52, "instrument_name": "BTC-31DEC21-300000-C", "index_price": 57169.51, "direction": "buy", "amount": 0.4}, {"trade_seq": 4670, "trade_id": "183895983", "timestamp": 1633986738441, "tick_direction": 1, "price": 0.0015, "mark_price": 0.00122169, "iv": 129.52, "instrument_name": "BTC-31DEC21-300000-C", "index_price": 57173.32, "direction": "buy", "amount": 0.4}, {"trade_seq": 4669, "trade_id": "183895972", "timestamp": 1633986729854, "tick_direction": 1, "price": 0.0015, "mark_price": 0.00121987, "iv": 129.54, "instrument_name": "BTC-31DEC21-300000-C", "index_price": 57161.18, "direction": "buy", "amount": 0.5}, {"trade_seq": 4668, "trade_id": "183895651", "timestamp": 1633986290536, "tick_direction": 1, "price": 0.0015, "mark_price": 0.00121062, "iv": 129.54, "instrument_name": "BTC-31DEC21-300000-C", "index_price": 57158.81, "direction": "buy", "amount": 0.4}, {"trade_seq": 4667, "trade_id": "183895603", "timestamp": 1633986272140, "tick_direction": 0, "price": 0.0015, "mark_price": 0.00121434, "iv": 129.49, "instrument_name": "BTC-31DEC21-300000-C", "index_price": 57196.57, "direction": "buy", "amount": 0.4}, {"trade_seq": 4666, "trade_id": "183893661", "timestamp": 1633984512123, "tick_direction": 3, "price": 0.001, "mark_price": 0.00123905, "iv": 124.12, "instrument_name": "BTC-31DEC21-300000-C", "index_price": 57363.6, "direction": "sell", "amount": 0.5}, {"trade_seq": 4665, "trade_id": "183893653", "timestamp": 1633984504067, "tick_direction": 3, "price": 0.001, "mark_price": 0.00123903, "iv": 124.12, "instrument_name": "BTC-31DEC21-300000-C", "index_price": 57364.75, "direction": "sell", "amount": 0.4}, {"trade_seq": 4664, "trade_id": "183893651", "timestamp": 1633984500037, "tick_direction": 3, "price": 0.001, "mark_price": 0.00123878, "iv": 124.12, "instrument_name": "BTC-31DEC21-300000-C", "index_price": 57364.49, "direction": "sell", "amount": 0.5}, {"trade_seq": 4663, "trade_id": "183893649", "timestamp": 1633984498022, "tick_direction": 3, "price": 0.001, "mark_price": 0.00123857, "iv": 124.12, "instrument_name": "BTC-31DEC21-300000-C", "index_price": 57362.19, "direction": "sell", "amount": 0.5}, {"trade_seq": 4662, "trade_id": "183893647", "timestamp": 1633984496008, "tick_direction": 2, "price": 0.001, "mark_price": 0.00123806, "iv": 124.13, "instrument_name": "BTC-31DEC21-300000-C", "index_price": 57357.0, "direction": "sell", "amount": 0.4}, {"trade_seq": 4661, "trade_id": "183893358", "timestamp": 1633984301483, "tick_direction": 1, "price": 0.0015, "mark_price": 0.00124417, "iv": 129.28, "instrument_name": "BTC-31DEC21-300000-C", "index_price": 57354.68, "direction": "buy", "amount": 0.1}, {"trade_seq": 4660, "trade_id": "183891106", "timestamp": 1633983328122, "tick_direction": 1, "price": 0.0015, "mark_price": 0.00120208, "iv": 129.76, "instrument_name": "BTC-31DEC21-300000-C", "index_price": 56928.04, "direction": "buy", "amount": 0.5}, {"trade_seq": 4659, "trade_id": "183891014", "timestamp": 1633983300653, "tick_direction": 1, "price": 0.0015, "mark_price": 0.00120466, "iv": 129.72, "instrument_name": "BTC-31DEC21-300000-C", "index_price": 56967.02, "direction": "buy", "amount": 0.4}, {"trade_seq": 4658, "trade_id": "183891008", "timestamp": 1633983296675, "tick_direction": 1, "price": 0.0015, "mark_price": 0.00120455, "iv": 129.72, "instrument_name": "BTC-31DEC21-300000-C", "index_price": 56971.8, "direction": "buy", "amount": 0.5}, {"trade_seq": 4657, "trade_id": "183890993", "timestamp": 1633983282566, "tick_direction": 1, "price": 0.0015, "mark_price": 0.00120349, "iv": 129.72, "instrument_name": "BTC-31DEC21-300000-C", "index_price": 56970.04, "direction": "buy", "amount": 0.4}, {"trade_seq": 4656, "trade_id": "183890986", "timestamp": 1633983276785, "tick_direction": 1, "price": 0.0015, "mark_price": 0.00120398, "iv": 129.71, "instrument_name": "BTC-31DEC21-300000-C", "index_price": 56974.95, "direction": "buy", "amount": 0.6}, {"trade_seq": 4655, "trade_id": "183890984", "timestamp": 1633983274495, "tick_direction": 1, "price": 0.0015, "mark_price": 0.00120398, "iv": 129.71, "instrument_name": "BTC-31DEC21-300000-C", "index_price": 56974.64, "direction": "buy", "amount": 0.6}, {"trade_seq": 4654, "trade_id": "183882302", "timestamp": 1633980887907, "tick_direction": 1, "price": 0.0015, "mark_price": 0.00124327, "iv": 128.8, "instrument_name": "BTC-31DEC21-300000-C", "index_price": 57724.26, "direction": "buy", "amount": 0.2}, {"trade_seq": 4653, "trade_id": "183882301", "timestamp": 1633980887907, "tick_direction": 1, "price": 0.0015, "mark_price": 0.00124327, "iv": 128.8, "instrument_name": "BTC-31DEC21-300000-C", "index_price": 57724.26, "direction": "buy", "amount": 0.3}, {"trade_seq": 4652, "trade_id": "183882272", "timestamp": 1633980883835, "tick_direction": 1, "price": 0.0015, "mark_price": 0.00124446, "iv": 128.77, "instrument_name": "BTC-31DEC21-300000-C", "index_price": 57746.95, "direction": "buy", "amount": 0.5}, {"trade_seq": 4651, "trade_id": "183882262", "timestamp": 1633980876691, "tick_direction": 1, "price": 0.0015, "mark_price": 0.00124519, "iv": 128.77, "instrument_name": "BTC-31DEC21-300000-C", "index_price": 57751.62, "direction": "buy", "amount": 0.4}, {"trade_seq": 4650, "trade_id": "183882260", "timestamp": 1633980873769, "tick_direction": 1, "price": 0.0015, "mark_price": 0.00124534, "iv": 128.77, "instrument_name": "BTC-31DEC21-300000-C", "index_price": 57749.68, "direction": "buy", "amount": 0.4}, {"trade_seq": 4649, "trade_id": "183882252", "timestamp": 1633980871290, "tick_direction": 1, "price": 0.0015, "mark_price": 0.00124545, "iv": 128.77, "instrument_name": "BTC-31DEC21-300000-C", "index_price": 57748.71, "direction": "buy", "amount": 0.4}, {"trade_seq": 4648, "trade_id": "183879443", "timestamp": 1633979455503, "tick_direction": 1, "price": 0.0015, "mark_price": 0.00123199, "iv": 129.05, "instrument_name": "BTC-31DEC21-300000-C", "index_price": 57472.08, "direction": "buy", "amount": 0.4}, {"trade_seq": 4647, "trade_id": "183879442", "timestamp": 1633979455445, "tick_direction": 1, "price": 0.0015, "mark_price": 0.00123199, "iv": 129.05, "instrument_name": "BTC-31DEC21-300000-C", "index_price": 57472.08, "direction": "buy", "amount": 0.7}, {"trade_seq": 4646, "trade_id": "183879289", "timestamp": 1633979379781, "tick_direction": 1, "price": 0.0015, "mark_price": 0.0012305, "iv": 129.07, "instrument_name": "BTC-31DEC21-300000-C", "index_price": 57455.79, "direction": "buy", "amount": 0.4}, {"trade_seq": 4645, "trade_id": "183879288", "timestamp": 1633979379716, "tick_direction": 1, "price": 0.0015, "mark_price": 0.0012305, "iv": 129.07, "instrument_name": "BTC-31DEC21-300000-C", "index_price": 57455.79, "direction": "buy", "amount": 0.7}, {"trade_seq": 4644, "trade_id": "183872330", "timestamp": 1633972388502, "tick_direction": 1, "price": 0.0015, "mark_price": 0.00124423, "iv": 128.95, "instrument_name": "BTC-31DEC21-300000-C", "index_price": 57450.32, "direction": "buy", "amount": 0.1}, {"trade_seq": 4643, "trade_id": "183871897", "timestamp": 1633972057937, "tick_direction": 0, "price": 0.0015, "mark_price": 0.00123404, "iv": 129.12, "instrument_name": "BTC-31DEC21-300000-C", "index_price": 57325.89, "direction": "buy", "amount": 0.3}, {"trade_seq": 4642, "trade_id": "183840200", "timestamp": 1633956845778, "tick_direction": 3, "price": 0.001, "mark_price": 0.00123813, "iv": 124.81, "instrument_name": "BTC-31DEC21-300000-C", "index_price": 56509.06, "direction": "sell", "amount": 0.7}, {"trade_seq": 4641, "trade_id": "183840198", "timestamp": 1633956841747, "tick_direction": 3, "price": 0.001, "mark_price": 0.00123777, "iv": 124.82, "instrument_name": "BTC-31DEC21-300000-C", "index_price": 56506.72, "direction": "sell", "amount": 0.6}, {"trade_seq": 4640, "trade_id": "183840196", "timestamp": 1633956839723, "tick_direction": 3, "price": 0.001, "mark_price": 0.00123695, "iv": 124.82, "instrument_name": "BTC-31DEC21-300000-C", "index_price": 56504.94, "direction": "sell", "amount": 0.6}, {"trade_seq": 4639, "trade_id": "183840193", "timestamp": 1633956837708, "tick_direction": 3, "price": 0.001, "mark_price": 0.00123722, "iv": 124.82, "instrument_name": "BTC-31DEC21-300000-C", "index_price": 56497.84, "direction": "sell", "amount": 0.6}, {"trade_seq": 4638, "trade_id": "183840148", "timestamp": 1633956835694, "tick_direction": 3, "price": 0.001, "mark_price": 0.00123726, "iv": 124.82, "instrument_name": "BTC-31DEC21-300000-C", "index_price": 56498.93, "direction": "sell", "amount": 0.7}, {"trade_seq": 4637, "trade_id": "183840145", "timestamp": 1633956833678, "tick_direction": 3, "price": 0.001, "mark_price": 0.00123719, "iv": 124.82, "instrument_name": "BTC-31DEC21-300000-C", "index_price": 56498.48, "direction": "sell", "amount": 0.6}, {"trade_seq": 4636, "trade_id": "183840144", "timestamp": 1633956833678, "tick_direction": 3, "price": 0.001, "mark_price": 0.00123719, "iv": 124.82, "instrument_name": "BTC-31DEC21-300000-C", "index_price": 56498.48, "direction": "sell", "amount": 0.1}, {"trade_seq": 4635, "trade_id": "183840143", "timestamp": 1633956831666, "tick_direction": 3, "price": 0.001, "mark_price": 0.00123703, "iv": 124.82, "instrument_name": "BTC-31DEC21-300000-C", "index_price": 56498.26, "direction": "sell", "amount": 0.8}, {"trade_seq": 4634, "trade_id": "183840142", "timestamp": 1633956829646, "tick_direction": 3, "price": 0.001, "mark_price": 0.00123738, "iv": 124.82, "instrument_name": "BTC-31DEC21-300000-C", "index_price": 56497.66, "direction": "sell", "amount": 0.8}, {"trade_seq": 4633, "trade_id": "183840140", "timestamp": 1633956827631, "tick_direction": 3, "price": 0.001, "mark_price": 0.00123769, "iv": 124.82, "instrument_name": "BTC-31DEC21-300000-C", "index_price": 56499.5, "direction": "sell", "amount": 0.7}, {"trade_seq": 4632, "trade_id": "183840138", "timestamp": 1633956826907, "tick_direction": 3, "price": 0.001, "mark_price": 0.00123769, "iv": 124.82, "instrument_name": "BTC-31DEC21-300000-C", "index_price": 56499.5, "direction": "sell", "amount": 0.4}, {"trade_seq": 4631, "trade_id": "183840137", "timestamp": 1633956825616, "tick_direction": 3, "price": 0.001, "mark_price": 0.00123736, "iv": 124.82, "instrument_name": "BTC-31DEC21-300000-C", "index_price": 56501.91, "direction": "sell", "amount": 0.8}, {"trade_seq": 4630, "trade_id": "183840136", "timestamp": 1633956824646, "tick_direction": 3, "price": 0.001, "mark_price": 0.00123749, "iv": 124.82, "instrument_name": "BTC-31DEC21-300000-C", "index_price": 56497.88, "direction": "sell", "amount": 0.5}, {"trade_seq": 4629, "trade_id": "183840134", "timestamp": 1633956823613, "tick_direction": 3, "price": 0.001, "mark_price": 0.00123756, "iv": 124.82, "instrument_name": "BTC-31DEC21-300000-C", "index_price": 56497.69, "direction": "sell", "amount": 0.9}, {"trade_seq": 4628, "trade_id": "183840133", "timestamp": 1633956823613, "tick_direction": 3, "price": 0.001, "mark_price": 0.00123756, "iv": 124.82, "instrument_name": "BTC-31DEC21-300000-C", "index_price": 56497.69, "direction": "sell", "amount": 0.1}, {"trade_seq": 4627, "trade_id": "183840132", "timestamp": 1633956821585, "tick_direction": 3, "price": 0.001, "mark_price": 0.00123834, "iv": 124.82, "instrument_name": "BTC-31DEC21-300000-C", "index_price": 56497.98, "direction": "sell", "amount": 0.8}, {"trade_seq": 4626, "trade_id": "183840131", "timestamp": 1633956820487, "tick_direction": 3, "price": 0.001, "mark_price": 0.00123842, "iv": 124.81, "instrument_name": "BTC-31DEC21-300000-C", "index_price": 56499.35, "direction": "sell", "amount": 0.4}, {"trade_seq": 4625, "trade_id": "183840130", "timestamp": 1633956819570, "tick_direction": 3, "price": 0.001, "mark_price": 0.00123872, "iv": 124.81, "instrument_name": "BTC-31DEC21-300000-C", "index_price": 56504.07, "direction": "sell", "amount": 0.6}, {"trade_seq": 4624, "trade_id": "183840121", "timestamp": 1633956818954, "tick_direction": 3, "price": 0.001, "mark_price": 0.00123872, "iv": 124.81, "instrument_name": "BTC-31DEC21-300000-C", "index_price": 56504.07, "direction": "sell", "amount": 0.4}, {"trade_seq": 4623, "trade_id": "183840117", "timestamp": 1633956817555, "tick_direction": 3, "price": 0.001, "mark_price": 0.00123907, "iv": 124.81, "instrument_name": "BTC-31DEC21-300000-C", "index_price": 56506.48, "direction": "sell", "amount": 0.8}, {"trade_seq": 4622, "trade_id": "183840116", "timestamp": 1633956815531, "tick_direction": 3, "price": 0.001, "mark_price": 0.00123865, "iv": 124.81, "instrument_name": "BTC-31DEC21-300000-C", "index_price": 56509.33, "direction": "sell", "amount": 0.4}, {"trade_seq": 4621, "trade_id": "183838845", "timestamp": 1633956244959, "tick_direction": 2, "price": 0.001, "mark_price": 0.00123479, "iv": 124.85, "instrument_name": "BTC-31DEC21-300000-C", "index_price": 56482.57, "direction": "sell", "amount": 0.4}, {"trade_seq": 4620, "trade_id": "183836966", "timestamp": 1633955280896, "tick_direction": 1, "price": 0.0015, "mark_price": 0.00122748, "iv": 130.2, "instrument_name": "BTC-31DEC21-300000-C", "index_price": 56307.36, "direction": "buy", "amount": 0.5}, {"trade_seq": 4619, "trade_id": "183836953", "timestamp": 1633955267905, "tick_direction": 1, "price": 0.0015, "mark_price": 0.00122694, "iv": 130.2, "instrument_name": "BTC-31DEC21-300000-C", "index_price": 56303.79, "direction": "buy", "amount": 0.9}, {"trade_seq": 4618, "trade_id": "183836604", "timestamp": 1633955195751, "tick_direction": 1, "price": 0.0015, "mark_price": 0.00123162, "iv": 130.17, "instrument_name": "BTC-31DEC21-300000-C", "index_price": 56344.64, "direction": "buy", "amount": 0.5}, {"trade_seq": 4617, "trade_id": "183836601", "timestamp": 1633955192603, "tick_direction": 1, "price": 0.0015, "mark_price": 0.00123306, "iv": 130.14, "instrument_name": "BTC-31DEC21-300000-C", "index_price": 56355.97, "direction": "buy", "amount": 0.5}, {"trade_seq": 4616, "trade_id": "183836600", "timestamp": 1633955192497, "tick_direction": 1, "price": 0.0015, "mark_price": 0.00123306, "iv": 130.14, "instrument_name": "BTC-31DEC21-300000-C", "index_price": 56355.97, "direction": "buy", "amount": 0.5}, {"trade_seq": 4615, "trade_id": "183836563", "timestamp": 1633955188760, "tick_direction": 1, "price": 0.0015, "mark_price": 0.00123502, "iv": 130.12, "instrument_name": "BTC-31DEC21-300000-C", "index_price": 56382.63, "direction": "buy", "amount": 0.4}, {"trade_seq": 4614, "trade_id": "183835897", "timestamp": 1633954968538, "tick_direction": 1, "price": 0.0015, "mark_price": 0.00123473, "iv": 130.15, "instrument_name": "BTC-31DEC21-300000-C", "index_price": 56377.26, "direction": "buy", "amount": 0.4}, {"trade_seq": 4613, "trade_id": "183835420", "timestamp": 1633954922138, "tick_direction": 1, "price": 0.0015, "mark_price": 0.00122699, "iv": 130.23, "instrument_name": "BTC-31DEC21-300000-C", "index_price": 56293.41, "direction": "buy", "amount": 0.5}, {"trade_seq": 4612, "trade_id": "183835400", "timestamp": 1633954919482, "tick_direction": 1, "price": 0.0015, "mark_price": 0.00122798, "iv": 130.22, "instrument_name": "BTC-31DEC21-300000-C", "index_price": 56301.38, "direction": "buy", "amount": 0.9}, {"trade_seq": 4611, "trade_id": "183833934", "timestamp": 1633954342312, "tick_direction": 1, "price": 0.0015, "mark_price": 0.00121199, "iv": 130.22, "instrument_name": "BTC-31DEC21-300000-C", "index_price": 56276.94, "direction": "buy", "amount": 0.4}, {"trade_seq": 4610, "trade_id": "183833933", "timestamp": 1633954342207, "tick_direction": 1, "price": 0.0015, "mark_price": 0.00121199, "iv": 130.22, "instrument_name": "BTC-31DEC21-300000-C", "index_price": 56276.94, "direction": "buy", "amount": 0.6}, {"trade_seq": 4609, "trade_id": "183833932", "timestamp": 1633954342139, "tick_direction": 1, "price": 0.0015, "mark_price": 0.00121199, "iv": 130.22, "instrument_name": "BTC-31DEC21-300000-C", "index_price": 56276.94, "direction": "buy", "amount": 1.1}, {"trade_seq": 4608, "trade_id": "183833931", "timestamp": 1633954341881, "tick_direction": 1, "price": 0.0015, "mark_price": 0.00121199, "iv": 130.22, "instrument_name": "BTC-31DEC21-300000-C", "index_price": 56276.94, "direction": "buy", "amount": 1.7}, {"trade_seq": 4607, "trade_id": "183833928", "timestamp": 1633954340707, "tick_direction": 1, "price": 0.0015, "mark_price": 0.0012118, "iv": 130.22, "instrument_name": "BTC-31DEC21-300000-C", "index_price": 56280.01, "direction": "buy", "amount": 0.3}, {"trade_seq": 4606, "trade_id": "183833927", "timestamp": 1633954340707, "tick_direction": 0, "price": 0.0015, "mark_price": 0.0012118, "iv": 130.22, "instrument_name": "BTC-31DEC21-300000-C", "index_price": 56280.01, "direction": "buy", "amount": 3.6}, {"trade_seq": 4605, "trade_id": "183816658", "timestamp": 1633942229590, "tick_direction": 3, "price": 0.001, "mark_price": 0.0012271, "iv": 124.79, "instrument_name": "BTC-31DEC21-300000-C", "index_price": 56419.92, "direction": "sell", "amount": 0.5}, {"trade_seq": 4604, "trade_id": "183816657", "timestamp": 1633942227627, "tick_direction": 2, "price": 0.001, "mark_price": 0.00122716, "iv": 124.79, "instrument_name": "BTC-31DEC21-300000-C", "index_price": 56419.78, "direction": "sell", "amount": 0.6}, {"trade_seq": 4603, "trade_id": "183816497", "timestamp": 1633941842252, "tick_direction": 1, "price": 0.0015, "mark_price": 0.00123123, "iv": 129.9, "instrument_name": "BTC-31DEC21-300000-C", "index_price": 56458.87, "direction": "buy", "amount": 0.4}, {"trade_seq": 4602, "trade_id": "183816481", "timestamp": 1633941809812, "tick_direction": 1, "price": 0.0015, "mark_price": 0.00122825, "iv": 129.93, "instrument_name": "BTC-31DEC21-300000-C", "index_price": 56438.61, "direction": "buy", "amount": 0.4}, {"trade_seq": 4601, "trade_id": "183816480", "timestamp": 1633941809752, "tick_direction": 0, "price": 0.0015, "mark_price": 0.00122825, "iv": 129.93, "instrument_name": "BTC-31DEC21-300000-C", "index_price": 56438.61, "direction": "buy", "amount": 0.6}, {"trade_seq": 4600, "trade_id": "183799313", "timestamp": 1633935000835, "tick_direction": 3, "price": 0.001, "mark_price": 0.00133909, "iv": 124.44, "instrument_name": "BTC-31DEC21-300000-C", "index_price": 56644.55, "direction": "sell", "amount": 0.4}, {"trade_seq": 4599, "trade_id": "183799312", "timestamp": 1633935000302, "tick_direction": 3, "price": 0.001, "mark_price": 0.00133931, "iv": 124.44, "instrument_name": "BTC-31DEC21-300000-C", "index_price": 56644.55, "direction": "sell", "amount": 0.8}, {"trade_seq": 4598, "trade_id": "183799311", "timestamp": 1633934998270, "tick_direction": 3, "price": 0.001, "mark_price": 0.00133979, "iv": 124.44, "instrument_name": "BTC-31DEC21-300000-C", "index_price": 56646.26, "direction": "sell", "amount": 0.8}, {"trade_seq": 4597, "trade_id": "183799310", "timestamp": 1633934996267, "tick_direction": 3, "price": 0.001, "mark_price": 0.00134019, "iv": 124.44, "instrument_name": "BTC-31DEC21-300000-C", "index_price": 56646.51, "direction": "sell", "amount": 0.8}, {"trade_seq": 4596, "trade_id": "183799309", "timestamp": 1633934994240, "tick_direction": 3, "price": 0.001, "mark_price": 0.00134074, "iv": 124.44, "instrument_name": "BTC-31DEC21-300000-C", "index_price": 56645.97, "direction": "sell", "amount": 0.6}, {"trade_seq": 4595, "trade_id": "183799294", "timestamp": 1633934992222, "tick_direction": 3, "price": 0.001, "mark_price": 0.00134109, "iv": 124.44, "instrument_name": "BTC-31DEC21-300000-C", "index_price": 56647.08, "direction": "sell", "amount": 0.4}, {"trade_seq": 4594, "trade_id": "183799293", "timestamp": 1633934990213, "tick_direction": 3, "price": 0.001, "mark_price": 0.00134158, "iv": 124.44, "instrument_name": "BTC-31DEC21-300000-C", "index_price": 56648.55, "direction": "sell", "amount": 0.4}, {"trade_seq": 4593, "trade_id": "183799292", "timestamp": 1633934988184, "tick_direction": 3, "price": 0.001, "mark_price": 0.00134203, "iv": 124.44, "instrument_name": "BTC-31DEC21-300000-C", "index_price": 56646.1, "direction": "sell", "amount": 0.4}, {"trade_seq": 4592, "trade_id": "183799291", "timestamp": 1633934986170, "tick_direction": 3, "price": 0.001, "mark_price": 0.00134249, "iv": 124.44, "instrument_name": "BTC-31DEC21-300000-C", "index_price": 56646.36, "direction": "sell", "amount": 0.4}, {"trade_seq": 4591, "trade_id": "183799290", "timestamp": 1633934984175, "tick_direction": 3, "price": 0.001, "mark_price": 0.00134297, "iv": 124.44, "instrument_name": "BTC-31DEC21-300000-C", "index_price": 56646.2, "direction": "sell", "amount": 0.5}, {"trade_seq": 4590, "trade_id": "183799289", "timestamp": 1633934982158, "tick_direction": 3, "price": 0.001, "mark_price": 0.00134348, "iv": 124.44, "instrument_name": "BTC-31DEC21-300000-C", "index_price": 56646.36, "direction": "sell", "amount": 0.4}, {"trade_seq": 4589, "trade_id": "183799288", "timestamp": 1633934980143, "tick_direction": 3, "price": 0.001, "mark_price": 0.0013442, "iv": 124.44, "instrument_name": "BTC-31DEC21-300000-C", "index_price": 56646.8, "direction": "sell", "amount": 0.5}, {"trade_seq": 4588, "trade_id": "183799287", "timestamp": 1633934978111, "tick_direction": 3, "price": 0.001, "mark_price": 0.00134431, "iv": 124.44, "instrument_name": "BTC-31DEC21-300000-C", "index_price": 56648.74, "direction": "sell", "amount": 0.5}, {"trade_seq": 4587, "trade_id": "183799286", "timestamp": 1633934976095, "tick_direction": 3, "price": 0.001, "mark_price": 0.00134483, "iv": 124.44, "instrument_name": "BTC-31DEC21-300000-C", "index_price": 56645.42, "direction": "sell", "amount": 0.5}, {"trade_seq": 4586, "trade_id": "183799285", "timestamp": 1633934974092, "tick_direction": 3, "price": 0.001, "mark_price": 0.00134533, "iv": 124.44, "instrument_name": "BTC-31DEC21-300000-C", "index_price": 56645.93, "direction": "sell", "amount": 0.5}, {"trade_seq": 4585, "trade_id": "183799284", "timestamp": 1633934972066, "tick_direction": 3, "price": 0.001, "mark_price": 0.00134595, "iv": 124.44, "instrument_name": "BTC-31DEC21-300000-C", "index_price": 56647.36, "direction": "sell", "amount": 0.5}, {"trade_seq": 4584, "trade_id": "183799283", "timestamp": 1633934970064, "tick_direction": 3, "price": 0.001, "mark_price": 0.00134628, "iv": 124.44, "instrument_name": "BTC-31DEC21-300000-C", "index_price": 56645.51, "direction": "sell", "amount": 0.5}, {"trade_seq": 4583, "trade_id": "183799282", "timestamp": 1633934968053, "tick_direction": 3, "price": 0.001, "mark_price": 0.00134675, "iv": 124.44, "instrument_name": "BTC-31DEC21-300000-C", "index_price": 56646.25, "direction": "sell", "amount": 0.5}, {"trade_seq": 4582, "trade_id": "183799281", "timestamp": 1633934966022, "tick_direction": 3, "price": 0.001, "mark_price": 0.00134729, "iv": 124.44, "instrument_name": "BTC-31DEC21-300000-C", "index_price": 56645.48, "direction": "sell", "amount": 0.6}, {"trade_seq": 4581, "trade_id": "183799279", "timestamp": 1633934964021, "tick_direction": 3, "price": 0.001, "mark_price": 0.00134773, "iv": 124.44, "instrument_name": "BTC-31DEC21-300000-C", "index_price": 56645.98, "direction": "sell", "amount": 0.5}, {"trade_seq": 4580, "trade_id": "183799278", "timestamp": 1633934961994, "tick_direction": 3, "price": 0.001, "mark_price": 0.00134796, "iv": 124.44, "instrument_name": "BTC-31DEC21-300000-C", "index_price": 56645.63, "direction": "sell", "amount": 0.3}, {"trade_seq": 4579, "trade_id": "183799277", "timestamp": 1633934961994, "tick_direction": 3, "price": 0.001, "mark_price": 0.00134796, "iv": 124.44, "instrument_name": "BTC-31DEC21-300000-C", "index_price": 56645.63, "direction": "sell", "amount": 0.2}, {"trade_seq": 4578, "trade_id": "183799276", "timestamp": 1633934960174, "tick_direction": 3, "price": 0.001, "mark_price": 0.00134853, "iv": 124.44, "instrument_name": "BTC-31DEC21-300000-C", "index_price": 56643.23, "direction": "sell", "amount": 0.4}, {"trade_seq": 4577, "trade_id": "183799266", "timestamp": 1633934959995, "tick_direction": 3, "price": 0.001, "mark_price": 0.00134853, "iv": 124.44, "instrument_name": "BTC-31DEC21-300000-C", "index_price": 56643.23, "direction": "sell", "amount": 0.9}, {"trade_seq": 4576, "trade_id": "183799265", "timestamp": 1633934957964, "tick_direction": 3, "price": 0.001, "mark_price": 0.00134911, "iv": 124.44, "instrument_name": "BTC-31DEC21-300000-C", "index_price": 56643.81, "direction": "sell", "amount": 1.1}, {"trade_seq": 4575, "trade_id": "183799264", "timestamp": 1633934955949, "tick_direction": 3, "price": 0.001, "mark_price": 0.00134949, "iv": 124.44, "instrument_name": "BTC-31DEC21-300000-C", "index_price": 56645.45, "direction": "sell", "amount": 1.1}, {"trade_seq": 4574, "trade_id": "183799263", "timestamp": 1633934953934, "tick_direction": 3, "price": 0.001, "mark_price": 0.00134989, "iv": 124.44, "instrument_name": "BTC-31DEC21-300000-C", "index_price": 56644.72, "direction": "sell", "amount": 1.1}, {"trade_seq": 4573, "trade_id": "183799262", "timestamp": 1633934951912, "tick_direction": 3, "price": 0.001, "mark_price": 0.00135064, "iv": 124.44, "instrument_name": "BTC-31DEC21-300000-C", "index_price": 56644.29, "direction": "sell", "amount": 0.2}, {"trade_seq": 4572, "trade_id": "183799261", "timestamp": 1633934951912, "tick_direction": 3, "price": 0.001, "mark_price": 0.00135064, "iv": 124.44, "instrument_name": "BTC-31DEC21-300000-C", "index_price": 56644.29, "direction": "sell", "amount": 0.8}, {"trade_seq": 4571, "trade_id": "183799259", "timestamp": 1633934949887, "tick_direction": 3, "price": 0.001, "mark_price": 0.00135108, "iv": 124.44, "instrument_name": "BTC-31DEC21-300000-C", "index_price": 56646.99, "direction": "sell", "amount": 1.0}, {"trade_seq": 4570, "trade_id": "183799258", "timestamp": 1633934947872, "tick_direction": 3, "price": 0.001, "mark_price": 0.00135166, "iv": 124.44, "instrument_name": "BTC-31DEC21-300000-C", "index_price": 56647.71, "direction": "sell", "amount": 0.8}, {"trade_seq": 4569, "trade_id": "183799257", "timestamp": 1633934945857, "tick_direction": 3, "price": 0.001, "mark_price": 0.0013521, "iv": 124.44, "instrument_name": "BTC-31DEC21-300000-C", "index_price": 56647.39, "direction": "sell", "amount": 0.7}, {"trade_seq": 4568, "trade_id": "183799256", "timestamp": 1633934943843, "tick_direction": 3, "price": 0.001, "mark_price": 0.00135273, "iv": 124.44, "instrument_name": "BTC-31DEC21-300000-C", "index_price": 56646.34, "direction": "sell", "amount": 0.6}, {"trade_seq": 4567, "trade_id": "183799255", "timestamp": 1633934942827, "tick_direction": 3, "price": 0.001, "mark_price": 0.00135311, "iv": 124.44, "instrument_name": "BTC-31DEC21-300000-C", "index_price": 56646.01, "direction": "sell", "amount": 0.4}, {"trade_seq": 4566, "trade_id": "183799254", "timestamp": 1633934942453, "tick_direction": 3, "price": 0.001, "mark_price": 0.00135332, "iv": 124.44, "instrument_name": "BTC-31DEC21-300000-C", "index_price": 56648.41, "direction": "sell", "amount": 0.7}, {"trade_seq": 4565, "trade_id": "183796405", "timestamp": 1633932408087, "tick_direction": 3, "price": 0.001, "mark_price": 0.00123697, "iv": 124.47, "instrument_name": "BTC-31DEC21-300000-C", "index_price": 56588.61, "direction": "sell", "amount": 0.4}, {"trade_seq": 4564, "trade_id": "183796397", "timestamp": 1633932395999, "tick_direction": 3, "price": 0.001, "mark_price": 0.00123672, "iv": 124.47, "instrument_name": "BTC-31DEC21-300000-C", "index_price": 56586.72, "direction": "sell", "amount": 0.4}, {"trade_seq": 4563, "trade_id": "183796396", "timestamp": 1633932387942, "tick_direction": 3, "price": 0.001, "mark_price": 0.00123659, "iv": 124.47, "instrument_name": "BTC-31DEC21-300000-C", "index_price": 56585.94, "direction": "sell", "amount": 0.4}, {"trade_seq": 4562, "trade_id": "183795841", "timestamp": 1633932027166, "tick_direction": 3, "price": 0.001, "mark_price": 0.00124538, "iv": 124.46, "instrument_name": "BTC-31DEC21-300000-C", "index_price": 56603.87, "direction": "sell", "amount": 0.4}, {"trade_seq": 4561, "trade_id": "183795814", "timestamp": 1633932025128, "tick_direction": 3, "price": 0.001, "mark_price": 0.0012449, "iv": 124.47, "instrument_name": "BTC-31DEC21-300000-C", "index_price": 56595.38, "direction": "sell", "amount": 0.4}, {"trade_seq": 4560, "trade_id": "183795811", "timestamp": 1633932018731, "tick_direction": 3, "price": 0.001, "mark_price": 0.00124589, "iv": 124.46, "instrument_name": "BTC-31DEC21-300000-C", "index_price": 56591.01, "direction": "sell", "amount": 0.4}, {"trade_seq": 4559, "trade_id": "183795800", "timestamp": 1633932015045, "tick_direction": 3, "price": 0.001, "mark_price": 0.00124502, "iv": 124.47, "instrument_name": "BTC-31DEC21-300000-C", "index_price": 56581.39, "direction": "sell", "amount": 0.4}, {"trade_seq": 4558, "trade_id": "183795799", "timestamp": 1633932013042, "tick_direction": 3, "price": 0.001, "mark_price": 0.00124486, "iv": 124.47, "instrument_name": "BTC-31DEC21-300000-C", "index_price": 56583.91, "direction": "sell", "amount": 0.5}, {"trade_seq": 4557, "trade_id": "183795796", "timestamp": 1633932011017, "tick_direction": 3, "price": 0.001, "mark_price": 0.00124434, "iv": 124.48, "instrument_name": "BTC-31DEC21-300000-C", "index_price": 56579.13, "direction": "sell", "amount": 0.6}, {"trade_seq": 4556, "trade_id": "183795764", "timestamp": 1633932009012, "tick_direction": 3, "price": 0.001, "mark_price": 0.00124319, "iv": 124.48, "instrument_name": "BTC-31DEC21-300000-C", "index_price": 56576.3, "direction": "sell", "amount": 0.6}, {"trade_seq": 4555, "trade_id": "183795762", "timestamp": 1633932006984, "tick_direction": 3, "price": 0.001, "mark_price": 0.00124278, "iv": 124.5, "instrument_name": "BTC-31DEC21-300000-C", "index_price": 56563.59, "direction": "sell", "amount": 0.5}, {"trade_seq": 4554, "trade_id": "183795761", "timestamp": 1633932006984, "tick_direction": 3, "price": 0.001, "mark_price": 0.00124278, "iv": 124.5, "instrument_name": "BTC-31DEC21-300000-C", "index_price": 56563.59, "direction": "sell", "amount": 0.2}, {"trade_seq": 4553, "trade_id": "183795760", "timestamp": 1633932006984, "tick_direction": 3, "price": 0.001, "mark_price": 0.00124278, "iv": 124.5, "instrument_name": "BTC-31DEC21-300000-C", "index_price": 56563.59, "direction": "sell", "amount": 0.1}, {"trade_seq": 4552, "trade_id": "183795752", "timestamp": 1633932005047, "tick_direction": 3, "price": 0.001, "mark_price": 0.00124129, "iv": 124.5, "instrument_name": "BTC-31DEC21-300000-C", "index_price": 56557.7, "direction": "sell", "amount": 0.8}, {"trade_seq": 4551, "trade_id": "183794627", "timestamp": 1633931271195, "tick_direction": 3, "price": 0.001, "mark_price": 0.00123676, "iv": 124.71, "instrument_name": "BTC-31DEC21-300000-C", "index_price": 56372.01, "direction": "sell", "amount": 0.4}, {"trade_seq": 4550, "trade_id": "183794347", "timestamp": 1633931059525, "tick_direction": 3, "price": 0.001, "mark_price": 0.00123214, "iv": 124.76, "instrument_name": "BTC-31DEC21-300000-C", "index_price": 56332.38, "direction": "sell", "amount": 0.4}, {"trade_seq": 4549, "trade_id": "183792112", "timestamp": 1633930162443, "tick_direction": 3, "price": 0.001, "mark_price": 0.0012419, "iv": 124.74, "instrument_name": "BTC-31DEC21-300000-C", "index_price": 56375.28, "direction": "sell", "amount": 0.4}, {"trade_seq": 4548, "trade_id": "183792096", "timestamp": 1633930150352, "tick_direction": 3, "price": 0.001, "mark_price": 0.00124282, "iv": 124.73, "instrument_name": "BTC-31DEC21-300000-C", "index_price": 56377.52, "direction": "sell", "amount": 0.4}, {"trade_seq": 4547, "trade_id": "183792083", "timestamp": 1633930132192, "tick_direction": 3, "price": 0.001, "mark_price": 0.00124379, "iv": 124.72, "instrument_name": "BTC-31DEC21-300000-C", "index_price": 56377.06, "direction": "sell", "amount": 0.4}, {"trade_seq": 4546, "trade_id": "183792082", "timestamp": 1633930128155, "tick_direction": 3, "price": 0.001, "mark_price": 0.00124428, "iv": 124.72, "instrument_name": "BTC-31DEC21-300000-C", "index_price": 56377.88, "direction": "sell", "amount": 0.4}, {"trade_seq": 4545, "trade_id": "183792081", "timestamp": 1633930124136, "tick_direction": 3, "price": 0.001, "mark_price": 0.00124384, "iv": 124.73, "instrument_name": "BTC-31DEC21-300000-C", "index_price": 56375.68, "direction": "sell", "amount": 0.4}, {"trade_seq": 4544, "trade_id": "183789773", "timestamp": 1633929005347, "tick_direction": 3, "price": 0.001, "mark_price": 0.0013316, "iv": 124.62, "instrument_name": "BTC-31DEC21-300000-C", "index_price": 56452.47, "direction": "sell", "amount": 0.4}, {"trade_seq": 4543, "trade_id": "183789744", "timestamp": 1633928985198, "tick_direction": 3, "price": 0.001, "mark_price": 0.00133747, "iv": 124.6, "instrument_name": "BTC-31DEC21-300000-C", "index_price": 56465.14, "direction": "sell", "amount": 0.4}, {"trade_seq": 4542, "trade_id": "183785132", "timestamp": 1633926352053, "tick_direction": 2, "price": 0.001, "mark_price": 0.00144184, "iv": 124.44, "instrument_name": "BTC-31DEC21-300000-C", "index_price": 56624.52, "direction": "sell", "amount": 0.5}, {"trade_seq": 4541, "trade_id": "183783181", "timestamp": 1633925504455, "tick_direction": 3, "price": 0.0015, "mark_price": 0.00148601, "iv": 129.57, "instrument_name": "BTC-31DEC21-300000-C", "index_price": 56639.58, "direction": "sell", "amount": 0.7}, {"trade_seq": 4540, "trade_id": "183783165", "timestamp": 1633925501223, "tick_direction": 3, "price": 0.0015, "mark_price": 0.00148592, "iv": 129.56, "instrument_name": "BTC-31DEC21-300000-C", "index_price": 56650.72, "direction": "sell", "amount": 0.4}, {"trade_seq": 4539, "trade_id": "183783158", "timestamp": 1633925499207, "tick_direction": 3, "price": 0.0015, "mark_price": 0.00148467, "iv": 129.56, "instrument_name": "BTC-31DEC21-300000-C", "index_price": 56648.02, "direction": "sell", "amount": 0.4}, {"trade_seq": 4538, "trade_id": "183783157", "timestamp": 1633925497204, "tick_direction": 3, "price": 0.0015, "mark_price": 0.00148381, "iv": 129.56, "instrument_name": "BTC-31DEC21-300000-C", "index_price": 56649.04, "direction": "sell", "amount": 0.4}, {"trade_seq": 4537, "trade_id": "183762919", "timestamp": 1633916518340, "tick_direction": 3, "price": 0.0015, "mark_price": 0.00143398, "iv": 130.94, "instrument_name": "BTC-31DEC21-300000-C", "index_price": 55469.22, "direction": "sell", "amount": 0.8}, {"trade_seq": 4536, "trade_id": "183729276", "timestamp": 1633898513114, "tick_direction": 3, "price": 0.0015, "mark_price": 0.00171872, "iv": 130.48, "instrument_name": "BTC-31DEC21-300000-C", "index_price": 55647.93, "direction": "sell", "amount": 0.4}, {"trade_seq": 4535, "trade_id": "183729271", "timestamp": 1633898506314, "tick_direction": 3, "price": 0.0015, "mark_price": 0.0017185, "iv": 130.48, "instrument_name": "BTC-31DEC21-300000-C", "index_price": 55647.28, "direction": "sell", "amount": 0.4}, {"trade_seq": 4534, "trade_id": "183729262", "timestamp": 1633898500284, "tick_direction": 3, "price": 0.0015, "mark_price": 0.00171879, "iv": 130.47, "instrument_name": "BTC-31DEC21-300000-C", "index_price": 55652.02, "direction": "sell", "amount": 0.4}, {"trade_seq": 4533, "trade_id": "183729261", "timestamp": 1633898494216, "tick_direction": 3, "price": 0.0015, "mark_price": 0.00171626, "iv": 130.49, "instrument_name": "BTC-31DEC21-300000-C", "index_price": 55641.81, "direction": "sell", "amount": 0.4}, {"trade_seq": 4532, "trade_id": "183729235", "timestamp": 1633898480128, "tick_direction": 3, "price": 0.0015, "mark_price": 0.00171506, "iv": 130.49, "instrument_name": "BTC-31DEC21-300000-C", "index_price": 55644.22, "direction": "sell", "amount": 0.4}, {"trade_seq": 4531, "trade_id": "183729230", "timestamp": 1633898476080, "tick_direction": 3, "price": 0.0015, "mark_price": 0.00171394, "iv": 130.5, "instrument_name": "BTC-31DEC21-300000-C", "index_price": 55636.98, "direction": "sell", "amount": 0.4}, {"trade_seq": 4530, "trade_id": "183728703", "timestamp": 1633898269720, "tick_direction": 3, "price": 0.0015, "mark_price": 0.001699, "iv": 130.51, "instrument_name": "BTC-31DEC21-300000-C", "index_price": 55630.43, "direction": "sell", "amount": 0.4}, {"trade_seq": 4529, "trade_id": "183728693", "timestamp": 1633898266769, "tick_direction": 3, "price": 0.0015, "mark_price": 0.00169534, "iv": 130.53, "instrument_name": "BTC-31DEC21-300000-C", "index_price": 55626.75, "direction": "sell", "amount": 0.4}, {"trade_seq": 4528, "trade_id": "183728654", "timestamp": 1633898260129, "tick_direction": 3, "price": 0.0015, "mark_price": 0.00169284, "iv": 130.55, "instrument_name": "BTC-31DEC21-300000-C", "index_price": 55600.69, "direction": "sell", "amount": 0.4}, {"trade_seq": 4527, "trade_id": "183728638", "timestamp": 1633898256740, "tick_direction": 3, "price": 0.0015, "mark_price": 0.00169113, "iv": 130.55, "instrument_name": "BTC-31DEC21-300000-C", "index_price": 55598.66, "direction": "sell", "amount": 0.4}, {"trade_seq": 4526, "trade_id": "183728609", "timestamp": 1633898253800, "tick_direction": 3, "price": 0.0015, "mark_price": 0.00168797, "iv": 130.57, "instrument_name": "BTC-31DEC21-300000-C", "index_price": 55585.75, "direction": "sell", "amount": 0.3}, {"trade_seq": 4525, "trade_id": "183728608", "timestamp": 1633898253800, "tick_direction": 3, "price": 0.0015, "mark_price": 0.00168797, "iv": 130.57, "instrument_name": "BTC-31DEC21-300000-C", "index_price": 55585.75, "direction": "sell", "amount": 0.1}