{"trades": [{"trade_seq": 40, "trade_id": "3189666", "timestamp": 1514022087109, "tick_direction": 3, "price": 0.7633, "mark_price": 0.7882482, "iv": 0.0, "instrument_name": "BTC-29DEC17-3000-C", "index_price": 14501.32, "direction": "buy", "amount": 0.2}, {"trade_seq": 39, "trade_id": "3189660", "timestamp": 1514022087024, "tick_direction": 2, "price": 0.7633, "mark_price": 0.7882482, "iv": 0.0, "instrument_name": "BTC-29DEC17-3000-C", "index_price": 14543.36, "direction": "buy", "amount": 1.0}, {"trade_seq": 38, "trade_id": "3111730", "timestamp": 1513929398101, "tick_direction": 2, "price": 0.7807, "mark_price": 0.77409656, "iv": 500.0, "instrument_name": "BTC-29DEC17-3000-C", "index_price": 13246.22, "direction": "sell", "amount": 1.2}, {"trade_seq": 37, "trade_id": "2969904", "timestamp": 1513717929259, "tick_direction": 2, "price": 0.8278, "mark_price": 0.83127109, "iv": 0.0, "instrument_name": "BTC-29DEC17-3000-C", "index_price": 17448.72, "direction": "buy", "amount": 2.5}, {"trade_seq": 36, "trade_id": "2851088", "timestamp": 1513557258881, "tick_direction": 0, "price": 0.8397, "mark_price": 0.83783793, "iv": 483.64, "instrument_name": "BTC-29DEC17-3000-C", "index_price": 18615.62, "direction": "sell", "amount": 1.0}, {"trade_seq": 35, "trade_id": "2211822", "timestamp": 1512664735382, "tick_direction": 2, "price": 0.8117, "mark_price": 0.8128509, "iv": 0.0, "instrument_name": "BTC-29DEC17-3000-C", "index_price": 15615.38, "direction": "buy", "amount": 1.0}, {"trade_seq": 34, "trade_id": "2211806", "timestamp": 1512664734970, "tick_direction": 0, "price": 0.8129, "mark_price": 0.8128509, "iv": 218.28, "instrument_name": "BTC-29DEC17-3000-C", "index_price": 15828.56, "direction": "sell", "amount": 1.0}, {"trade_seq": 33, "trade_id": "2121631", "timestamp": 1512569448591, "tick_direction": 1, "price": 0.7721, "mark_price": 0.76693761, "iv": 323.27, "instrument_name": "BTC-29DEC17-3000-C", "index_price": 12723.08, "direction": "sell", "amount": 0.5}, {"trade_seq": 32, "trade_id": "2121628", "timestamp": 1512569445440, "tick_direction": 1, "price": 0.7721, "mark_price": 0.76693761, "iv": 323.27, "instrument_name": "BTC-29DEC17-3000-C", "index_price": 12723.08, "direction": "sell", "amount": 0.5}, {"trade_seq": 31, "trade_id": "2121622", "timestamp": 1512569440936, "tick_direction": 1, "price": 0.7721, "mark_price": 0.76693761, "iv": 323.27, "instrument_name": "BTC-29DEC17-3000-C", "index_price": 12721.56, "direction": "sell", "amount": 0.5}, {"trade_seq": 30, "trade_id": "2121610", "timestamp": 1512569421295, "tick_direction": 0, "price": 0.7721, "mark_price": 0.76704439, "iv": 322.13, "instrument_name": "BTC-29DEC17-3000-C", "index_price": 12715.65, "direction": "buy", "amount": 2.5}, {"trade_seq": 29, "trade_id": "2022164", "timestamp": 1512337026703, "tick_direction": 2, "price": 0.723, "mark_price": 0.72485874, "iv": 0.0, "instrument_name": "BTC-29DEC17-3000-C", "index_price": 10948.92, "direction": "sell", "amount": 1.0}, {"trade_seq": 28, "trade_id": "1778810", "timestamp": 1511968646741, "tick_direction": 0, "price": 0.7332, "mark_price": 0.73645974, "iv": 0.0, "instrument_name": "BTC-29DEC17-3000-C", "index_price": 11227.13, "direction": "buy", "amount": 2.0}, {"trade_seq": 27, "trade_id": "1694101", "timestamp": 1511722669021, "tick_direction": 0, "price": 0.6843, "mark_price": 0.68644602, "iv": 0.0, "instrument_name": "BTC-29DEC17-3000-C", "index_price": 9455.66, "direction": "sell", "amount": 2.0}, {"trade_seq": 26, "trade_id": "1669312", "timestamp": 1511626906604, "tick_direction": 0, "price": 0.6634, "mark_price": 0.65672011, "iv": 208.3, "instrument_name": "BTC-29DEC17-3000-C", "index_price": 8628.88, "direction": "buy", "amount": 1.1}, {"trade_seq": 25, "trade_id": "1588519", "timestamp": 1511281676761, "tick_direction": 0, "price": 0.6485, "mark_price": 0.64558375, "iv": 165.06, "instrument_name": "BTC-29DEC17-3000-C", "index_price": 8337.69, "direction": "sell", "amount": 4.0}, {"trade_seq": 24, "trade_id": "1416537", "timestamp": 1510597155601, "tick_direction": 0, "price": 0.517, "mark_price": 0.52397151, "iv": 0.0, "instrument_name": "BTC-29DEC17-3000-C", "index_price": 6391.16, "direction": "buy", "amount": 1.1}, {"trade_seq": 23, "trade_id": "1162090", "timestamp": 1509565398386, "tick_direction": 2, "price": 0.5088, "mark_price": null, "iv": 0.0, "instrument_name": "BTC-29DEC17-3000-C", "index_price": 6586.73, "direction": "sell", "amount": 2.0}, {"trade_seq": 22, "trade_id": "1156721", "timestamp": 1509532590144, "tick_direction": 0, "price": 0.525, "mark_price": null, "iv": 0.0, "instrument_name": "BTC-29DEC17-3000-C", "index_price": 6565.86, "direction": "buy", "amount": 0.1}, {"trade_seq": 21, "trade_id": "1122046", "timestamp": 1509307817388, "tick_direction": 0, "price": 0.5111, "mark_price": null, "iv": 0.0, "instrument_name": "BTC-29DEC17-3000-C", "index_price": 6164.55, "direction": "buy", "amount": 0.1}, {"trade_seq": 20, "trade_id": "1120791", "timestamp": 1509306119665, "tick_direction": 1, "price": 0.5, "mark_price": null, "iv": 0.0, "instrument_name": "BTC-29DEC17-3000-C", "index_price": 6045.09, "direction": "buy", "amount": 0.1}, {"trade_seq": 19, "trade_id": "1120751", "timestamp": 1509306071537, "tick_direction": 1, "price": 0.5, "mark_price": null, "iv": 0.0, "instrument_name": "BTC-29DEC17-3000-C", "index_price": 6036.11, "direction": "buy", "amount": 0.1}, {"trade_seq": 18, "trade_id": "1120288", "timestamp": 1509303160310, "tick_direction": 1, "price": 0.5, "mark_price": null, "iv": 86.21, "instrument_name": "BTC-29DEC17-3000-C", "index_price": 5972.32, "direction": "buy", "amount": 0.1}, {"trade_seq": 17, "trade_id": "1119507", "timestamp": 1509295552857, "tick_direction": 0, "price": 0.5, "mark_price": null, "iv": 60.87, "instrument_name": "BTC-29DEC17-3000-C", "index_price": 5998.37, "direction": "buy", "amount": 0.2}, {"trade_seq": 16, "trade_id": "966775", "timestamp": 1508310459718, "tick_direction": 0, "price": 0.4491, "mark_price": null, "iv": 86.02, "instrument_name": "BTC-29DEC17-3000-C", "index_price": 5369.3, "direction": "buy", "amount": 0.1}, {"trade_seq": 15, "trade_id": "879241", "timestamp": 1507758427065, "tick_direction": 1, "price": 0.4, "mark_price": null, "iv": 94.75, "instrument_name": "BTC-29DEC17-3000-C", "index_price": 4801.21, "direction": "buy", "amount": 5.0}, {"trade_seq": 14, "trade_id": "879224", "timestamp": 1507758134315, "tick_direction": 0, "price": 0.4, "mark_price": null, "iv": 95.32, "instrument_name": "BTC-29DEC17-3000-C", "index_price": 4796.8, "direction": "buy", "amount": 5.0}, {"trade_seq": 13, "trade_id": "827787", "timestamp": 1507011127319, "tick_direction": 2, "price": 0.349, "mark_price": null, "iv": 94.65, "instrument_name": "BTC-29DEC17-3000-C", "index_price": 4293.4, "direction": "buy", "amount": 0.6}, {"trade_seq": 12, "trade_id": "822792", "timestamp": 1506911467609, "tick_direction": 0, "price": 0.36, "mark_price": null, "iv": 92.45, "instrument_name": "BTC-29DEC17-3000-C", "index_price": 4405.58, "direction": "buy", "amount": 1.0}, {"trade_seq": 11, "trade_id": "821715", "timestamp": 1506898084011, "tick_direction": 1, "price": 0.357, "mark_price": null, "iv": 92.04, "instrument_name": "BTC-29DEC17-3000-C", "index_price": 4382.41, "direction": "buy", "amount": 0.6}, {"trade_seq": 10, "trade_id": "821714", "timestamp": 1506898082651, "tick_direction": 1, "price": 0.357, "mark_price": null, "iv": 92.04, "instrument_name": "BTC-29DEC17-3000-C", "index_price": 4382.41, "direction": "buy", "amount": 0.6}, {"trade_seq": 9, "trade_id": "821713", "timestamp": 1506898081268, "tick_direction": 1, "price": 0.357, "mark_price": null, "iv": 92.03, "instrument_name": "BTC-29DEC17-3000-C", "index_price": 4382.48, "direction": "buy", "amount": 0.6}, {"trade_seq": 8, "trade_id": "821712", "timestamp": 1506898079910, "tick_direction": 1, "price": 0.357, "mark_price": null, "iv": 92.03, "instrument_name": "BTC-29DEC17-3000-C", "index_price": 4382.48, "direction": "buy", "amount": 0.6}, {"trade_seq": 7, "trade_id": "821711", "timestamp": 1506898078511, "tick_direction": 1, "price": 0.357, "mark_price": null, "iv": 92.03, "instrument_name": "BTC-29DEC17-3000-C", "index_price": 4382.48, "direction": "buy", "amount": 0.6}, {"trade_seq": 6, "trade_id": "821710", "timestamp": 1506898077198, "tick_direction": 0, "price": 0.357, "mark_price": null, "iv": 92.03, "instrument_name": "BTC-29DEC17-3000-C", "index_price": 4382.48, "direction": "buy", "amount": 0.6}, {"trade_seq": 5, "trade_id": "809079", "timestamp": 1506582800360, "tick_direction": 0, "price": 0.355, "mark_price": null, "iv": 102.63, "instrument_name": "BTC-29DEC17-3000-C", "index_price": 4228.48, "direction": "sell", "amount": 0.1}, {"trade_seq": 4, "trade_id": "705571", "timestamp": 1505482593462, "tick_direction": 2, "price": 0.225, "mark_price": null, "iv": 90.26, "instrument_name": "BTC-29DEC17-3000-C", "index_price": 3252.73, "direction": "sell", "amount": 2.0}, {"trade_seq": 3, "trade_id": "689392", "timestamp": 1505458356542, "tick_direction": 2, "price": 0.2651, "mark_price": null, "iv": 114.98, "instrument_name": "BTC-29DEC17-3000-C", "index_price": 3183.35, "direction": "buy", "amount": 0.1}, {"trade_seq": 2, "trade_id": "346376", "timestamp": 1502147921535, "tick_direction": 0, "price": 0.3039, "mark_price": null, "iv": 104.14, "instrument_name": "BTC-29DEC17-3000-C", "index_price": 3400.37, "direction": "buy", "amount": 1.0}, {"trade_seq": 1, "trade_id": "345773", "timestamp": 1502140294275, "tick_direction": 1, "price": 0.2868, "mark_price": null, "iv": 99.28, "instrument_name": "BTC-29DEC17-3000-C", "index_price": 3345.49, "direction": "buy", "amount": 1.0}], "has_more": false}