{"trades": [{"trade_seq": 6750, "trade_id": "197115117", "timestamp": 1640861657123, "tick_direction": 3, "price": 0.0005, "mark_price": 0.0, "iv": 269.34, "instrument_name": "BTC-31DEC21-64000-C", "index_price": 46934.89, "direction": "buy", "amount": 2.0}, {"trade_seq": 6749, "trade_id": "197115116", "timestamp": 1640861657123, "tick_direction": 3, "price": 0.0005, "mark_price": 0.0, "iv": 269.34, "instrument_name": "BTC-31DEC21-64000-C", "index_price": 46934.89, "direction": "buy", "amount": 2.0}, {"trade_seq": 6748, "trade_id": "197110077", "timestamp": 1640858529138, "tick_direction": 3, "price": 0.0005, "mark_price": 0.0, "iv": 266.18, "instrument_name": "BTC-31DEC21-64000-C", "index_price": 46794.64, "direction": "buy", "amount": 1.0}, {"trade_seq": 6747, "trade_id": "196974476", "timestamp": 1640786577839, "tick_direction": 3, "price": 0.0005, "mark_price": 2.1e-07, "iv": 184.98, "instrument_name": "BTC-31DEC21-64000-C", "index_price": 47488.75, "direction": "buy", "amount": 2.0}, {"trade_seq": 6746, "trade_id": "196974475", "timestamp": 1640786577839, "tick_direction": 3, "price": 0.0005, "mark_price": 2.1e-07, "iv": 184.98, "instrument_name": "BTC-31DEC21-64000-C", "index_price": 47488.75, "direction": "buy", "amount": 3.0}, {"trade_seq": 6745, "trade_id": "196628640", "timestamp": 1640626475624, "tick_direction": 3, "price": 0.0005, "mark_price": 0.00049554, "iv": 95.19, "instrument_name": "BTC-31DEC21-64000-C", "index_price": 51874.12, "direction": "sell", "amount": 0.5}, {"trade_seq": 6744, "trade_id": "196613101", "timestamp": 1640615322468, "tick_direction": 3, "price": 0.0005, "mark_price": 0.00039859, "iv": 97.99, "instrument_name": "BTC-31DEC21-64000-C", "index_price": 51290.24, "direction": "buy", "amount": 2.0}, {"trade_seq": 6743, "trade_id": "196611631", "timestamp": 1640614728923, "tick_direction": 3, "price": 0.0005, "mark_price": 0.00044986, "iv": 96.44, "instrument_name": "BTC-31DEC21-64000-C", "index_price": 51475.94, "direction": "sell", "amount": 0.1}, {"trade_seq": 6742, "trade_id": "196611626", "timestamp": 1640614727650, "tick_direction": 3, "price": 0.0005, "mark_price": 0.00044928, "iv": 96.46, "instrument_name": "BTC-31DEC21-64000-C", "index_price": 51476.34, "direction": "sell", "amount": 0.5}, {"trade_seq": 6741, "trade_id": "196611625", "timestamp": 1640614727628, "tick_direction": 3, "price": 0.0005, "mark_price": 0.00044928, "iv": 96.46, "instrument_name": "BTC-31DEC21-64000-C", "index_price": 51476.34, "direction": "buy", "amount": 0.4}, {"trade_seq": 6740, "trade_id": "196608718", "timestamp": 1640612706656, "tick_direction": 3, "price": 0.0005, "mark_price": 0.00040985, "iv": 97.63, "instrument_name": "BTC-31DEC21-64000-C", "index_price": 51264.51, "direction": "buy", "amount": 0.3}, {"trade_seq": 6739, "trade_id": "196594399", "timestamp": 1640602320733, "tick_direction": 3, "price": 0.0005, "mark_price": 0.00037572, "iv": 98.64, "instrument_name": "BTC-31DEC21-64000-C", "index_price": 50907.74, "direction": "buy", "amount": 2.5}, {"trade_seq": 6738, "trade_id": "196520911", "timestamp": 1640523873335, "tick_direction": 3, "price": 0.0005, "mark_price": 0.00071461, "iv": 95.57, "instrument_name": "BTC-31DEC21-64000-C", "index_price": 49901.3, "direction": "sell", "amount": 0.3}, {"trade_seq": 6737, "trade_id": "196520910", "timestamp": 1640523873335, "tick_direction": 3, "price": 0.0005, "mark_price": 0.00071461, "iv": 95.57, "instrument_name": "BTC-31DEC21-64000-C", "index_price": 49901.3, "direction": "sell", "amount": 1.0}, {"trade_seq": 6736, "trade_id": "196520909", "timestamp": 1640523873335, "tick_direction": 3, "price": 0.0005, "mark_price": 0.00071461, "iv": 95.57, "instrument_name": "BTC-31DEC21-64000-C", "index_price": 49901.3, "direction": "sell", "amount": 1.0}, {"trade_seq": 6735, "trade_id": "196520908", "timestamp": 1640523873335, "tick_direction": 3, "price": 0.0005, "mark_price": 0.00071461, "iv": 95.57, "instrument_name": "BTC-31DEC21-64000-C", "index_price": 49901.3, "direction": "sell", "amount": 3.0}, {"trade_seq": 6734, "trade_id": "196520907", "timestamp": 1640523873335, "tick_direction": 3, "price": 0.0005, "mark_price": 0.00071461, "iv": 95.57, "instrument_name": "BTC-31DEC21-64000-C", "index_price": 49901.3, "direction": "sell", "amount": 1.7}, {"trade_seq": 6733, "trade_id": "196520906", "timestamp": 1640523873335, "tick_direction": 3, "price": 0.0005, "mark_price": 0.00071461, "iv": 95.57, "instrument_name": "BTC-31DEC21-64000-C", "index_price": 49901.3, "direction": "sell", "amount": 5.0}, {"trade_seq": 6732, "trade_id": "196520905", "timestamp": 1640523873335, "tick_direction": 3, "price": 0.0005, "mark_price": 0.00071461, "iv": 95.57, "instrument_name": "BTC-31DEC21-64000-C", "index_price": 49901.3, "direction": "sell", "amount": 0.1}, {"trade_seq": 6731, "trade_id": "196520904", "timestamp": 1640523873335, "tick_direction": 3, "price": 0.0005, "mark_price": 0.00071461, "iv": 95.57, "instrument_name": "BTC-31DEC21-64000-C", "index_price": 49901.3, "direction": "sell", "amount": 14.0}, {"trade_seq": 6730, "trade_id": "196520903", "timestamp": 1640523873335, "tick_direction": 3, "price": 0.0005, "mark_price": 0.00071461, "iv": 95.57, "instrument_name": "BTC-31DEC21-64000-C", "index_price": 49901.3, "direction": "sell", "amount": 0.1}, {"trade_seq": 6729, "trade_id": "196512711", "timestamp": 1640517739290, "tick_direction": 2, "price": 0.0005, "mark_price": 0.00072602, "iv": 93.55, "instrument_name": "BTC-31DEC21-64000-C", "index_price": 50113.42, "direction": "sell", "amount": 0.7}, {"trade_seq": 6728, "trade_id": "196416229", "timestamp": 1640419578353, "tick_direction": 3, "price": 0.001, "mark_price": 0.00124435, "iv": 87.15, "instrument_name": "BTC-31DEC21-64000-C", "index_price": 50988.4, "direction": "sell", "amount": 0.4}, {"trade_seq": 6727, "trade_id": "196416172", "timestamp": 1640419527477, "tick_direction": 3, "price": 0.001, "mark_price": 0.00124216, "iv": 87.19, "instrument_name": "BTC-31DEC21-64000-C", "index_price": 50974.66, "direction": "sell", "amount": 0.1}, {"trade_seq": 6726, "trade_id": "196408772", "timestamp": 1640403385450, "tick_direction": 3, "price": 0.001, "mark_price": 0.00124227, "iv": 85.99, "instrument_name": "BTC-31DEC21-64000-C", "index_price": 50952.21, "direction": "sell", "amount": 0.1}, {"trade_seq": 6725, "trade_id": "196408771", "timestamp": 1640403385450, "tick_direction": 3, "price": 0.001, "mark_price": 0.00124227, "iv": 85.99, "instrument_name": "BTC-31DEC21-64000-C", "index_price": 50952.21, "direction": "sell", "amount": 0.9}, {"trade_seq": 6724, "trade_id": "196408708", "timestamp": 1640403311874, "tick_direction": 3, "price": 0.001, "mark_price": 0.00124554, "iv": 85.99, "instrument_name": "BTC-31DEC21-64000-C", "index_price": 50952.93, "direction": "sell", "amount": 0.1}, {"trade_seq": 6723, "trade_id": "196406464", "timestamp": 1640399499259, "tick_direction": 3, "price": 0.001, "mark_price": 0.00100042, "iv": 84.61, "instrument_name": "BTC-31DEC21-64000-C", "index_price": 51140.59, "direction": "buy", "amount": 1.0}, {"trade_seq": 6722, "trade_id": "196401780", "timestamp": 1640390344531, "tick_direction": 3, "price": 0.001, "mark_price": 0.00144842, "iv": 85.9, "instrument_name": "BTC-31DEC21-64000-C", "index_price": 50815.01, "direction": "buy", "amount": 7.2}, {"trade_seq": 6721, "trade_id": "196401779", "timestamp": 1640390344527, "tick_direction": 3, "price": 0.001, "mark_price": 0.00144842, "iv": 85.9, "instrument_name": "BTC-31DEC21-64000-C", "index_price": 50815.01, "direction": "sell", "amount": 10.0}, {"trade_seq": 6720, "trade_id": "196401778", "timestamp": 1640390344527, "tick_direction": 3, "price": 0.001, "mark_price": 0.00144842, "iv": 85.9, "instrument_name": "BTC-31DEC21-64000-C", "index_price": 50815.01, "direction": "sell", "amount": 2.4}, {"trade_seq": 6719, "trade_id": "196401777", "timestamp": 1640390344527, "tick_direction": 3, "price": 0.001, "mark_price": 0.00144842, "iv": 85.9, "instrument_name": "BTC-31DEC21-64000-C", "index_price": 50815.01, "direction": "sell", "amount": 0.3}, {"trade_seq": 6718, "trade_id": "196401776", "timestamp": 1640390344527, "tick_direction": 3, "price": 0.001, "mark_price": 0.00144842, "iv": 85.9, "instrument_name": "BTC-31DEC21-64000-C", "index_price": 50815.01, "direction": "sell", "amount": 0.1}, {"trade_seq": 6717, "trade_id": "196367386", "timestamp": 1640366355832, "tick_direction": 3, "price": 0.001, "mark_price": 0.00122252, "iv": 83.9, "instrument_name": "BTC-31DEC21-64000-C", "index_price": 50832.69, "direction": "sell", "amount": 0.1}, {"trade_seq": 6716, "trade_id": "196367340", "timestamp": 1640366251157, "tick_direction": 3, "price": 0.001, "mark_price": 0.0012031, "iv": 84.01, "instrument_name": "BTC-31DEC21-64000-C", "index_price": 50818.01, "direction": "sell", "amount": 0.9}, {"trade_seq": 6715, "trade_id": "196367339", "timestamp": 1640366251157, "tick_direction": 2, "price": 0.001, "mark_price": 0.0012031, "iv": 84.01, "instrument_name": "BTC-31DEC21-64000-C", "index_price": 50818.01, "direction": "sell", "amount": 0.1}, {"trade_seq": 6714, "trade_id": "196346499", "timestamp": 1640354249450, "tick_direction": 0, "price": 0.0015, "mark_price": 0.00146539, "iv": 86.91, "instrument_name": "BTC-31DEC21-64000-C", "index_price": 51107.67, "direction": "sell", "amount": 0.2}, {"trade_seq": 6713, "trade_id": "196336120", "timestamp": 1640345596041, "tick_direction": 3, "price": 0.001, "mark_price": 0.00138727, "iv": 80.49, "instrument_name": "BTC-31DEC21-64000-C", "index_price": 51175.94, "direction": "sell", "amount": 5.0}, {"trade_seq": 6712, "trade_id": "196330533", "timestamp": 1640341329276, "tick_direction": 3, "price": 0.001, "mark_price": 0.00143868, "iv": 80.31, "instrument_name": "BTC-31DEC21-64000-C", "index_price": 51152.34, "direction": "sell", "amount": 1.7}, {"trade_seq": 6711, "trade_id": "196330532", "timestamp": 1640341329276, "tick_direction": 3, "price": 0.001, "mark_price": 0.00143868, "iv": 80.31, "instrument_name": "BTC-31DEC21-64000-C", "index_price": 51152.34, "direction": "sell", "amount": 0.3}, {"trade_seq": 6710, "trade_id": "196327219", "timestamp": 1640338776635, "tick_direction": 3, "price": 0.001, "mark_price": 0.00145896, "iv": 79.22, "instrument_name": "BTC-31DEC21-64000-C", "index_price": 51301.04, "direction": "sell", "amount": 0.7}, {"trade_seq": 6709, "trade_id": "196327038", "timestamp": 1640338703567, "tick_direction": 3, "price": 0.001, "mark_price": 0.00146308, "iv": 79.22, "instrument_name": "BTC-31DEC21-64000-C", "index_price": 51306.36, "direction": "sell", "amount": 0.2}, {"trade_seq": 6708, "trade_id": "196325410", "timestamp": 1640337731494, "tick_direction": 2, "price": 0.001, "mark_price": 0.00150515, "iv": 79.31, "instrument_name": "BTC-31DEC21-64000-C", "index_price": 51248.48, "direction": "sell", "amount": 0.8}, {"trade_seq": 6707, "trade_id": "196323697", "timestamp": 1640336328371, "tick_direction": 3, "price": 0.0015, "mark_price": 0.00172479, "iv": 85.63, "instrument_name": "BTC-31DEC21-64000-C", "index_price": 51099.22, "direction": "sell", "amount": 0.4}, {"trade_seq": 6706, "trade_id": "196320660", "timestamp": 1640335119330, "tick_direction": 3, "price": 0.0015, "mark_price": 0.00172711, "iv": 85.1, "instrument_name": "BTC-31DEC21-64000-C", "index_price": 51176.95, "direction": "sell", "amount": 0.2}, {"trade_seq": 6705, "trade_id": "196319836", "timestamp": 1640334560752, "tick_direction": 3, "price": 0.0015, "mark_price": 0.00177248, "iv": 84.91, "instrument_name": "BTC-31DEC21-64000-C", "index_price": 51184.1, "direction": "sell", "amount": 0.1}, {"trade_seq": 6704, "trade_id": "196304550", "timestamp": 1640326226205, "tick_direction": 2, "price": 0.0015, "mark_price": 0.0017113, "iv": 85.9, "instrument_name": "BTC-31DEC21-64000-C", "index_price": 50910.03, "direction": "sell", "amount": 0.3}, {"trade_seq": 6703, "trade_id": "196286824", "timestamp": 1640310854674, "tick_direction": 3, "price": 0.002, "mark_price": 0.00197225, "iv": 87.3, "instrument_name": "BTC-31DEC21-64000-C", "index_price": 51245.86, "direction": "buy", "amount": 0.3}, {"trade_seq": 6702, "trade_id": "196271396", "timestamp": 1640298984621, "tick_direction": 2, "price": 0.002, "mark_price": 0.00194781, "iv": 89.18, "instrument_name": "BTC-31DEC21-64000-C", "index_price": 50814.19, "direction": "sell", "amount": 0.3}, {"trade_seq": 6701, "trade_id": "196261307", "timestamp": 1640289970288, "tick_direction": 0, "price": 0.0025, "mark_price": 0.00221349, "iv": 90.72, "instrument_name": "BTC-31DEC21-64000-C", "index_price": 51019.91, "direction": "buy", "amount": 4.0}, {"trade_seq": 6700, "trade_id": "196259340", "timestamp": 1640289601124, "tick_direction": 2, "price": 0.002, "mark_price": 0.00215065, "iv": 86.45, "instrument_name": "BTC-31DEC21-64000-C", "index_price": 51136.29, "direction": "sell", "amount": 1.0}, {"trade_seq": 6699, "trade_id": "196257085", "timestamp": 1640289051956, "tick_direction": 1, "price": 0.0025, "mark_price": 0.00227819, "iv": 89.08, "instrument_name": "BTC-31DEC21-64000-C", "index_price": 51289.61, "direction": "buy", "amount": 0.2}, {"trade_seq": 6698, "trade_id": "196251082", "timestamp": 1640288046308, "tick_direction": 1, "price": 0.0025, "mark_price": 0.00213449, "iv": 91.14, "instrument_name": "BTC-31DEC21-64000-C", "index_price": 50937.64, "direction": "buy", "amount": 0.1}, {"trade_seq": 6697, "trade_id": "196250921", "timestamp": 1640287988429, "tick_direction": 1, "price": 0.0025, "mark_price": 0.00212385, "iv": 91.3, "instrument_name": "BTC-31DEC21-64000-C", "index_price": 50920.62, "direction": "buy", "amount": 0.2}, {"trade_seq": 6696, "trade_id": "196250080", "timestamp": 1640287588308, "tick_direction": 0, "price": 0.0025, "mark_price": 0.00208369, "iv": 91.61, "instrument_name": "BTC-31DEC21-64000-C", "index_price": 50869.33, "direction": "buy", "amount": 0.2}, {"trade_seq": 6695, "trade_id": "196237030", "timestamp": 1640283007158, "tick_direction": 1, "price": 0.002, "mark_price": 0.00181289, "iv": 91.13, "instrument_name": "BTC-31DEC21-64000-C", "index_price": 50298.17, "direction": "buy", "amount": 5.0}, {"trade_seq": 6694, "trade_id": "196233828", "timestamp": 1640282446049, "tick_direction": 1, "price": 0.002, "mark_price": 0.00176868, "iv": 91.62, "instrument_name": "BTC-31DEC21-64000-C", "index_price": 50170.48, "direction": "buy", "amount": 2.1}, {"trade_seq": 6693, "trade_id": "196233131", "timestamp": 1640282247381, "tick_direction": 1, "price": 0.002, "mark_price": 0.00168938, "iv": 92.05, "instrument_name": "BTC-31DEC21-64000-C", "index_price": 50108.26, "direction": "buy", "amount": 2.9}, {"trade_seq": 6692, "trade_id": "196233130", "timestamp": 1640282247381, "tick_direction": 0, "price": 0.002, "mark_price": 0.00168938, "iv": 92.05, "instrument_name": "BTC-31DEC21-64000-C", "index_price": 50108.26, "direction": "buy", "amount": 2.1}, {"trade_seq": 6691, "trade_id": "196224559", "timestamp": 1640281170737, "tick_direction": 1, "price": 0.0015, "mark_price": 0.00128025, "iv": 91.36, "instrument_name": "BTC-31DEC21-64000-C", "index_price": 49477.9, "direction": "buy", "amount": 3.3}, {"trade_seq": 6690, "trade_id": "196224360", "timestamp": 1640281115482, "tick_direction": 1, "price": 0.0015, "mark_price": 0.00127454, "iv": 91.5, "instrument_name": "BTC-31DEC21-64000-C", "index_price": 49444.69, "direction": "buy", "amount": 3.4}, {"trade_seq": 6689, "trade_id": "196224357", "timestamp": 1640281110170, "tick_direction": 0, "price": 0.0015, "mark_price": 0.00127043, "iv": 91.52, "instrument_name": "BTC-31DEC21-64000-C", "index_price": 49438.4, "direction": "buy", "amount": 5.0}, {"trade_seq": 6688, "trade_id": "196209681", "timestamp": 1640271157752, "tick_direction": 2, "price": 0.0005, "mark_price": 0.00093294, "iv": 81.94, "instrument_name": "BTC-31DEC21-64000-C", "index_price": 48561.49, "direction": "sell", "amount": 0.2}, {"trade_seq": 6687, "trade_id": "196208099", "timestamp": 1640269618821, "tick_direction": 3, "price": 0.001, "mark_price": 0.00105446, "iv": 90.11, "instrument_name": "BTC-31DEC21-64000-C", "index_price": 48548.97, "direction": "sell", "amount": 2.0}, {"trade_seq": 6686, "trade_id": "196207173", "timestamp": 1640268315288, "tick_direction": 3, "price": 0.001, "mark_price": 0.00122778, "iv": 89.41, "instrument_name": "BTC-31DEC21-64000-C", "index_price": 48639.91, "direction": "sell", "amount": 3.0}, {"trade_seq": 6685, "trade_id": "196207172", "timestamp": 1640268315288, "tick_direction": 3, "price": 0.001, "mark_price": 0.00122778, "iv": 89.41, "instrument_name": "BTC-31DEC21-64000-C", "index_price": 48639.91, "direction": "sell", "amount": 1.0}, {"trade_seq": 6684, "trade_id": "196207171", "timestamp": 1640268315288, "tick_direction": 3, "price": 0.001, "mark_price": 0.00122778, "iv": 89.41, "instrument_name": "BTC-31DEC21-64000-C", "index_price": 48639.91, "direction": "sell", "amount": 1.0}, {"trade_seq": 6683, "trade_id": "196196849", "timestamp": 1640259071936, "tick_direction": 3, "price": 0.001, "mark_price": 0.00120456, "iv": 90.58, "instrument_name": "BTC-31DEC21-64000-C", "index_price": 48326.7, "direction": "sell", "amount": 15.0}, {"trade_seq": 6682, "trade_id": "196196848", "timestamp": 1640259071936, "tick_direction": 3, "price": 0.001, "mark_price": 0.00120456, "iv": 90.58, "instrument_name": "BTC-31DEC21-64000-C", "index_price": 48326.7, "direction": "sell", "amount": 0.5}, {"trade_seq": 6681, "trade_id": "196196847", "timestamp": 1640259071936, "tick_direction": 3, "price": 0.001, "mark_price": 0.00120456, "iv": 90.58, "instrument_name": "BTC-31DEC21-64000-C", "index_price": 48326.7, "direction": "sell", "amount": 19.2}, {"trade_seq": 6680, "trade_id": "196190075", "timestamp": 1640249506661, "tick_direction": 3, "price": 0.001, "mark_price": 0.00124254, "iv": 89.92, "instrument_name": "BTC-31DEC21-64000-C", "index_price": 48316.57, "direction": "sell", "amount": 1.0}, {"trade_seq": 6679, "trade_id": "196190018", "timestamp": 1640249281866, "tick_direction": 2, "price": 0.001, "mark_price": 0.00124113, "iv": 89.98, "instrument_name": "BTC-31DEC21-64000-C", "index_price": 48319.57, "direction": "sell", "amount": 1.0}, {"trade_seq": 6678, "trade_id": "196188964", "timestamp": 1640248348229, "tick_direction": 1, "price": 0.0015, "mark_price": 0.00125583, "iv": 95.81, "instrument_name": "BTC-31DEC21-64000-C", "index_price": 48302.25, "direction": "buy", "amount": 14.5}, {"trade_seq": 6677, "trade_id": "196188963", "timestamp": 1640248348229, "tick_direction": 1, "price": 0.0015, "mark_price": 0.00125583, "iv": 95.81, "instrument_name": "BTC-31DEC21-64000-C", "index_price": 48302.25, "direction": "buy", "amount": 0.1}, {"trade_seq": 6676, "trade_id": "196188962", "timestamp": 1640248348229, "tick_direction": 1, "price": 0.0015, "mark_price": 0.00125583, "iv": 95.81, "instrument_name": "BTC-31DEC21-64000-C", "index_price": 48302.25, "direction": "buy", "amount": 0.3}, {"trade_seq": 6675, "trade_id": "196188961", "timestamp": 1640248348229, "tick_direction": 0, "price": 0.0015, "mark_price": 0.00125583, "iv": 95.81, "instrument_name": "BTC-31DEC21-64000-C", "index_price": 48302.25, "direction": "buy", "amount": 0.1}, {"trade_seq": 6674, "trade_id": "196148995", "timestamp": 1640198643341, "tick_direction": 2, "price": 0.001, "mark_price": 0.00138202, "iv": 85.34, "instrument_name": "BTC-31DEC21-64000-C", "index_price": 48616.19, "direction": "sell", "amount": 0.8}, {"trade_seq": 6673, "trade_id": "196135782", "timestamp": 1640185067166, "tick_direction": 2, "price": 0.0015, "mark_price": 0.00121412, "iv": 88.81, "instrument_name": "BTC-31DEC21-64000-C", "index_price": 48813.98, "direction": "buy", "amount": 1.0}, {"trade_seq": 6672, "trade_id": "196044320", "timestamp": 1640091227426, "tick_direction": 1, "price": 0.0025, "mark_price": 0.00264397, "iv": 91.2, "instrument_name": "BTC-31DEC21-64000-C", "index_price": 48855.68, "direction": "sell", "amount": 2.5}, {"trade_seq": 6671, "trade_id": "196044310", "timestamp": 1640091221573, "tick_direction": 1, "price": 0.0025, "mark_price": 0.00264396, "iv": 91.17, "instrument_name": "BTC-31DEC21-64000-C", "index_price": 48860.77, "direction": "sell", "amount": 5.0}, {"trade_seq": 6670, "trade_id": "196043360", "timestamp": 1640091037287, "tick_direction": 1, "price": 0.0025, "mark_price": 0.00263965, "iv": 90.86, "instrument_name": "BTC-31DEC21-64000-C", "index_price": 48910.03, "direction": "sell", "amount": 0.5}, {"trade_seq": 6669, "trade_id": "196038514", "timestamp": 1640089435158, "tick_direction": 1, "price": 0.0025, "mark_price": 0.00262162, "iv": 89.86, "instrument_name": "BTC-31DEC21-64000-C", "index_price": 49092.71, "direction": "sell", "amount": 1.0}, {"trade_seq": 6668, "trade_id": "196036376", "timestamp": 1640089148530, "tick_direction": 0, "price": 0.0025, "mark_price": 0.00227846, "iv": 90.41, "instrument_name": "BTC-31DEC21-64000-C", "index_price": 48989.2, "direction": "buy", "amount": 1.0}, {"trade_seq": 6667, "trade_id": "196036372", "timestamp": 1640089146938, "tick_direction": 3, "price": 0.002, "mark_price": 0.00227862, "iv": 86.89, "instrument_name": "BTC-31DEC21-64000-C", "index_price": 48991.3, "direction": "sell", "amount": 1.2}, {"trade_seq": 6666, "trade_id": "196036371", "timestamp": 1640089146938, "tick_direction": 2, "price": 0.002, "mark_price": 0.00227862, "iv": 86.89, "instrument_name": "BTC-31DEC21-64000-C", "index_price": 48991.3, "direction": "sell", "amount": 0.3}, {"trade_seq": 6665, "trade_id": "196018593", "timestamp": 1640075575016, "tick_direction": 1, "price": 0.0025, "mark_price": 0.00224138, "iv": 90.07, "instrument_name": "BTC-31DEC21-64000-C", "index_price": 48865.79, "direction": "buy", "amount": 0.4}, {"trade_seq": 6664, "trade_id": "196017623", "timestamp": 1640075093306, "tick_direction": 1, "price": 0.0025, "mark_price": 0.00229084, "iv": 90.11, "instrument_name": "BTC-31DEC21-64000-C", "index_price": 48857.28, "direction": "buy", "amount": 1.2}, {"trade_seq": 6663, "trade_id": "196017423", "timestamp": 1640075012222, "tick_direction": 1, "price": 0.0025, "mark_price": 0.00232044, "iv": 89.95, "instrument_name": "BTC-31DEC21-64000-C", "index_price": 48889.55, "direction": "buy", "amount": 1.8}, {"trade_seq": 6662, "trade_id": "196017365", "timestamp": 1640075009557, "tick_direction": 1, "price": 0.0025, "mark_price": 0.00231376, "iv": 90.08, "instrument_name": "BTC-31DEC21-64000-C", "index_price": 48867.11, "direction": "buy", "amount": 1.2}, {"trade_seq": 6661, "trade_id": "196017330", "timestamp": 1640074996918, "tick_direction": 1, "price": 0.0025, "mark_price": 0.00230698, "iv": 90.17, "instrument_name": "BTC-31DEC21-64000-C", "index_price": 48855.26, "direction": "buy", "amount": 1.2}, {"trade_seq": 6660, "trade_id": "196017285", "timestamp": 1640074975216, "tick_direction": 1, "price": 0.0025, "mark_price": 0.00232121, "iv": 90.1, "instrument_name": "BTC-31DEC21-64000-C", "index_price": 48852.74, "direction": "buy", "amount": 1.4}, {"trade_seq": 6659, "trade_id": "196017241", "timestamp": 1640074963410, "tick_direction": 1, "price": 0.0025, "mark_price": 0.00230003, "iv": 90.19, "instrument_name": "BTC-31DEC21-64000-C", "index_price": 48850.78, "direction": "buy", "amount": 1.2}, {"trade_seq": 6658, "trade_id": "196017216", "timestamp": 1640074961568, "tick_direction": 1, "price": 0.0025, "mark_price": 0.00228508, "iv": 90.38, "instrument_name": "BTC-31DEC21-64000-C", "index_price": 48819.02, "direction": "buy", "amount": 1.4}, {"trade_seq": 6657, "trade_id": "196017098", "timestamp": 1640074957828, "tick_direction": 1, "price": 0.0025, "mark_price": 0.00226236, "iv": 90.56, "instrument_name": "BTC-31DEC21-64000-C", "index_price": 48772.1, "direction": "buy", "amount": 0.2}, {"trade_seq": 6656, "trade_id": "196017097", "timestamp": 1640074957828, "tick_direction": 0, "price": 0.0025, "mark_price": 0.00226236, "iv": 90.56, "instrument_name": "BTC-31DEC21-64000-C", "index_price": 48772.1, "direction": "buy", "amount": 1.0}, {"trade_seq": 6655, "trade_id": "196004715", "timestamp": 1640070873078, "tick_direction": 0, "price": 0.002, "mark_price": 0.00224879, "iv": 88.28, "instrument_name": "BTC-31DEC21-64000-C", "index_price": 48509.67, "direction": "sell", "amount": 0.5}, {"trade_seq": 6654, "trade_id": "195965476", "timestamp": 1640056506967, "tick_direction": 3, "price": 0.0015, "mark_price": 0.00132624, "iv": 90.86, "instrument_name": "BTC-31DEC21-64000-C", "index_price": 47096.01, "direction": "buy", "amount": 0.4}, {"trade_seq": 6653, "trade_id": "195917300", "timestamp": 1640019632291, "tick_direction": 3, "price": 0.0015, "mark_price": 0.00169269, "iv": 92.89, "instrument_name": "BTC-31DEC21-64000-C", "index_price": 46360.27, "direction": "sell", "amount": 1.0}, {"trade_seq": 6652, "trade_id": "195910095", "timestamp": 1640014282842, "tick_direction": 3, "price": 0.0015, "mark_price": 0.00166875, "iv": 93.66, "instrument_name": "BTC-31DEC21-64000-C", "index_price": 46158.1, "direction": "sell", "amount": 2.7}, {"trade_seq": 6651, "trade_id": "195893341", "timestamp": 1640009222432, "tick_direction": 3, "price": 0.0015, "mark_price": 0.00124215, "iv": 95.32, "instrument_name": "BTC-31DEC21-64000-C", "index_price": 45785.04, "direction": "buy", "amount": 1.0}, {"trade_seq": 6650, "trade_id": "195873942", "timestamp": 1639994036127, "tick_direction": 3, "price": 0.0015, "mark_price": 0.00174931, "iv": 93.49, "instrument_name": "BTC-31DEC21-64000-C", "index_price": 45996.26, "direction": "sell", "amount": 3.1}, {"trade_seq": 6649, "trade_id": "195873941", "timestamp": 1639994036127, "tick_direction": 2, "price": 0.0015, "mark_price": 0.00174931, "iv": 93.49, "instrument_name": "BTC-31DEC21-64000-C", "index_price": 45996.26, "direction": "sell", "amount": 1.0}, {"trade_seq": 6648, "trade_id": "195815443", "timestamp": 1639955936587, "tick_direction": 3, "price": 0.002, "mark_price": 0.00219915, "iv": 90.37, "instrument_name": "BTC-31DEC21-64000-C", "index_price": 47069.35, "direction": "sell", "amount": 0.5}, {"trade_seq": 6647, "trade_id": "195815442", "timestamp": 1639955936587, "tick_direction": 2, "price": 0.002, "mark_price": 0.00219915, "iv": 90.37, "instrument_name": "BTC-31DEC21-64000-C", "index_price": 47069.35, "direction": "sell", "amount": 0.5}, {"trade_seq": 6646, "trade_id": "195809963", "timestamp": 1639954317640, "tick_direction": 1, "price": 0.0025, "mark_price": 0.00202598, "iv": 93.11, "instrument_name": "BTC-31DEC21-64000-C", "index_price": 47214.56, "direction": "buy", "amount": 0.5}, {"trade_seq": 6645, "trade_id": "195809960", "timestamp": 1639954290150, "tick_direction": 0, "price": 0.0025, "mark_price": 0.00200109, "iv": 93.11, "instrument_name": "BTC-31DEC21-64000-C", "index_price": 47215.76, "direction": "buy", "amount": 0.5}, {"trade_seq": 6644, "trade_id": "195788133", "timestamp": 1639929506156, "tick_direction": 3, "price": 0.0015, "mark_price": 0.00194634, "iv": 84.61, "instrument_name": "BTC-31DEC21-64000-C", "index_price": 47199.17, "direction": "sell", "amount": 1.1}, {"trade_seq": 6643, "trade_id": "195788132", "timestamp": 1639929506156, "tick_direction": 2, "price": 0.0015, "mark_price": 0.00194634, "iv": 84.61, "instrument_name": "BTC-31DEC21-64000-C", "index_price": 47199.17, "direction": "sell", "amount": 0.1}, {"trade_seq": 6642, "trade_id": "195764074", "timestamp": 1639918344487, "tick_direction": 3, "price": 0.002, "mark_price": 0.00177343, "iv": 88.08, "instrument_name": "BTC-31DEC21-64000-C", "index_price": 47206.57, "direction": "buy", "amount": 1.2}, {"trade_seq": 6641, "trade_id": "195764071", "timestamp": 1639918342703, "tick_direction": 3, "price": 0.002, "mark_price": 0.00177269, "iv": 88.09, "instrument_name": "BTC-31DEC21-64000-C", "index_price": 47202.14, "direction": "buy", "amount": 2.4}, {"trade_seq": 6640, "trade_id": "195764029", "timestamp": 1639918289897, "tick_direction": 2, "price": 0.002, "mark_price": 0.00179421, "iv": 88.0, "instrument_name": "BTC-31DEC21-64000-C", "index_price": 47225.18, "direction": "buy", "amount": 1.4}, {"trade_seq": 6639, "trade_id": "195683722", "timestamp": 1639839613250, "tick_direction": 1, "price": 0.0025, "mark_price": 0.00201181, "iv": 89.01, "instrument_name": "BTC-31DEC21-64000-C", "index_price": 47029.9, "direction": "buy", "amount": 14.5}, {"trade_seq": 6638, "trade_id": "195683708", "timestamp": 1639839591357, "tick_direction": 1, "price": 0.0025, "mark_price": 0.00198776, "iv": 89.03, "instrument_name": "BTC-31DEC21-64000-C", "index_price": 47028.17, "direction": "buy", "amount": 0.3}, {"trade_seq": 6637, "trade_id": "195683707", "timestamp": 1639839591357, "tick_direction": 1, "price": 0.0025, "mark_price": 0.00198776, "iv": 89.03, "instrument_name": "BTC-31DEC21-64000-C", "index_price": 47028.17, "direction": "buy", "amount": 6.5}, {"trade_seq": 6636, "trade_id": "195683697", "timestamp": 1639839582817, "tick_direction": 1, "price": 0.0025, "mark_price": 0.00197389, "iv": 89.05, "instrument_name": "BTC-31DEC21-64000-C", "index_price": 47026.15, "direction": "sell", "amount": 0.1}, {"trade_seq": 6635, "trade_id": "195683696", "timestamp": 1639839582815, "tick_direction": 1, "price": 0.0025, "mark_price": 0.00197389, "iv": 89.05, "instrument_name": "BTC-31DEC21-64000-C", "index_price": 47026.15, "direction": "sell", "amount": 12.5}, {"trade_seq": 6634, "trade_id": "195683695", "timestamp": 1639839582804, "tick_direction": 1, "price": 0.0025, "mark_price": 0.00197389, "iv": 89.05, "instrument_name": "BTC-31DEC21-64000-C", "index_price": 47026.15, "direction": "sell", "amount": 22.1}, {"trade_seq": 6633, "trade_id": "195683694", "timestamp": 1639839582800, "tick_direction": 1, "price": 0.0025, "mark_price": 0.00197389, "iv": 89.05, "instrument_name": "BTC-31DEC21-64000-C", "index_price": 47026.15, "direction": "sell", "amount": 5.0}, {"trade_seq": 6632, "trade_id": "195683693", "timestamp": 1639839582796, "tick_direction": 1, "price": 0.0025, "mark_price": 0.00197389, "iv": 89.05, "instrument_name": "BTC-31DEC21-64000-C", "index_price": 47026.15, "direction": "buy", "amount": 15.0}, {"trade_seq": 6631, "trade_id": "195683692", "timestamp": 1639839582796, "tick_direction": 1, "price": 0.0025, "mark_price": 0.00197389, "iv": 89.05, "instrument_name": "BTC-31DEC21-64000-C", "index_price": 47026.15, "direction": "buy", "amount": 30.0}, {"trade_seq": 6630, "trade_id": "195683691", "timestamp": 1639839582796, "tick_direction": 1, "price": 0.0025, "mark_price": 0.00197389, "iv": 89.05, "instrument_name": "BTC-31DEC21-64000-C", "index_price": 47026.15, "direction": "buy", "amount": 15.0}, {"trade_seq": 6629, "trade_id": "195683690", "timestamp": 1639839582796, "tick_direction": 0, "price": 0.0025, "mark_price": 0.00197389, "iv": 89.05, "instrument_name": "BTC-31DEC21-64000-C", "index_price": 47026.15, "direction": "buy", "amount": 0.3}, {"trade_seq": 6628, "trade_id": "195675018", "timestamp": 1639831912795, "tick_direction": 3, "price": 0.002, "mark_price": 0.00198517, "iv": 85.25, "instrument_name": "BTC-31DEC21-64000-C", "index_price": 47053.87, "direction": "buy", "amount": 2.3}, {"trade_seq": 6627, "trade_id": "195675017", "timestamp": 1639831912790, "tick_direction": 3, "price": 0.002, "mark_price": 0.00198517, "iv": 85.25, "instrument_name": "BTC-31DEC21-64000-C", "index_price": 47053.87, "direction": "buy", "amount": 2.7}, {"trade_seq": 6626, "trade_id": "195581581", "timestamp": 1639775176620, "tick_direction": 2, "price": 0.002, "mark_price": 0.00206221, "iv": 86.99, "instrument_name": "BTC-31DEC21-64000-C", "index_price": 46246.85, "direction": "sell", "amount": 0.1}, {"trade_seq": 6625, "trade_id": "195567099", "timestamp": 1639767732009, "tick_direction": 3, "price": 0.0025, "mark_price": 0.00252463, "iv": 86.67, "instrument_name": "BTC-31DEC21-64000-C", "index_price": 46942.24, "direction": "sell", "amount": 1.0}, {"trade_seq": 6624, "trade_id": "195492435", "timestamp": 1639750920404, "tick_direction": 3, "price": 0.0025, "mark_price": 0.00267687, "iv": 87.63, "instrument_name": "BTC-31DEC21-64000-C", "index_price": 46629.11, "direction": "sell", "amount": 0.5}, {"trade_seq": 6623, "trade_id": "195490565", "timestamp": 1639750231779, "tick_direction": 3, "price": 0.0025, "mark_price": 0.00269229, "iv": 87.2, "instrument_name": "BTC-31DEC21-64000-C", "index_price": 46721.2, "direction": "sell", "amount": 0.5}, {"trade_seq": 6622, "trade_id": "195489840", "timestamp": 1639749987724, "tick_direction": 3, "price": 0.0025, "mark_price": 0.00264028, "iv": 87.13, "instrument_name": "BTC-31DEC21-64000-C", "index_price": 46723.66, "direction": "sell", "amount": 0.5}, {"trade_seq": 6621, "trade_id": "195489142", "timestamp": 1639749895822, "tick_direction": 3, "price": 0.0025, "mark_price": 0.00263251, "iv": 87.02, "instrument_name": "BTC-31DEC21-64000-C", "index_price": 46758.21, "direction": "sell", "amount": 0.5}, {"trade_seq": 6620, "trade_id": "195482948", "timestamp": 1639745734996, "tick_direction": 3, "price": 0.0025, "mark_price": 0.00293307, "iv": 85.5, "instrument_name": "BTC-31DEC21-64000-C", "index_price": 47041.93, "direction": "sell", "amount": 0.1}, {"trade_seq": 6619, "trade_id": "195480256", "timestamp": 1639742377415, "tick_direction": 3, "price": 0.0025, "mark_price": 0.00290986, "iv": 84.93, "instrument_name": "BTC-31DEC21-64000-C", "index_price": 47116.24, "direction": "sell", "amount": 0.5}, {"trade_seq": 6618, "trade_id": "195474695", "timestamp": 1639737171353, "tick_direction": 2, "price": 0.0025, "mark_price": 0.00281746, "iv": 85.54, "instrument_name": "BTC-31DEC21-64000-C", "index_price": 46956.7, "direction": "sell", "amount": 0.2}, {"trade_seq": 6617, "trade_id": "195470553", "timestamp": 1639733394152, "tick_direction": 1, "price": 0.0035, "mark_price": 0.0029916, "iv": 89.53, "instrument_name": "BTC-31DEC21-64000-C", "index_price": 47224.96, "direction": "buy", "amount": 2.7}, {"trade_seq": 6616, "trade_id": "195470552", "timestamp": 1639733394152, "tick_direction": 1, "price": 0.0035, "mark_price": 0.0029916, "iv": 89.53, "instrument_name": "BTC-31DEC21-64000-C", "index_price": 47224.96, "direction": "buy", "amount": 7.4}, {"trade_seq": 6615, "trade_id": "195470551", "timestamp": 1639733394152, "tick_direction": 1, "price": 0.0035, "mark_price": 0.0029916, "iv": 89.53, "instrument_name": "BTC-31DEC21-64000-C", "index_price": 47224.96, "direction": "buy", "amount": 5.0}, {"trade_seq": 6614, "trade_id": "195470550", "timestamp": 1639733394152, "tick_direction": 1, "price": 0.0035, "mark_price": 0.0029916, "iv": 89.53, "instrument_name": "BTC-31DEC21-64000-C", "index_price": 47224.96, "direction": "buy", "amount": 30.0}, {"trade_seq": 6613, "trade_id": "195470549", "timestamp": 1639733394152, "tick_direction": 1, "price": 0.0035, "mark_price": 0.0029916, "iv": 89.53, "instrument_name": "BTC-31DEC21-64000-C", "index_price": 47224.96, "direction": "buy", "amount": 2.1}, {"trade_seq": 6612, "trade_id": "195470548", "timestamp": 1639733394152, "tick_direction": 1, "price": 0.0035, "mark_price": 0.0029916, "iv": 89.53, "instrument_name": "BTC-31DEC21-64000-C", "index_price": 47224.96, "direction": "buy", "amount": 6.0}, {"trade_seq": 6611, "trade_id": "195470547", "timestamp": 1639733394152, "tick_direction": 1, "price": 0.0035, "mark_price": 0.0029916, "iv": 89.53, "instrument_name": "BTC-31DEC21-64000-C", "index_price": 47224.96, "direction": "buy", "amount": 25.0}, {"trade_seq": 6610, "trade_id": "195470546", "timestamp": 1639733394152, "tick_direction": 1, "price": 0.0035, "mark_price": 0.0029916, "iv": 89.53, "instrument_name": "BTC-31DEC21-64000-C", "index_price": 47224.96, "direction": "buy", "amount": 2.7}, {"trade_seq": 6609, "trade_id": "195470545", "timestamp": 1639733394152, "tick_direction": 1, "price": 0.0035, "mark_price": 0.0029916, "iv": 89.53, "instrument_name": "BTC-31DEC21-64000-C", "index_price": 47224.96, "direction": "buy", "amount": 13.8}, {"trade_seq": 6608, "trade_id": "195470544", "timestamp": 1639733394152, "tick_direction": 1, "price": 0.0035, "mark_price": 0.0029916, "iv": 89.53, "instrument_name": "BTC-31DEC21-64000-C", "index_price": 47224.96, "direction": "buy", "amount": 10.0}, {"trade_seq": 6607, "trade_id": "195470543", "timestamp": 1639733394152, "tick_direction": 0, "price": 0.0035, "mark_price": 0.0029916, "iv": 89.53, "instrument_name": "BTC-31DEC21-64000-C", "index_price": 47224.96, "direction": "buy", "amount": 0.3}, {"trade_seq": 6606, "trade_id": "195467458", "timestamp": 1639731051136, "tick_direction": 3, "price": 0.003, "mark_price": 0.0027408, "iv": 87.58, "instrument_name": "BTC-31DEC21-64000-C", "index_price": 47110.61, "direction": "buy", "amount": 2.0}, {"trade_seq": 6605, "trade_id": "195457445", "timestamp": 1639727229577, "tick_direction": 3, "price": 0.003, "mark_price": 0.00315363, "iv": 88.68, "instrument_name": "BTC-31DEC21-64000-C", "index_price": 46816.92, "direction": "sell", "amount": 0.2}, {"trade_seq": 6604, "trade_id": "195457444", "timestamp": 1639727229577, "tick_direction": 3, "price": 0.003, "mark_price": 0.00315363, "iv": 88.68, "instrument_name": "BTC-31DEC21-64000-C", "index_price": 46816.92, "direction": "sell", "amount": 0.3}, {"trade_seq": 6603, "trade_id": "195457216", "timestamp": 1639727213667, "tick_direction": 3, "price": 0.003, "mark_price": 0.00317068, "iv": 88.58, "instrument_name": "BTC-31DEC21-64000-C", "index_price": 46842.41, "direction": "sell", "amount": 1.2}, {"trade_seq": 6602, "trade_id": "195454494", "timestamp": 1639726748304, "tick_direction": 3, "price": 0.003, "mark_price": 0.00321266, "iv": 88.09, "instrument_name": "BTC-31DEC21-64000-C", "index_price": 46940.08, "direction": "sell", "amount": 1.2}, {"trade_seq": 6601, "trade_id": "195454453", "timestamp": 1639726733590, "tick_direction": 3, "price": 0.003, "mark_price": 0.00321953, "iv": 88.05, "instrument_name": "BTC-31DEC21-64000-C", "index_price": 46953.93, "direction": "sell", "amount": 1.2}, {"trade_seq": 6600, "trade_id": "195454071", "timestamp": 1639726703096, "tick_direction": 3, "price": 0.003, "mark_price": 0.0032061, "iv": 88.09, "instrument_name": "BTC-31DEC21-64000-C", "index_price": 46949.41, "direction": "sell", "amount": 1.2}, {"trade_seq": 6599, "trade_id": "195454062", "timestamp": 1639726693019, "tick_direction": 3, "price": 0.003, "mark_price": 0.003206, "iv": 88.09, "instrument_name": "BTC-31DEC21-64000-C", "index_price": 46950.07, "direction": "sell", "amount": 1.2}, {"trade_seq": 6598, "trade_id": "195453962", "timestamp": 1639726675560, "tick_direction": 3, "price": 0.003, "mark_price": 0.00320237, "iv": 88.16, "instrument_name": "BTC-31DEC21-64000-C", "index_price": 46937.08, "direction": "sell", "amount": 1.2}, {"trade_seq": 6597, "trade_id": "195453864", "timestamp": 1639726668036, "tick_direction": 3, "price": 0.003, "mark_price": 0.00321971, "iv": 87.99, "instrument_name": "BTC-31DEC21-64000-C", "index_price": 46968.45, "direction": "sell", "amount": 1.2}, {"trade_seq": 6596, "trade_id": "195453811", "timestamp": 1639726666966, "tick_direction": 3, "price": 0.003, "mark_price": 0.00321929, "iv": 87.99, "instrument_name": "BTC-31DEC21-64000-C", "index_price": 46974.04, "direction": "sell", "amount": 1.2}, {"trade_seq": 6595, "trade_id": "195453752", "timestamp": 1639726648551, "tick_direction": 3, "price": 0.003, "mark_price": 0.00323914, "iv": 87.92, "instrument_name": "BTC-31DEC21-64000-C", "index_price": 46988.79, "direction": "sell", "amount": 1.2}, {"trade_seq": 6594, "trade_id": "195451605", "timestamp": 1639726297868, "tick_direction": 3, "price": 0.003, "mark_price": 0.00317535, "iv": 88.2, "instrument_name": "BTC-31DEC21-64000-C", "index_price": 46935.84, "direction": "sell", "amount": 1.2}, {"trade_seq": 6593, "trade_id": "195451512", "timestamp": 1639726273109, "tick_direction": 2, "price": 0.003, "mark_price": 0.00316492, "iv": 88.23, "instrument_name": "BTC-31DEC21-64000-C", "index_price": 46929.65, "direction": "sell", "amount": 1.2}, {"trade_seq": 6592, "trade_id": "195439583", "timestamp": 1639720196993, "tick_direction": 2, "price": 0.0035, "mark_price": 0.00369677, "iv": 87.03, "instrument_name": "BTC-31DEC21-64000-C", "index_price": 47637.16, "direction": "sell", "amount": 1.0}, {"trade_seq": 6591, "trade_id": "195407713", "timestamp": 1639687654000, "tick_direction": 2, "price": 0.0045, "mark_price": 0.00464851, "iv": 87.82, "instrument_name": "BTC-31DEC21-64000-C", "index_price": 48094.65, "direction": "sell", "amount": 0.1}, {"trade_seq": 6590, "trade_id": "195352866", "timestamp": 1639657395965, "tick_direction": 0, "price": 0.0055, "mark_price": 0.00539534, "iv": 85.22, "instrument_name": "BTC-31DEC21-64000-C", "index_price": 49166.11, "direction": "buy", "amount": 0.1}, {"trade_seq": 6589, "trade_id": "195346322", "timestamp": 1639652964609, "tick_direction": 3, "price": 0.005, "mark_price": 0.00506944, "iv": 84.04, "instrument_name": "BTC-31DEC21-64000-C", "index_price": 49005.41, "direction": "sell", "amount": 0.2}, {"trade_seq": 6588, "trade_id": "195345541", "timestamp": 1639652568146, "tick_direction": 3, "price": 0.005, "mark_price": 0.00524141, "iv": 83.35, "instrument_name": "BTC-31DEC21-64000-C", "index_price": 49150.55, "direction": "sell", "amount": 0.1}, {"trade_seq": 6587, "trade_id": "195338325", "timestamp": 1639643123232, "tick_direction": 2, "price": 0.005, "mark_price": 0.00504456, "iv": 85.08, "instrument_name": "BTC-31DEC21-64000-C", "index_price": 48730.75, "direction": "buy", "amount": 0.5}, {"trade_seq": 6586, "trade_id": "195307079", "timestamp": 1639611203216, "tick_direction": 2, "price": 0.0065, "mark_price": 0.00675588, "iv": 88.53, "instrument_name": "BTC-31DEC21-64000-C", "index_price": 48849.34, "direction": "sell", "amount": 0.1}, {"trade_seq": 6585, "trade_id": "195305907", "timestamp": 1639609807064, "tick_direction": 3, "price": 0.007, "mark_price": 0.00693635, "iv": 89.8, "instrument_name": "BTC-31DEC21-64000-C", "index_price": 48890.16, "direction": "sell", "amount": 0.4}, {"trade_seq": 6584, "trade_id": "195305892", "timestamp": 1639609768256, "tick_direction": 2, "price": 0.007, "mark_price": 0.00690251, "iv": 89.75, "instrument_name": "BTC-31DEC21-64000-C", "index_price": 48903.51, "direction": "sell", "amount": 1.6}, {"trade_seq": 6583, "trade_id": "195295404", "timestamp": 1639602166013, "tick_direction": 1, "price": 0.0075, "mark_price": 0.0077065, "iv": 88.58, "instrument_name": "BTC-31DEC21-64000-C", "index_price": 49340.24, "direction": "buy", "amount": 0.3}, {"trade_seq": 6582, "trade_id": "195295273", "timestamp": 1639602078772, "tick_direction": 1, "price": 0.0075, "mark_price": 0.00769695, "iv": 88.63, "instrument_name": "BTC-31DEC21-64000-C", "index_price": 49328.66, "direction": "sell", "amount": 2.0}, {"trade_seq": 6581, "trade_id": "195295235", "timestamp": 1639602034015, "tick_direction": 1, "price": 0.0075, "mark_price": 0.00768162, "iv": 88.65, "instrument_name": "BTC-31DEC21-64000-C", "index_price": 49320.76, "direction": "sell", "amount": 0.5}, {"trade_seq": 6580, "trade_id": "195295234", "timestamp": 1639602034015, "tick_direction": 1, "price": 0.0075, "mark_price": 0.00768162, "iv": 88.65, "instrument_name": "BTC-31DEC21-64000-C", "index_price": 49320.76, "direction": "sell", "amount": 2.2}, {"trade_seq": 6579, "trade_id": "195295233", "timestamp": 1639602034015, "tick_direction": 1, "price": 0.0075, "mark_price": 0.00768162, "iv": 88.65, "instrument_name": "BTC-31DEC21-64000-C", "index_price": 49320.76, "direction": "sell", "amount": 0.3}, {"trade_seq": 6578, "trade_id": "195294982", "timestamp": 1639601964688, "tick_direction": 0, "price": 0.0075, "mark_price": 0.00761955, "iv": 88.88, "instrument_name": "BTC-31DEC21-64000-C", "index_price": 49257.86, "direction": "sell", "amount": 3.0}, {"trade_seq": 6577, "trade_id": "195275144", "timestamp": 1639597590918, "tick_direction": 2, "price": 0.0065, "mark_price": 0.00638325, "iv": 89.22, "instrument_name": "BTC-31DEC21-64000-C", "index_price": 48626.6, "direction": "buy", "amount": 0.1}, {"trade_seq": 6576, "trade_id": "195255031", "timestamp": 1639595634214, "tick_direction": 1, "price": 0.0075, "mark_price": 0.00735831, "iv": 89.73, "instrument_name": "BTC-31DEC21-64000-C", "index_price": 49116.78, "direction": "sell", "amount": 0.3}, {"trade_seq": 6575, "trade_id": "195249653", "timestamp": 1639595374920, "tick_direction": 0, "price": 0.0075, "mark_price": 0.007414, "iv": 89.4, "instrument_name": "BTC-31DEC21-64000-C", "index_price": 49168.91, "direction": "buy", "amount": 0.1}, {"trade_seq": 6574, "trade_id": "195244726", "timestamp": 1639595187575, "tick_direction": 0, "price": 0.007, "mark_price": 0.00719979, "iv": 89.1, "instrument_name": "BTC-31DEC21-64000-C", "index_price": 48975.25, "direction": "buy", "amount": 0.1}, {"trade_seq": 6573, "trade_id": "195240607", "timestamp": 1639595024097, "tick_direction": 0, "price": 0.006, "mark_price": 0.00669107, "iv": 88.32, "instrument_name": "BTC-31DEC21-64000-C", "index_price": 48477.33, "direction": "buy", "amount": 0.3}, {"trade_seq": 6572, "trade_id": "195223754", "timestamp": 1639593068716, "tick_direction": 0, "price": 0.0055, "mark_price": 0.00505836, "iv": 92.11, "instrument_name": "BTC-31DEC21-64000-C", "index_price": 47369.01, "direction": "buy", "amount": 2.0}, {"trade_seq": 6571, "trade_id": "195185590", "timestamp": 1639578774386, "tick_direction": 2, "price": 0.005, "mark_price": 0.00493736, "iv": 89.28, "instrument_name": "BTC-31DEC21-64000-C", "index_price": 47466.71, "direction": "sell", "amount": 1.0}, {"trade_seq": 6570, "trade_id": "195151879", "timestamp": 1639555370145, "tick_direction": 3, "price": 0.0065, "mark_price": 0.00639606, "iv": 89.46, "instrument_name": "BTC-31DEC21-64000-C", "index_price": 48298.76, "direction": "buy", "amount": 0.5}, {"trade_seq": 6569, "trade_id": "195139261", "timestamp": 1639540882435, "tick_direction": 3, "price": 0.0065, "mark_price": 0.00647108, "iv": 88.72, "instrument_name": "BTC-31DEC21-64000-C", "index_price": 48354.07, "direction": "sell", "amount": 0.1}, {"trade_seq": 6568, "trade_id": "195139197", "timestamp": 1639540854214, "tick_direction": 3, "price": 0.0065, "mark_price": 0.00642578, "iv": 88.75, "instrument_name": "BTC-31DEC21-64000-C", "index_price": 48351.82, "direction": "buy", "amount": 0.1}, {"trade_seq": 6567, "trade_id": "195136127", "timestamp": 1639536557595, "tick_direction": 3, "price": 0.0065, "mark_price": 0.00672087, "iv": 90.81, "instrument_name": "BTC-31DEC21-64000-C", "index_price": 47914.16, "direction": "sell", "amount": 5.8}, {"trade_seq": 6566, "trade_id": "195136123", "timestamp": 1639536545619, "tick_direction": 3, "price": 0.0065, "mark_price": 0.00672106, "iv": 90.8, "instrument_name": "BTC-31DEC21-64000-C", "index_price": 47915.2, "direction": "sell", "amount": 1.2}, {"trade_seq": 6565, "trade_id": "195135678", "timestamp": 1639534954664, "tick_direction": 2, "price": 0.0065, "mark_price": 0.00675953, "iv": 90.59, "instrument_name": "BTC-31DEC21-64000-C", "index_price": 47943.16, "direction": "sell", "amount": 3.0}, {"trade_seq": 6564, "trade_id": "195106733", "timestamp": 1639516125825, "tick_direction": 0, "price": 0.007, "mark_price": 0.00745361, "iv": 91.64, "instrument_name": "BTC-31DEC21-64000-C", "index_price": 47910.98, "direction": "sell", "amount": 1.0}, {"trade_seq": 6563, "trade_id": "195094628", "timestamp": 1639512026719, "tick_direction": 0, "price": 0.006, "mark_price": 0.00581166, "iv": 93.27, "instrument_name": "BTC-31DEC21-64000-C", "index_price": 46915.57, "direction": "buy", "amount": 0.2}, {"trade_seq": 6562, "trade_id": "195085327", "timestamp": 1639504338932, "tick_direction": 2, "price": 0.0055, "mark_price": 0.00555429, "iv": 92.87, "instrument_name": "BTC-31DEC21-64000-C", "index_price": 46595.87, "direction": "sell", "amount": 0.1}, {"trade_seq": 6561, "trade_id": "195066801", "timestamp": 1639493445799, "tick_direction": 0, "price": 0.006, "mark_price": 0.00581265, "iv": 91.32, "instrument_name": "BTC-31DEC21-64000-C", "index_price": 47221.55, "direction": "sell", "amount": 2.3}, {"trade_seq": 6560, "trade_id": "195050396", "timestamp": 1639482820424, "tick_direction": 0, "price": 0.0055, "mark_price": 0.00560706, "iv": 87.03, "instrument_name": "BTC-31DEC21-64000-C", "index_price": 47689.46, "direction": "buy", "amount": 1.0}, {"trade_seq": 6559, "trade_id": "195039384", "timestamp": 1639474541156, "tick_direction": 3, "price": 0.005, "mark_price": 0.00536378, "iv": 86.87, "instrument_name": "BTC-31DEC21-64000-C", "index_price": 47313.88, "direction": "sell", "amount": 2.5}, {"trade_seq": 6558, "trade_id": "195039370", "timestamp": 1639474410960, "tick_direction": 2, "price": 0.005, "mark_price": 0.0055081, "iv": 86.69, "instrument_name": "BTC-31DEC21-64000-C", "index_price": 47356.62, "direction": "sell", "amount": 4.0}, {"trade_seq": 6557, "trade_id": "195034101", "timestamp": 1639471054335, "tick_direction": 3, "price": 0.0055, "mark_price": 0.00551474, "iv": 88.18, "instrument_name": "BTC-31DEC21-64000-C", "index_price": 47403.09, "direction": "buy", "amount": 0.5}, {"trade_seq": 6556, "trade_id": "195031110", "timestamp": 1639469563156, "tick_direction": 3, "price": 0.0055, "mark_price": 0.00587317, "iv": 89.73, "instrument_name": "BTC-31DEC21-64000-C", "index_price": 47071.11, "direction": "sell", "amount": 3.1}, {"trade_seq": 6555, "trade_id": "195031109", "timestamp": 1639469561601, "tick_direction": 3, "price": 0.0055, "mark_price": 0.00587422, "iv": 89.73, "instrument_name": "BTC-31DEC21-64000-C", "index_price": 47065.11, "direction": "sell", "amount": 2.7}, {"trade_seq": 6554, "trade_id": "195031108", "timestamp": 1639469561601, "tick_direction": 3, "price": 0.0055, "mark_price": 0.00587422, "iv": 89.73, "instrument_name": "BTC-31DEC21-64000-C", "index_price": 47065.11, "direction": "sell", "amount": 2.7}, {"trade_seq": 6553, "trade_id": "195017899", "timestamp": 1639464239984, "tick_direction": 3, "price": 0.0055, "mark_price": 0.00552309, "iv": 92.7, "instrument_name": "BTC-31DEC21-64000-C", "index_price": 46407.18, "direction": "sell", "amount": 1.4}, {"trade_seq": 6552, "trade_id": "195017848", "timestamp": 1639464238728, "tick_direction": 3, "price": 0.0055, "mark_price": 0.00555079, "iv": 92.7, "instrument_name": "BTC-31DEC21-64000-C", "index_price": 46416.28, "direction": "sell", "amount": 1.2}, {"trade_seq": 6551, "trade_id": "195017252", "timestamp": 1639463690902, "tick_direction": 3, "price": 0.0055, "mark_price": 0.00578461, "iv": 91.72, "instrument_name": "BTC-31DEC21-64000-C", "index_price": 46596.0, "direction": "sell", "amount": 0.1}, {"trade_seq": 6550, "trade_id": "195002240", "timestamp": 1639447051792, "tick_direction": 2, "price": 0.0055, "mark_price": 0.00618097, "iv": 89.37, "instrument_name": "BTC-31DEC21-64000-C", "index_price": 46984.3, "direction": "sell", "amount": 0.1}, {"trade_seq": 6549, "trade_id": "194989038", "timestamp": 1639439504063, "tick_direction": 1, "price": 0.006, "mark_price": 0.00567045, "iv": 92.49, "instrument_name": "BTC-31DEC21-64000-C", "index_price": 46662.65, "direction": "buy", "amount": 0.3}, {"trade_seq": 6548, "trade_id": "194964263", "timestamp": 1639426499921, "tick_direction": 0, "price": 0.006, "mark_price": 0.00605987, "iv": 90.71, "instrument_name": "BTC-31DEC21-64000-C", "index_price": 46935.9, "direction": "sell", "amount": 5.0}, {"trade_seq": 6547, "trade_id": "194915160", "timestamp": 1639422645838, "tick_direction": 2, "price": 0.0055, "mark_price": 0.00602053, "iv": 87.03, "instrument_name": "BTC-31DEC21-64000-C", "index_price": 47253.68, "direction": "sell", "amount": 0.1}, {"trade_seq": 6546, "trade_id": "194905347", "timestamp": 1639415784274, "tick_direction": 0, "price": 0.0065, "mark_price": 0.00629825, "iv": 88.24, "instrument_name": "BTC-31DEC21-64000-C", "index_price": 47637.0, "direction": "buy", "amount": 0.1}, {"trade_seq": 6545, "trade_id": "194898445", "timestamp": 1639415099654, "tick_direction": 2, "price": 0.006, "mark_price": 0.00596058, "iv": 88.76, "instrument_name": "BTC-31DEC21-64000-C", "index_price": 47246.18, "direction": "buy", "amount": 0.1}, {"trade_seq": 6544, "trade_id": "194884313", "timestamp": 1639412062605, "tick_direction": 2, "price": 0.0061, "mark_price": 0.00653497, "iv": 88.43, "instrument_name": "BTC-31DEC21-64000-C", "index_price": 47367.14, "direction": "sell", "block_trade_id": "27381", "amount": 46.0}, {"trade_seq": 6543, "trade_id": "194876824", "timestamp": 1639410885143, "tick_direction": 3, "price": 0.0065, "mark_price": 0.00639349, "iv": 90.43, "instrument_name": "BTC-31DEC21-64000-C", "index_price": 47204.28, "direction": "buy", "amount": 1.4}, {"trade_seq": 6542, "trade_id": "194876023", "timestamp": 1639410765407, "tick_direction": 2, "price": 0.0065, "mark_price": 0.00653038, "iv": 90.25, "instrument_name": "BTC-31DEC21-64000-C", "index_price": 47235.03, "direction": "sell", "amount": 0.6}, {"trade_seq": 6541, "trade_id": "194875895", "timestamp": 1639410726800, "tick_direction": 0, "price": 0.007, "mark_price": 0.0065018, "iv": 91.76, "instrument_name": "BTC-31DEC21-64000-C", "index_price": 47240.31, "direction": "buy", "amount": 2.0}, {"trade_seq": 6540, "trade_id": "194870640", "timestamp": 1639409298105, "tick_direction": 2, "price": 0.0065, "mark_price": 0.00655321, "iv": 89.57, "instrument_name": "BTC-31DEC21-64000-C", "index_price": 47384.5, "direction": "sell", "amount": 0.4}, {"trade_seq": 6539, "trade_id": "194860647", "timestamp": 1639406294743, "tick_direction": 3, "price": 0.007, "mark_price": 0.00719832, "iv": 88.73, "instrument_name": "BTC-31DEC21-64000-C", "index_price": 47837.01, "direction": "sell", "amount": 0.2}, {"trade_seq": 6538, "trade_id": "194859985", "timestamp": 1639406111003, "tick_direction": 3, "price": 0.007, "mark_price": 0.00701037, "iv": 89.26, "instrument_name": "BTC-31DEC21-64000-C", "index_price": 47727.57, "direction": "sell", "amount": 1.3}, {"trade_seq": 6537, "trade_id": "194856949", "timestamp": 1639405281389, "tick_direction": 2, "price": 0.007, "mark_price": 0.00716739, "iv": 88.18, "instrument_name": "BTC-31DEC21-64000-C", "index_price": 47953.06, "direction": "sell", "amount": 1.0}, {"trade_seq": 6536, "trade_id": "194848236", "timestamp": 1639400711685, "tick_direction": 3, "price": 0.008, "mark_price": 0.00854682, "iv": 87.71, "instrument_name": "BTC-31DEC21-64000-C", "index_price": 48623.56, "direction": "sell", "amount": 0.2}, {"trade_seq": 6535, "trade_id": "194848226", "timestamp": 1639400695886, "tick_direction": 3, "price": 0.008, "mark_price": 0.0085648, "iv": 87.66, "instrument_name": "BTC-31DEC21-64000-C", "index_price": 48628.87, "direction": "sell", "amount": 15.0}, {"trade_seq": 6534, "trade_id": "194848225", "timestamp": 1639400695886, "tick_direction": 3, "price": 0.008, "mark_price": 0.0085648, "iv": 87.66, "instrument_name": "BTC-31DEC21-64000-C", "index_price": 48628.87, "direction": "sell", "amount": 7.3}, {"trade_seq": 6533, "trade_id": "194848224", "timestamp": 1639400695886, "tick_direction": 3, "price": 0.008, "mark_price": 0.0085648, "iv": 87.66, "instrument_name": "BTC-31DEC21-64000-C", "index_price": 48628.87, "direction": "sell", "amount": 11.2}, {"trade_seq": 6532, "trade_id": "194848223", "timestamp": 1639400695886, "tick_direction": 3, "price": 0.008, "mark_price": 0.0085648, "iv": 87.66, "instrument_name": "BTC-31DEC21-64000-C", "index_price": 48628.87, "direction": "sell", "amount": 12.2}, {"trade_seq": 6531, "trade_id": "194848222", "timestamp": 1639400695886, "tick_direction": 3, "price": 0.008, "mark_price": 0.0085648, "iv": 87.66, "instrument_name": "BTC-31DEC21-64000-C", "index_price": 48628.87, "direction": "sell", "amount": 30.0}, {"trade_seq": 6530, "trade_id": "194848221", "timestamp": 1639400695886, "tick_direction": 3, "price": 0.008, "mark_price": 0.0085648, "iv": 87.66, "instrument_name": "BTC-31DEC21-64000-C", "index_price": 48628.87, "direction": "sell", "amount": 30.0}, {"trade_seq": 6529, "trade_id": "194848220", "timestamp": 1639400695886, "tick_direction": 2, "price": 0.008, "mark_price": 0.0085648, "iv": 87.66, "instrument_name": "BTC-31DEC21-64000-C", "index_price": 48628.87, "direction": "sell", "amount": 9.0}, {"trade_seq": 6528, "trade_id": "194842872", "timestamp": 1639394705072, "tick_direction": 3, "price": 0.0085, "mark_price": 0.00877272, "iv": 87.87, "instrument_name": "BTC-31DEC21-64000-C", "index_price": 48818.25, "direction": "sell", "amount": 0.2}, {"trade_seq": 6527, "trade_id": "194841882", "timestamp": 1639392478584, "tick_direction": 3, "price": 0.0085, "mark_price": 0.00914773, "iv": 87.81, "instrument_name": "BTC-31DEC21-64000-C", "index_price": 48831.34, "direction": "sell", "block_trade_id": "27372", "amount": 25.0}, {"trade_seq": 6526, "trade_id": "194841829", "timestamp": 1639392431577, "tick_direction": 3, "price": 0.0085, "mark_price": 0.00908724, "iv": 88.0, "instrument_name": "BTC-31DEC21-64000-C", "index_price": 48794.07, "direction": "sell", "block_trade_id": "27371", "amount": 12.5}, {"trade_seq": 6525, "trade_id": "194841654", "timestamp": 1639392209411, "tick_direction": 3, "price": 0.0085, "mark_price": 0.00901018, "iv": 88.29, "instrument_name": "BTC-31DEC21-64000-C", "index_price": 48722.04, "direction": "sell", "block_trade_id": "27370", "amount": 12.5}, {"trade_seq": 6524, "trade_id": "194838366", "timestamp": 1639389556162, "tick_direction": 2, "price": 0.0085, "mark_price": 0.00899152, "iv": 87.42, "instrument_name": "BTC-31DEC21-64000-C", "index_price": 48891.63, "direction": "sell", "amount": 0.1}, {"trade_seq": 6523, "trade_id": "194826998", "timestamp": 1639382021039, "tick_direction": 2, "price": 0.009, "mark_price": 0.00912754, "iv": 88.96, "instrument_name": "BTC-31DEC21-64000-C", "index_price": 48790.78, "direction": "sell", "amount": 0.5}, {"trade_seq": 6522, "trade_id": "194823684", "timestamp": 1639379409428, "tick_direction": 2, "price": 0.0095, "mark_price": 0.00954199, "iv": 89.79, "instrument_name": "BTC-31DEC21-64000-C", "index_price": 48838.63, "direction": "sell", "amount": 0.2}, {"trade_seq": 6521, "trade_id": "194820409", "timestamp": 1639374534357, "tick_direction": 2, "price": 0.01, "mark_price": 0.00993593, "iv": 88.72, "instrument_name": "BTC-31DEC21-64000-C", "index_price": 49301.38, "direction": "buy", "amount": 2.0}, {"trade_seq": 6520, "trade_id": "194793580", "timestamp": 1639356637464, "tick_direction": 3, "price": 0.011, "mark_price": 0.01152158, "iv": 87.79, "instrument_name": "BTC-31DEC21-64000-C", "index_price": 49797.52, "direction": "sell", "amount": 7.9}, {"trade_seq": 6519, "trade_id": "194793579", "timestamp": 1639356637464, "tick_direction": 3, "price": 0.011, "mark_price": 0.01152158, "iv": 87.79, "instrument_name": "BTC-31DEC21-64000-C", "index_price": 49797.52, "direction": "sell", "amount": 7.1}, {"trade_seq": 6518, "trade_id": "194793576", "timestamp": 1639356610464, "tick_direction": 3, "price": 0.011, "mark_price": 0.01152361, "iv": 87.8, "instrument_name": "BTC-31DEC21-64000-C", "index_price": 49793.61, "direction": "sell", "amount": 21.8}, {"trade_seq": 6517, "trade_id": "194793575", "timestamp": 1639356610464, "tick_direction": 2, "price": 0.011, "mark_price": 0.01152361, "iv": 87.8, "instrument_name": "BTC-31DEC21-64000-C", "index_price": 49793.61, "direction": "sell", "amount": 3.2}, {"trade_seq": 6516, "trade_id": "194790210", "timestamp": 1639354994818, "tick_direction": 2, "price": 0.0115, "mark_price": 0.01203005, "iv": 87.28, "instrument_name": "BTC-31DEC21-64000-C", "index_price": 50098.16, "direction": "sell", "amount": 0.1}, {"trade_seq": 6515, "trade_id": "194789760", "timestamp": 1639354010697, "tick_direction": 3, "price": 0.012, "mark_price": 0.01241835, "iv": 87.95, "instrument_name": "BTC-31DEC21-64000-C", "index_price": 50154.22, "direction": "sell", "amount": 0.2}, {"trade_seq": 6514, "trade_id": "194753733", "timestamp": 1639326520625, "tick_direction": 3, "price": 0.012, "mark_price": 0.01188309, "iv": 89.35, "instrument_name": "BTC-31DEC21-64000-C", "index_price": 49752.67, "direction": "buy", "amount": 10.0}, {"trade_seq": 6513, "trade_id": "194749359", "timestamp": 1639320558323, "tick_direction": 2, "price": 0.012, "mark_price": 0.01215055, "iv": 88.44, "instrument_name": "BTC-31DEC21-64000-C", "index_price": 49875.74, "direction": "buy", "amount": 10.0}, {"trade_seq": 6512, "trade_id": "194740053", "timestamp": 1639314372186, "tick_direction": 0, "price": 0.0125, "mark_price": 0.01240178, "iv": 90.41, "instrument_name": "BTC-31DEC21-64000-C", "index_price": 49686.48, "direction": "buy", "amount": 0.1}, {"trade_seq": 6511, "trade_id": "194735712", "timestamp": 1639311840585, "tick_direction": 1, "price": 0.012, "mark_price": 0.01162149, "iv": 89.83, "instrument_name": "BTC-31DEC21-64000-C", "index_price": 49532.85, "direction": "buy", "amount": 0.7}, {"trade_seq": 6510, "trade_id": "194735670", "timestamp": 1639311836877, "tick_direction": 0, "price": 0.012, "mark_price": 0.01159396, "iv": 89.88, "instrument_name": "BTC-31DEC21-64000-C", "index_price": 49532.73, "direction": "buy", "amount": 1.3}, {"trade_seq": 6509, "trade_id": "194733731", "timestamp": 1639311100037, "tick_direction": 1, "price": 0.011, "mark_price": 0.0110923, "iv": 88.47, "instrument_name": "BTC-31DEC21-64000-C", "index_price": 49396.33, "direction": "buy", "amount": 8.8}, {"trade_seq": 6508, "trade_id": "194733730", "timestamp": 1639311100004, "tick_direction": 0, "price": 0.011, "mark_price": 0.0110923, "iv": 88.47, "instrument_name": "BTC-31DEC21-64000-C", "index_price": 49396.33, "direction": "buy", "amount": 1.2}, {"trade_seq": 6507, "trade_id": "194722141", "timestamp": 1639301368243, "tick_direction": 1, "price": 0.01, "mark_price": 0.00974123, "iv": 87.49, "instrument_name": "BTC-31DEC21-64000-C", "index_price": 49083.53, "direction": "buy", "amount": 10.0}, {"trade_seq": 6506, "trade_id": "194722140", "timestamp": 1639301368243, "tick_direction": 1, "price": 0.01, "mark_price": 0.00974123, "iv": 87.49, "instrument_name": "BTC-31DEC21-64000-C", "index_price": 49083.53, "direction": "buy", "amount": 0.1}, {"trade_seq": 6505, "trade_id": "194716871", "timestamp": 1639297284230, "tick_direction": 0, "price": 0.01, "mark_price": 0.01017244, "iv": 86.28, "instrument_name": "BTC-31DEC21-64000-C", "index_price": 49306.4, "direction": "sell", "amount": 0.5}, {"trade_seq": 6504, "trade_id": "194711300", "timestamp": 1639289967673, "tick_direction": 2, "price": 0.0095, "mark_price": 0.01025542, "iv": 86.01, "instrument_name": "BTC-31DEC21-64000-C", "index_price": 49080.08, "direction": "sell", "amount": 3.4}, {"trade_seq": 6503, "trade_id": "194703124", "timestamp": 1639277071498, "tick_direction": 0, "price": 0.01, "mark_price": 0.00982423, "iv": 85.79, "instrument_name": "BTC-31DEC21-64000-C", "index_price": 49286.64, "direction": "buy", "amount": 0.5}, {"trade_seq": 6502, "trade_id": "194702324", "timestamp": 1639274649238, "tick_direction": 2, "price": 0.0095, "mark_price": 0.00988796, "iv": 85.11, "instrument_name": "BTC-31DEC21-64000-C", "index_price": 49182.82, "direction": "sell", "amount": 0.5}, {"trade_seq": 6501, "trade_id": "194700630", "timestamp": 1639271349556, "tick_direction": 3, "price": 0.0105, "mark_price": 0.01036911, "iv": 85.88, "instrument_name": "BTC-31DEC21-64000-C", "index_price": 49462.9, "direction": "buy", "amount": 0.1}, {"trade_seq": 6500, "trade_id": "194682665", "timestamp": 1639255354414, "tick_direction": 3, "price": 0.0105, "mark_price": 0.0103062, "iv": 89.19, "instrument_name": "BTC-31DEC21-64000-C", "index_price": 48688.28, "direction": "buy", "amount": 2.0}, {"trade_seq": 6499, "trade_id": "194682663", "timestamp": 1639255352649, "tick_direction": 2, "price": 0.0105, "mark_price": 0.01031936, "iv": 89.16, "instrument_name": "BTC-31DEC21-64000-C", "index_price": 48692.84, "direction": "buy", "amount": 5.0}, {"trade_seq": 6498, "trade_id": "194674584", "timestamp": 1639242341135, "tick_direction": 2, "price": 0.011, "mark_price": 0.01097515, "iv": 89.31, "instrument_name": "BTC-31DEC21-64000-C", "index_price": 48821.73, "direction": "sell", "amount": 1.0}, {"trade_seq": 6497, "trade_id": "194672195", "timestamp": 1639241103842, "tick_direction": 2, "price": 0.0115, "mark_price": 0.01173381, "iv": 88.66, "instrument_name": "BTC-31DEC21-64000-C", "index_price": 49182.95, "direction": "sell", "amount": 3.0}, {"trade_seq": 6496, "trade_id": "194666457", "timestamp": 1639238855150, "tick_direction": 0, "price": 0.012, "mark_price": 0.01217825, "iv": 89.78, "instrument_name": "BTC-31DEC21-64000-C", "index_price": 49098.77, "direction": "buy", "amount": 0.1}, {"trade_seq": 6495, "trade_id": "194663849", "timestamp": 1639238148710, "tick_direction": 1, "price": 0.011, "mark_price": 0.01087872, "iv": 89.71, "instrument_name": "BTC-31DEC21-64000-C", "index_price": 48710.06, "direction": "buy", "amount": 2.5}, {"trade_seq": 6494, "trade_id": "194663837", "timestamp": 1639238147839, "tick_direction": 1, "price": 0.011, "mark_price": 0.01087693, "iv": 89.75, "instrument_name": "BTC-31DEC21-64000-C", "index_price": 48705.98, "direction": "buy", "amount": 5.0}, {"trade_seq": 6493, "trade_id": "194663826", "timestamp": 1639238147330, "tick_direction": 1, "price": 0.011, "mark_price": 0.01087693, "iv": 89.76, "instrument_name": "BTC-31DEC21-64000-C", "index_price": 48698.09, "direction": "buy", "amount": 1.2}, {"trade_seq": 6492, "trade_id": "194663812", "timestamp": 1639238146947, "tick_direction": 0, "price": 0.011, "mark_price": 0.01082451, "iv": 89.76, "instrument_name": "BTC-31DEC21-64000-C", "index_price": 48698.09, "direction": "buy", "amount": 1.3}, {"trade_seq": 6491, "trade_id": "194659700", "timestamp": 1639233878674, "tick_direction": 1, "price": 0.0105, "mark_price": 0.01036579, "iv": 90.14, "instrument_name": "BTC-31DEC21-64000-C", "index_price": 48417.16, "direction": "buy", "amount": 1.0}, {"trade_seq": 6490, "trade_id": "194655653", "timestamp": 1639229619489, "tick_direction": 1, "price": 0.0105, "mark_price": 0.01028919, "iv": 89.59, "instrument_name": "BTC-31DEC21-64000-C", "index_price": 48502.03, "direction": "buy", "amount": 0.6}, {"trade_seq": 6489, "trade_id": "194655471", "timestamp": 1639229471456, "tick_direction": 1, "price": 0.0105, "mark_price": 0.0103614, "iv": 89.49, "instrument_name": "BTC-31DEC21-64000-C", "index_price": 48507.07, "direction": "buy", "amount": 1.2}, {"trade_seq": 6488, "trade_id": "194655268", "timestamp": 1639229205283, "tick_direction": 1, "price": 0.0105, "mark_price": 0.01062321, "iv": 89.27, "instrument_name": "BTC-31DEC21-64000-C", "index_price": 48541.35, "direction": "buy", "amount": 3.2}, {"trade_seq": 6487, "trade_id": "194655036", "timestamp": 1639229048539, "tick_direction": 1, "price": 0.0105, "mark_price": 0.01044326, "iv": 89.41, "instrument_name": "BTC-31DEC21-64000-C", "index_price": 48526.59, "direction": "buy", "amount": 4.5}, {"trade_seq": 6486, "trade_id": "194655031", "timestamp": 1639229047605, "tick_direction": 1, "price": 0.0105, "mark_price": 0.01043654, "iv": 89.42, "instrument_name": "BTC-31DEC21-64000-C", "index_price": 48524.31, "direction": "buy", "amount": 1.4}, {"trade_seq": 6485, "trade_id": "194655023", "timestamp": 1639229046472, "tick_direction": 1, "price": 0.0105, "mark_price": 0.01043776, "iv": 89.44, "instrument_name": "BTC-31DEC21-64000-C", "index_price": 48520.88, "direction": "buy", "amount": 1.5}, {"trade_seq": 6484, "trade_id": "194655021", "timestamp": 1639229043488, "tick_direction": 1, "price": 0.0105, "mark_price": 0.01042782, "iv": 89.46, "instrument_name": "BTC-31DEC21-64000-C", "index_price": 48517.42, "direction": "buy", "amount": 1.2}, {"trade_seq": 6483, "trade_id": "194654998", "timestamp": 1639229032717, "tick_direction": 0, "price": 0.0105, "mark_price": 0.01035866, "iv": 89.64, "instrument_name": "BTC-31DEC21-64000-C", "index_price": 48480.71, "direction": "buy", "amount": 1.2}, {"trade_seq": 6482, "trade_id": "194654833", "timestamp": 1639228896541, "tick_direction": 3, "price": 0.01, "mark_price": 0.01031133, "iv": 88.72, "instrument_name": "BTC-31DEC21-64000-C", "index_price": 48441.86, "direction": "sell", "amount": 2.1}, {"trade_seq": 6481, "trade_id": "194654832", "timestamp": 1639228896541, "tick_direction": 2, "price": 0.01, "mark_price": 0.01031133, "iv": 88.72, "instrument_name": "BTC-31DEC21-64000-C", "index_price": 48441.86, "direction": "sell", "amount": 2.9}, {"trade_seq": 6480, "trade_id": "194653600", "timestamp": 1639228442483, "tick_direction": 2, "price": 0.0105, "mark_price": 0.01044043, "iv": 90.0, "instrument_name": "BTC-31DEC21-64000-C", "index_price": 48388.29, "direction": "sell", "amount": 0.2}, {"trade_seq": 6479, "trade_id": "194651793", "timestamp": 1639228237293, "tick_direction": 1, "price": 0.011, "mark_price": 0.01120072, "iv": 89.55, "instrument_name": "BTC-31DEC21-64000-C", "index_price": 48686.27, "direction": "buy", "amount": 1.0}, {"trade_seq": 6478, "trade_id": "194646298", "timestamp": 1639219473235, "tick_direction": 0, "price": 0.011, "mark_price": 0.01116607, "iv": 90.3, "instrument_name": "BTC-31DEC21-64000-C", "index_price": 48485.01, "direction": "buy", "amount": 0.1}, {"trade_seq": 6477, "trade_id": "194641937", "timestamp": 1639214304824, "tick_direction": 0, "price": 0.01, "mark_price": 0.00954421, "iv": 88.87, "instrument_name": "BTC-31DEC21-64000-C", "index_price": 48313.8, "direction": "buy", "amount": 2.0}, {"trade_seq": 6476, "trade_id": "194622789", "timestamp": 1639206685676, "tick_direction": 2, "price": 0.009, "mark_price": 0.0095061, "iv": 87.31, "instrument_name": "BTC-31DEC21-64000-C", "index_price": 48097.42, "direction": "sell", "amount": 0.3}, {"trade_seq": 6475, "trade_id": "194608966", "timestamp": 1639192587497, "tick_direction": 0, "price": 0.0105, "mark_price": 0.01079534, "iv": 87.87, "instrument_name": "BTC-31DEC21-64000-C", "index_price": 48623.89, "direction": "buy", "amount": 2.0}, {"trade_seq": 6474, "trade_id": "194549488", "timestamp": 1639164384568, "tick_direction": 3, "price": 0.01, "mark_price": 0.00996868, "iv": 89.03, "instrument_name": "BTC-31DEC21-64000-C", "index_price": 47994.88, "direction": "buy", "amount": 1.0}, {"trade_seq": 6473, "trade_id": "194539254", "timestamp": 1639159533282, "tick_direction": 2, "price": 0.01, "mark_price": 0.01003879, "iv": 89.22, "instrument_name": "BTC-31DEC21-64000-C", "index_price": 47907.32, "direction": "buy", "amount": 1.0}, {"trade_seq": 6472, "trade_id": "194514036", "timestamp": 1639151541903, "tick_direction": 1, "price": 0.0105, "mark_price": 0.01016133, "iv": 90.04, "instrument_name": "BTC-31DEC21-64000-C", "index_price": 47959.72, "direction": "sell", "amount": 0.5}, {"trade_seq": 6471, "trade_id": "194514033", "timestamp": 1639151540333, "tick_direction": 0, "price": 0.0105, "mark_price": 0.01016533, "iv": 90.02, "instrument_name": "BTC-31DEC21-64000-C", "index_price": 47958.3, "direction": "sell", "amount": 0.5}, {"trade_seq": 6470, "trade_id": "194511975", "timestamp": 1639151152539, "tick_direction": 3, "price": 0.01, "mark_price": 0.01035039, "iv": 87.88, "instrument_name": "BTC-31DEC21-64000-C", "index_price": 48166.06, "direction": "sell", "block_trade_id": "27288", "amount": 12.5}, {"trade_seq": 6469, "trade_id": "194511941", "timestamp": 1639151131310, "tick_direction": 3, "price": 0.01, "mark_price": 0.01043434, "iv": 87.68, "instrument_name": "BTC-31DEC21-64000-C", "index_price": 48195.62, "direction": "sell", "amount": 1.0}, {"trade_seq": 6468, "trade_id": "194507773", "timestamp": 1639149166588, "tick_direction": 2, "price": 0.01, "mark_price": 0.0102815, "iv": 87.92, "instrument_name": "BTC-31DEC21-64000-C", "index_price": 48145.67, "direction": "sell", "amount": 1.6}, {"trade_seq": 6467, "trade_id": "194476572", "timestamp": 1639143340360, "tick_direction": 0, "price": 0.014, "mark_price": 0.01412503, "iv": 87.78, "instrument_name": "BTC-31DEC21-64000-C", "index_price": 49815.51, "direction": "buy", "amount": 1.0}, {"trade_seq": 6466, "trade_id": "194472787", "timestamp": 1639143024211, "tick_direction": 1, "price": 0.0125, "mark_price": 0.01258266, "iv": 87.87, "instrument_name": "BTC-31DEC21-64000-C", "index_price": 49215.91, "direction": "buy", "amount": 0.1}, {"trade_seq": 6465, "trade_id": "194468089", "timestamp": 1639138296990, "tick_direction": 1, "price": 0.0125, "mark_price": 0.01272281, "iv": 88.5, "instrument_name": "BTC-31DEC21-64000-C", "index_price": 49065.55, "direction": "sell", "amount": 1.5}, {"trade_seq": 6464, "trade_id": "194466873", "timestamp": 1639137897353, "tick_direction": 1, "price": 0.0125, "mark_price": 0.0126485, "iv": 88.3, "instrument_name": "BTC-31DEC21-64000-C", "index_price": 49078.0, "direction": "buy", "amount": 0.1}, {"trade_seq": 6463, "trade_id": "194466872", "timestamp": 1639137897353, "tick_direction": 0, "price": 0.0125, "mark_price": 0.0126485, "iv": 88.3, "instrument_name": "BTC-31DEC21-64000-C", "index_price": 49078.0, "direction": "buy", "amount": 2.0}, {"trade_seq": 6462, "trade_id": "194458992", "timestamp": 1639132450303, "tick_direction": 2, "price": 0.011, "mark_price": 0.01141742, "iv": 89.06, "instrument_name": "BTC-31DEC21-64000-C", "index_price": 48266.89, "direction": "sell", "amount": 0.1}, {"trade_seq": 6461, "trade_id": "194458610", "timestamp": 1639131619416, "tick_direction": 0, "price": 0.0115, "mark_price": 0.01144198, "iv": 90.05, "instrument_name": "BTC-31DEC21-64000-C", "index_price": 48264.32, "direction": "sell", "amount": 0.1}, {"trade_seq": 6460, "trade_id": "194458566", "timestamp": 1639131497360, "tick_direction": 2, "price": 0.011, "mark_price": 0.01144733, "iv": 88.87, "instrument_name": "BTC-31DEC21-64000-C", "index_price": 48291.5, "direction": "sell", "amount": 0.1}, {"trade_seq": 6459, "trade_id": "194456701", "timestamp": 1639130165842, "tick_direction": 1, "price": 0.0115, "mark_price": 0.01120032, "iv": 89.32, "instrument_name": "BTC-31DEC21-64000-C", "index_price": 48411.63, "direction": "buy", "amount": 2.0}, {"trade_seq": 6458, "trade_id": "194456700", "timestamp": 1639130165842, "tick_direction": 0, "price": 0.0115, "mark_price": 0.01120032, "iv": 89.32, "instrument_name": "BTC-31DEC21-64000-C", "index_price": 48411.63, "direction": "buy", "amount": 2.0}, {"trade_seq": 6457, "trade_id": "194456179", "timestamp": 1639129895500, "tick_direction": 1, "price": 0.011, "mark_price": 0.01076707, "iv": 88.85, "instrument_name": "BTC-31DEC21-64000-C", "index_price": 48291.05, "direction": "buy", "amount": 0.1}, {"trade_seq": 6456, "trade_id": "194456083", "timestamp": 1639129837733, "tick_direction": 1, "price": 0.011, "mark_price": 0.01075123, "iv": 88.89, "instrument_name": "BTC-31DEC21-64000-C", "index_price": 48286.16, "direction": "buy", "amount": 1.2}, {"trade_seq": 6455, "trade_id": "194456049", "timestamp": 1639129824349, "tick_direction": 1, "price": 0.011, "mark_price": 0.01071244, "iv": 88.98, "instrument_name": "BTC-31DEC21-64000-C", "index_price": 48270.4, "direction": "buy", "amount": 1.5}, {"trade_seq": 6454, "trade_id": "194456048", "timestamp": 1639129823639, "tick_direction": 0, "price": 0.011, "mark_price": 0.01071244, "iv": 88.98, "instrument_name": "BTC-31DEC21-64000-C", "index_price": 48265.13, "direction": "buy", "amount": 2.2}, {"trade_seq": 6453, "trade_id": "194450953", "timestamp": 1639126230468, "tick_direction": 0, "price": 0.0105, "mark_price": 0.01039725, "iv": 88.5, "instrument_name": "BTC-31DEC21-64000-C", "index_price": 48102.42, "direction": "buy", "amount": 1.0}, {"trade_seq": 6452, "trade_id": "194450482", "timestamp": 1639125857848, "tick_direction": 1, "price": 0.01, "mark_price": 0.010133, "iv": 87.85, "instrument_name": "BTC-31DEC21-64000-C", "index_price": 47993.19, "direction": "sell", "amount": 0.1}, {"trade_seq": 6451, "trade_id": "194446721", "timestamp": 1639124637307, "tick_direction": 0, "price": 0.01, "mark_price": 0.01031152, "iv": 87.62, "instrument_name": "BTC-31DEC21-64000-C", "index_price": 48024.63, "direction": "buy", "amount": 0.2}, {"trade_seq": 6450, "trade_id": "194444615", "timestamp": 1639123943431, "tick_direction": 2, "price": 0.0095, "mark_price": 0.00989027, "iv": 87.71, "instrument_name": "BTC-31DEC21-64000-C", "index_price": 47743.49, "direction": "sell", "amount": 0.5}, {"trade_seq": 6449, "trade_id": "194443756", "timestamp": 1639123704231, "tick_direction": 0, "price": 0.01, "mark_price": 0.00989509, "iv": 88.71, "instrument_name": "BTC-31DEC21-64000-C", "index_price": 47786.51, "direction": "buy", "amount": 13.9}, {"trade_seq": 6448, "trade_id": "194437331", "timestamp": 1639122403824, "tick_direction": 2, "price": 0.0095, "mark_price": 0.00983063, "iv": 86.91, "instrument_name": "BTC-31DEC21-64000-C", "index_price": 47920.18, "direction": "sell", "amount": 0.1}, {"trade_seq": 6447, "trade_id": "194432209", "timestamp": 1639121433126, "tick_direction": 3, "price": 0.01, "mark_price": 0.01018218, "iv": 87.92, "instrument_name": "BTC-31DEC21-64000-C", "index_price": 47979.85, "direction": "buy", "amount": 11.2}, {"trade_seq": 6446, "trade_id": "194431647", "timestamp": 1639121195194, "tick_direction": 3, "price": 0.01, "mark_price": 0.01025679, "iv": 88.18, "instrument_name": "BTC-31DEC21-64000-C", "index_price": 47922.43, "direction": "buy", "amount": 5.0}, {"trade_seq": 6445, "trade_id": "194430510", "timestamp": 1639120991871, "tick_direction": 2, "price": 0.01, "mark_price": 0.01031564, "iv": 88.57, "instrument_name": "BTC-31DEC21-64000-C", "index_price": 47807.17, "direction": "sell", "amount": 5.0}, {"trade_seq": 6444, "trade_id": "194411943", "timestamp": 1639102759167, "tick_direction": 0, "price": 0.011, "mark_price": 0.01103945, "iv": 86.05, "instrument_name": "BTC-31DEC21-64000-C", "index_price": 48740.43, "direction": "buy", "amount": 3.0}, {"trade_seq": 6443, "trade_id": "194409809", "timestamp": 1639101273305, "tick_direction": 3, "price": 0.0105, "mark_price": 0.01078884, "iv": 86.02, "instrument_name": "BTC-31DEC21-64000-C", "index_price": 48524.76, "direction": "sell", "amount": 0.1}, {"trade_seq": 6442, "trade_id": "194408190", "timestamp": 1639099937044, "tick_direction": 2, "price": 0.0105, "mark_price": 0.01087778, "iv": 86.38, "instrument_name": "BTC-31DEC21-64000-C", "index_price": 48421.41, "direction": "sell", "amount": 5.0}, {"trade_seq": 6441, "trade_id": "194398187", "timestamp": 1639096448675, "tick_direction": 0, "price": 0.012, "mark_price": 0.01175242, "iv": 88.45, "instrument_name": "BTC-31DEC21-64000-C", "index_price": 48628.63, "direction": "buy", "amount": 2.0}, {"trade_seq": 6440, "trade_id": "194365781", "timestamp": 1639080488036, "tick_direction": 3, "price": 0.0095, "mark_price": 0.01011154, "iv": 87.75, "instrument_name": "BTC-31DEC21-64000-C", "index_price": 47547.74, "direction": "sell", "amount": 15.0}, {"trade_seq": 6439, "trade_id": "194365780", "timestamp": 1639080488036, "tick_direction": 2, "price": 0.0095, "mark_price": 0.01011154, "iv": 87.75, "instrument_name": "BTC-31DEC21-64000-C", "index_price": 47547.74, "direction": "sell", "amount": 5.0}, {"trade_seq": 6438, "trade_id": "194365708", "timestamp": 1639080459544, "tick_direction": 2, "price": 0.01, "mark_price": 0.01017235, "iv": 88.82, "instrument_name": "BTC-31DEC21-64000-C", "index_price": 47552.58, "direction": "sell", "amount": 5.0}, {"trade_seq": 6437, "trade_id": "194349602", "timestamp": 1639074472226, "tick_direction": 3, "price": 0.0105, "mark_price": 0.0103211, "iv": 89.09, "instrument_name": "BTC-31DEC21-64000-C", "index_price": 47758.16, "direction": "sell", "amount": 0.5}, {"trade_seq": 6436, "trade_id": "194349578", "timestamp": 1639074471426, "tick_direction": 3, "price": 0.0105, "mark_price": 0.0103211, "iv": 89.05, "instrument_name": "BTC-31DEC21-64000-C", "index_price": 47766.74, "direction": "sell", "amount": 1.6}, {"trade_seq": 6435, "trade_id": "194349567", "timestamp": 1639074471166, "tick_direction": 3, "price": 0.0105, "mark_price": 0.01036372, "iv": 89.05, "instrument_name": "BTC-31DEC21-64000-C", "index_price": 47766.74, "direction": "sell", "amount": 1.5}, {"trade_seq": 6434, "trade_id": "194349549", "timestamp": 1639074470231, "tick_direction": 2, "price": 0.0105, "mark_price": 0.01030708, "iv": 88.95, "instrument_name": "BTC-31DEC21-64000-C", "index_price": 47787.65, "direction": "sell", "amount": 1.4}, {"trade_seq": 6433, "trade_id": "194347510", "timestamp": 1639074306043, "tick_direction": 3, "price": 0.011, "mark_price": 0.01115, "iv": 88.27, "instrument_name": "BTC-31DEC21-64000-C", "index_price": 48137.72, "direction": "sell", "amount": 1.1}, {"trade_seq": 6432, "trade_id": "194347505", "timestamp": 1639074303763, "tick_direction": 3, "price": 0.011, "mark_price": 0.01120598, "iv": 88.15, "instrument_name": "BTC-31DEC21-64000-C", "index_price": 48154.12, "direction": "sell", "amount": 1.2}, {"trade_seq": 6431, "trade_id": "194347498", "timestamp": 1639074302830, "tick_direction": 3, "price": 0.011, "mark_price": 0.01119497, "iv": 88.15, "instrument_name": "BTC-31DEC21-64000-C", "index_price": 48163.68, "direction": "sell", "amount": 1.5}, {"trade_seq": 6430, "trade_id": "194347448", "timestamp": 1639074286282, "tick_direction": 2, "price": 0.011, "mark_price": 0.0112435, "iv": 88.2, "instrument_name": "BTC-31DEC21-64000-C", "index_price": 48151.47, "direction": "sell", "amount": 1.2}, {"trade_seq": 6429, "trade_id": "194341788", "timestamp": 1639070551705, "tick_direction": 3, "price": 0.0115, "mark_price": 0.01195829, "iv": 87.0, "instrument_name": "BTC-31DEC21-64000-C", "index_price": 48629.56, "direction": "sell", "amount": 1.0}, {"trade_seq": 6428, "trade_id": "194321120", "timestamp": 1639062873284, "tick_direction": 3, "price": 0.0115, "mark_price": 0.01224921, "iv": 86.15, "instrument_name": "BTC-31DEC21-64000-C", "index_price": 48765.88, "direction": "sell", "amount": 8.3}, {"trade_seq": 6427, "trade_id": "194321119", "timestamp": 1639062873284, "tick_direction": 3, "price": 0.0115, "mark_price": 0.01224921, "iv": 86.15, "instrument_name": "BTC-31DEC21-64000-C", "index_price": 48765.88, "direction": "sell", "amount": 11.3}, {"trade_seq": 6426, "trade_id": "194321118", "timestamp": 1639062873284, "tick_direction": 3, "price": 0.0115, "mark_price": 0.01224921, "iv": 86.15, "instrument_name": "BTC-31DEC21-64000-C", "index_price": 48765.88, "direction": "sell", "amount": 10.0}, {"trade_seq": 6425, "trade_id": "194321117", "timestamp": 1639062873284, "tick_direction": 2, "price": 0.0115, "mark_price": 0.01224921, "iv": 86.15, "instrument_name": "BTC-31DEC21-64000-C", "index_price": 48765.88, "direction": "sell", "amount": 10.4}, {"trade_seq": 6424, "trade_id": "194308430", "timestamp": 1639058794774, "tick_direction": 2, "price": 0.013, "mark_price": 0.013182, "iv": 86.16, "instrument_name": "BTC-31DEC21-64000-C", "index_price": 49379.38, "direction": "sell", "amount": 3.0}, {"trade_seq": 6423, "trade_id": "194294662", "timestamp": 1639047303330, "tick_direction": 3, "price": 0.0135, "mark_price": 0.01389937, "iv": 86.68, "instrument_name": "BTC-31DEC21-64000-C", "index_price": 49377.73, "direction": "sell", "amount": 1.8}, {"trade_seq": 6422, "trade_id": "194294620", "timestamp": 1639047253499, "tick_direction": 3, "price": 0.0135, "mark_price": 0.0138868, "iv": 86.67, "instrument_name": "BTC-31DEC21-64000-C", "index_price": 49377.41, "direction": "sell", "amount": 1.2}, {"trade_seq": 6421, "trade_id": "194257790", "timestamp": 1639028834677, "tick_direction": 2, "price": 0.0135, "mark_price": 0.01348726, "iv": 84.23, "instrument_name": "BTC-31DEC21-64000-C", "index_price": 49863.19, "direction": "buy", "amount": 0.2}, {"trade_seq": 6420, "trade_id": "194239795", "timestamp": 1639014012723, "tick_direction": 2, "price": 0.015, "mark_price": 0.01479022, "iv": 84.06, "instrument_name": "BTC-31DEC21-64000-C", "index_price": 50370.2, "direction": "buy", "amount": 5.0}, {"trade_seq": 6419, "trade_id": "194227632", "timestamp": 1639003636950, "tick_direction": 0, "price": 0.016, "mark_price": 0.01578639, "iv": 83.37, "instrument_name": "BTC-31DEC21-64000-C", "index_price": 50806.82, "direction": "sell", "amount": 13.0}, {"trade_seq": 6418, "trade_id": "194223476", "timestamp": 1638999235867, "tick_direction": 2, "price": 0.015, "mark_price": 0.0153077, "iv": 82.67, "instrument_name": "BTC-31DEC21-64000-C", "index_price": 50547.36, "direction": "sell", "amount": 9.6}, {"trade_seq": 6417, "trade_id": "194200445", "timestamp": 1638980848949, "tick_direction": 2, "price": 0.0155, "mark_price": 0.01586396, "iv": 83.02, "instrument_name": "BTC-31DEC21-64000-C", "index_price": 50591.81, "direction": "sell", "amount": 1.0}, {"trade_seq": 6416, "trade_id": "194192088", "timestamp": 1638977494224, "tick_direction": 0, "price": 0.0175, "mark_price": 0.01716577, "iv": 84.5, "instrument_name": "BTC-31DEC21-64000-C", "index_price": 50949.72, "direction": "buy", "amount": 1.0}, {"trade_seq": 6415, "trade_id": "194192018", "timestamp": 1638977456079, "tick_direction": 0, "price": 0.017, "mark_price": 0.01691548, "iv": 83.99, "instrument_name": "BTC-31DEC21-64000-C", "index_price": 50886.72, "direction": "sell", "amount": 1.8}, {"trade_seq": 6414, "trade_id": "194156483", "timestamp": 1638970171357, "tick_direction": 2, "price": 0.0125, "mark_price": 0.01258657, "iv": 84.36, "instrument_name": "BTC-31DEC21-64000-C", "index_price": 49127.24, "direction": "buy", "amount": 0.6}, {"trade_seq": 6413, "trade_id": "194111944", "timestamp": 1638950418761, "tick_direction": 2, "price": 0.016, "mark_price": 0.01554021, "iv": 83.59, "instrument_name": "BTC-31DEC21-64000-C", "index_price": 50530.16, "direction": "buy", "amount": 0.2}, {"trade_seq": 6412, "trade_id": "194108504", "timestamp": 1638944369659, "tick_direction": 0, "price": 0.017, "mark_price": 0.01614016, "iv": 84.45, "instrument_name": "BTC-31DEC21-64000-C", "index_price": 50667.88, "direction": "buy", "amount": 21.2}, {"trade_seq": 6411, "trade_id": "194108484", "timestamp": 1638944332883, "tick_direction": 1, "price": 0.0165, "mark_price": 0.01609178, "iv": 83.61, "instrument_name": "BTC-31DEC21-64000-C", "index_price": 50674.27, "direction": "sell", "amount": 2.5}, {"trade_seq": 6410, "trade_id": "194108483", "timestamp": 1638944332849, "tick_direction": 0, "price": 0.0165, "mark_price": 0.01609178, "iv": 83.61, "instrument_name": "BTC-31DEC21-64000-C", "index_price": 50674.27, "direction": "buy", "amount": 12.0}, {"trade_seq": 6409, "trade_id": "194106608", "timestamp": 1638941209222, "tick_direction": 1, "price": 0.016, "mark_price": 0.01527525, "iv": 83.32, "instrument_name": "BTC-31DEC21-64000-C", "index_price": 50535.62, "direction": "sell", "amount": 0.8}, {"trade_seq": 6408, "trade_id": "194106607", "timestamp": 1638941209218, "tick_direction": 1, "price": 0.016, "mark_price": 0.01527525, "iv": 83.32, "instrument_name": "BTC-31DEC21-64000-C", "index_price": 50535.62, "direction": "buy", "amount": 2.0}, {"trade_seq": 6407, "trade_id": "194106605", "timestamp": 1638941186536, "tick_direction": 1, "price": 0.016, "mark_price": 0.01526354, "iv": 83.3, "instrument_name": "BTC-31DEC21-64000-C", "index_price": 50534.66, "direction": "buy", "amount": 26.0}, {"trade_seq": 6406, "trade_id": "194106604", "timestamp": 1638941186536, "tick_direction": 0, "price": 0.016, "mark_price": 0.01526354, "iv": 83.3, "instrument_name": "BTC-31DEC21-64000-C", "index_price": 50534.66, "direction": "buy", "amount": 2.9}, {"trade_seq": 6405, "trade_id": "194106603", "timestamp": 1638941186536, "tick_direction": 1, "price": 0.0155, "mark_price": 0.01526354, "iv": 82.48, "instrument_name": "BTC-31DEC21-64000-C", "index_price": 50534.66, "direction": "buy", "amount": 1.0}, {"trade_seq": 6404, "trade_id": "194106602", "timestamp": 1638941186536, "tick_direction": 0, "price": 0.0155, "mark_price": 0.01526354, "iv": 82.48, "instrument_name": "BTC-31DEC21-64000-C", "index_price": 50534.66, "direction": "buy", "amount": 10.0}, {"trade_seq": 6403, "trade_id": "194102398", "timestamp": 1638936842295, "tick_direction": 2, "price": 0.0145, "mark_price": 0.0150441, "iv": 81.67, "instrument_name": "BTC-31DEC21-64000-C", "index_price": 50327.37, "direction": "sell", "amount": 0.5}, {"trade_seq": 6402, "trade_id": "194086650", "timestamp": 1638919891686, "tick_direction": 1, "price": 0.0155, "mark_price": 0.01559656, "iv": 82.21, "instrument_name": "BTC-31DEC21-64000-C", "index_price": 50510.28, "direction": "sell", "amount": 1.8}, {"trade_seq": 6401, "trade_id": "194086649", "timestamp": 1638919888400, "tick_direction": 0, "price": 0.0155, "mark_price": 0.01561911, "iv": 82.16, "instrument_name": "BTC-31DEC21-64000-C", "index_price": 50523.29, "direction": "sell", "amount": 15.1}, {"trade_seq": 6400, "trade_id": "194085116", "timestamp": 1638918119080, "tick_direction": 3, "price": 0.0145, "mark_price": 0.01491066, "iv": 81.63, "instrument_name": "BTC-31DEC21-64000-C", "index_price": 50263.92, "direction": "sell", "amount": 0.1}, {"trade_seq": 6399, "trade_id": "194085043", "timestamp": 1638918043545, "tick_direction": 2, "price": 0.0145, "mark_price": 0.01486607, "iv": 81.64, "instrument_name": "BTC-31DEC21-64000-C", "index_price": 50259.94, "direction": "sell", "amount": 0.6}, {"trade_seq": 6398, "trade_id": "194038537", "timestamp": 1638894197775, "tick_direction": 3, "price": 0.02, "mark_price": 0.02048316, "iv": 83.31, "instrument_name": "BTC-31DEC21-64000-C", "index_price": 51624.61, "direction": "sell", "amount": 2.9}, {"trade_seq": 6397, "trade_id": "194038536", "timestamp": 1638894197775, "tick_direction": 2, "price": 0.02, "mark_price": 0.02048316, "iv": 83.31, "instrument_name": "BTC-31DEC21-64000-C", "index_price": 51624.61, "direction": "sell", "amount": 2.1}, {"trade_seq": 6396, "trade_id": "194037741", "timestamp": 1638893844845, "tick_direction": 3, "price": 0.0205, "mark_price": 0.0208231, "iv": 83.67, "instrument_name": "BTC-31DEC21-64000-C", "index_price": 51696.91, "direction": "sell", "amount": 2.2}, {"trade_seq": 6395, "trade_id": "194037718", "timestamp": 1638893834844, "tick_direction": 2, "price": 0.0205, "mark_price": 0.02082065, "iv": 83.68, "instrument_name": "BTC-31DEC21-64000-C", "index_price": 51692.1, "direction": "sell", "amount": 2.2}, {"trade_seq": 6394, "trade_id": "194036506", "timestamp": 1638893394303, "tick_direction": 3, "price": 0.021, "mark_price": 0.02140969, "iv": 83.43, "instrument_name": "BTC-31DEC21-64000-C", "index_price": 51906.19, "direction": "sell", "amount": 2.6}, {"trade_seq": 6393, "trade_id": "194036505", "timestamp": 1638893394303, "tick_direction": 3, "price": 0.021, "mark_price": 0.02140969, "iv": 83.43, "instrument_name": "BTC-31DEC21-64000-C", "index_price": 51906.19, "direction": "sell", "amount": 1.6}, {"trade_seq": 6392, "trade_id": "194034453", "timestamp": 1638892326869, "tick_direction": 3, "price": 0.021, "mark_price": 0.02141855, "iv": 83.67, "instrument_name": "BTC-31DEC21-64000-C", "index_price": 51852.07, "direction": "sell", "amount": 1.2}, {"trade_seq": 6391, "trade_id": "194034452", "timestamp": 1638892326869, "tick_direction": 3, "price": 0.021, "mark_price": 0.02141855, "iv": 83.67, "instrument_name": "BTC-31DEC21-64000-C", "index_price": 51852.07, "direction": "sell", "amount": 3.8}, {"trade_seq": 6390, "trade_id": "194034451", "timestamp": 1638892322220, "tick_direction": 3, "price": 0.021, "mark_price": 0.02141174, "iv": 83.68, "instrument_name": "BTC-31DEC21-64000-C", "index_price": 51853.09, "direction": "sell", "amount": 5.0}, {"trade_seq": 6389, "trade_id": "194033856", "timestamp": 1638892015284, "tick_direction": 3, "price": 0.021, "mark_price": 0.02150275, "iv": 83.51, "instrument_name": "BTC-31DEC21-64000-C", "index_price": 51881.84, "direction": "sell", "amount": 1.9}, {"trade_seq": 6388, "trade_id": "194033855", "timestamp": 1638892015284, "tick_direction": 2, "price": 0.021, "mark_price": 0.02150275, "iv": 83.51, "instrument_name": "BTC-31DEC21-64000-C", "index_price": 51881.84, "direction": "sell", "amount": 3.1}, {"trade_seq": 6387, "trade_id": "194033817", "timestamp": 1638891999609, "tick_direction": 3, "price": 0.0215, "mark_price": 0.02140143, "iv": 84.36, "instrument_name": "BTC-31DEC21-64000-C", "index_price": 51852.54, "direction": "sell", "amount": 5.0}, {"trade_seq": 6386, "trade_id": "194032379", "timestamp": 1638891667978, "tick_direction": 3, "price": 0.0215, "mark_price": 0.02127948, "iv": 84.21, "instrument_name": "BTC-31DEC21-64000-C", "index_price": 51874.69, "direction": "sell", "amount": 2.8}, {"trade_seq": 6385, "trade_id": "194032378", "timestamp": 1638891667978, "tick_direction": 2, "price": 0.0215, "mark_price": 0.02127948, "iv": 84.21, "instrument_name": "BTC-31DEC21-64000-C", "index_price": 51874.69, "direction": "sell", "amount": 5.0}, {"trade_seq": 6384, "trade_id": "194031772", "timestamp": 1638891577592, "tick_direction": 1, "price": 0.022, "mark_price": 0.02089797, "iv": 85.26, "instrument_name": "BTC-31DEC21-64000-C", "index_price": 51825.17, "direction": "buy", "amount": 0.1}, {"trade_seq": 6383, "trade_id": "194031771", "timestamp": 1638891577592, "tick_direction": 1, "price": 0.022, "mark_price": 0.02089797, "iv": 85.26, "instrument_name": "BTC-31DEC21-64000-C", "index_price": 51825.17, "direction": "buy", "amount": 25.0}, {"trade_seq": 6382, "trade_id": "194031770", "timestamp": 1638891577592, "tick_direction": 1, "price": 0.022, "mark_price": 0.02089797, "iv": 85.26, "instrument_name": "BTC-31DEC21-64000-C", "index_price": 51825.17, "direction": "buy", "amount": 9.7}, {"trade_seq": 6381, "trade_id": "194031769", "timestamp": 1638891577592, "tick_direction": 1, "price": 0.022, "mark_price": 0.02089797, "iv": 85.26, "instrument_name": "BTC-31DEC21-64000-C", "index_price": 51825.17, "direction": "buy", "amount": 2.3}, {"trade_seq": 6380, "trade_id": "194031768", "timestamp": 1638891577592, "tick_direction": 1, "price": 0.022, "mark_price": 0.02089797, "iv": 85.26, "instrument_name": "BTC-31DEC21-64000-C", "index_price": 51825.17, "direction": "buy", "amount": 16.0}, {"trade_seq": 6379, "trade_id": "194031767", "timestamp": 1638891577592, "tick_direction": 0, "price": 0.022, "mark_price": 0.02089797, "iv": 85.26, "instrument_name": "BTC-31DEC21-64000-C", "index_price": 51825.17, "direction": "buy", "amount": 1.0}, {"trade_seq": 6378, "trade_id": "194031766", "timestamp": 1638891577592, "tick_direction": 1, "price": 0.0215, "mark_price": 0.02089797, "iv": 84.55, "instrument_name": "BTC-31DEC21-64000-C", "index_price": 51825.17, "direction": "buy", "amount": 10.6}, {"trade_seq": 6377, "trade_id": "194031765", "timestamp": 1638891577592, "tick_direction": 1, "price": 0.0215, "mark_price": 0.02089797, "iv": 84.55, "instrument_name": "BTC-31DEC21-64000-C", "index_price": 51825.17, "direction": "buy", "amount": 3.0}, {"trade_seq": 6376, "trade_id": "194031764", "timestamp": 1638891577592, "tick_direction": 1, "price": 0.0215, "mark_price": 0.02089797, "iv": 84.55, "instrument_name": "BTC-31DEC21-64000-C", "index_price": 51825.17, "direction": "buy", "amount": 3.0}, {"trade_seq": 6375, "trade_id": "194031763", "timestamp": 1638891577592, "tick_direction": 0, "price": 0.0215, "mark_price": 0.02089797, "iv": 84.55, "instrument_name": "BTC-31DEC21-64000-C", "index_price": 51825.17, "direction": "buy", "amount": 9.3}, {"trade_seq": 6374, "trade_id": "194029019", "timestamp": 1638891207675, "tick_direction": 1, "price": 0.021, "mark_price": 0.01996384, "iv": 84.67, "instrument_name": "BTC-31DEC21-64000-C", "index_price": 51612.73, "direction": "sell", "amount": 14.7}, {"trade_seq": 6373, "trade_id": "194029018", "timestamp": 1638891207673, "tick_direction": 1, "price": 0.021, "mark_price": 0.01996384, "iv": 84.67, "instrument_name": "BTC-31DEC21-64000-C", "index_price": 51612.73, "direction": "sell", "amount": 18.0}, {"trade_seq": 6372, "trade_id": "194029017", "timestamp": 1638891207667, "tick_direction": 1, "price": 0.021, "mark_price": 0.01996384, "iv": 84.67, "instrument_name": "BTC-31DEC21-64000-C", "index_price": 51612.73, "direction": "buy", "amount": 9.3}, {"trade_seq": 6371, "trade_id": "194029016", "timestamp": 1638891207667, "tick_direction": 1, "price": 0.021, "mark_price": 0.01996384, "iv": 84.67, "instrument_name": "BTC-31DEC21-64000-C", "index_price": 51612.73, "direction": "buy", "amount": 9.7}, {"trade_seq": 6370, "trade_id": "194029015", "timestamp": 1638891207667, "tick_direction": 1, "price": 0.021, "mark_price": 0.01996384, "iv": 84.67, "instrument_name": "BTC-31DEC21-64000-C", "index_price": 51612.73, "direction": "buy", "amount": 7.3}, {"trade_seq": 6369, "trade_id": "194029014", "timestamp": 1638891207667, "tick_direction": 0, "price": 0.021, "mark_price": 0.01996384, "iv": 84.67, "instrument_name": "BTC-31DEC21-64000-C", "index_price": 51612.73, "direction": "buy", "amount": 25.0}, {"trade_seq": 6368, "trade_id": "194029013", "timestamp": 1638891207667, "tick_direction": 0, "price": 0.0205, "mark_price": 0.01996384, "iv": 83.95, "instrument_name": "BTC-31DEC21-64000-C", "index_price": 51612.73, "direction": "buy", "amount": 16.0}, {"trade_seq": 6367, "trade_id": "194024285", "timestamp": 1638890445409, "tick_direction": 1, "price": 0.02, "mark_price": 0.01927953, "iv": 82.84, "instrument_name": "BTC-31DEC21-64000-C", "index_price": 51707.23, "direction": "sell", "amount": 0.2}, {"trade_seq": 6366, "trade_id": "194024284", "timestamp": 1638890445408, "tick_direction": 1, "price": 0.02, "mark_price": 0.01927953, "iv": 82.84, "instrument_name": "BTC-31DEC21-64000-C", "index_price": 51707.23, "direction": "sell", "amount": 6.3}, {"trade_seq": 6365, "trade_id": "194024283", "timestamp": 1638890445406, "tick_direction": 1, "price": 0.02, "mark_price": 0.01927953, "iv": 82.84, "instrument_name": "BTC-31DEC21-64000-C", "index_price": 51707.23, "direction": "buy", "amount": 5.0}, {"trade_seq": 6364, "trade_id": "194024260", "timestamp": 1638890443766, "tick_direction": 1, "price": 0.02, "mark_price": 0.01928, "iv": 82.84, "instrument_name": "BTC-31DEC21-64000-C", "index_price": 51707.23, "direction": "buy", "amount": 1.9}, {"trade_seq": 6363, "trade_id": "194024259", "timestamp": 1638890443766, "tick_direction": 1, "price": 0.02, "mark_price": 0.01928, "iv": 82.84, "instrument_name": "BTC-31DEC21-64000-C", "index_price": 51707.23, "direction": "buy", "amount": 9.4}, {"trade_seq": 6362, "trade_id": "194024258", "timestamp": 1638890443766, "tick_direction": 0, "price": 0.02, "mark_price": 0.01928, "iv": 82.84, "instrument_name": "BTC-31DEC21-64000-C", "index_price": 51707.23, "direction": "buy", "amount": 0.1}, {"trade_seq": 6361, "trade_id": "194024257", "timestamp": 1638890443766, "tick_direction": 1, "price": 0.0195, "mark_price": 0.01928, "iv": 82.11, "instrument_name": "BTC-31DEC21-64000-C", "index_price": 51707.23, "direction": "buy", "amount": 0.1}, {"trade_seq": 6360, "trade_id": "194019386", "timestamp": 1638889338777, "tick_direction": 0, "price": 0.0195, "mark_price": 0.01962528, "iv": 82.03, "instrument_name": "BTC-31DEC21-64000-C", "index_price": 51686.86, "direction": "buy", "amount": 0.1}, {"trade_seq": 6359, "trade_id": "194016985", "timestamp": 1638888864858, "tick_direction": 0, "price": 0.019, "mark_price": 0.01905526, "iv": 82.57, "instrument_name": "BTC-31DEC21-64000-C", "index_price": 51457.02, "direction": "buy", "amount": 1.0}, {"trade_seq": 6358, "trade_id": "194010270", "timestamp": 1638886574478, "tick_direction": 2, "price": 0.017, "mark_price": 0.01640396, "iv": 81.93, "instrument_name": "BTC-31DEC21-64000-C", "index_price": 50949.39, "direction": "buy", "amount": 10.0}, {"trade_seq": 6357, "trade_id": "193979420", "timestamp": 1638868102472, "tick_direction": 1, "price": 0.0175, "mark_price": 0.01774829, "iv": 81.36, "instrument_name": "BTC-31DEC21-64000-C", "index_price": 51152.0, "direction": "sell", "amount": 0.1}, {"trade_seq": 6356, "trade_id": "193974107", "timestamp": 1638866002515, "tick_direction": 1, "price": 0.0175, "mark_price": 0.01782, "iv": 81.61, "instrument_name": "BTC-31DEC21-64000-C", "index_price": 51082.91, "direction": "sell", "amount": 2.0}