{"trades": [{"trade_seq": 8677, "trade_id": "238258162", "timestamp": 1671960773938, "tick_direction": 3, "price": 0.0005, "mark_price": 4.74e-06, "iv": 140.66, "instrument_name": "BTC-30DEC22-25000-C", "index_price": 16830.5, "direction": "buy", "amount": 4.6}, {"trade_seq": 8676, "trade_id": "238258161", "timestamp": 1671960773938, "tick_direction": 3, "price": 0.0005, "mark_price": 4.74e-06, "iv": 140.66, "instrument_name": "BTC-30DEC22-25000-C", "index_price": 16830.5, "direction": "buy", "amount": 0.5}, {"trade_seq": 8675, "trade_id": "238258160", "timestamp": 1671960773938, "tick_direction": 3, "price": 0.0005, "mark_price": 4.74e-06, "iv": 140.66, "instrument_name": "BTC-30DEC22-25000-C", "index_price": 16830.5, "direction": "buy", "amount": 4.9}, {"trade_seq": 8674, "trade_id": "238228545", "timestamp": 1671803764989, "tick_direction": 2, "price": 0.0005, "mark_price": 4.212e-05, "iv": 120.23, "instrument_name": "BTC-30DEC22-25000-C", "index_price": 16832.64, "direction": "buy", "amount": 0.1}, {"trade_seq": 8673, "trade_id": "238123249", "timestamp": 1671599667116, "tick_direction": 3, "price": 0.0005, "mark_price": 0.00020602, "iv": 103.91, "instrument_name": "BTC-30DEC22-25000-C", "index_price": 16811.17, "direction": "buy", "amount": 1.3}, {"trade_seq": 8672, "trade_id": "238123248", "timestamp": 1671599667116, "tick_direction": 3, "price": 0.0005, "mark_price": 0.00020602, "iv": 103.91, "instrument_name": "BTC-30DEC22-25000-C", "index_price": 16811.17, "direction": "buy", "amount": 0.7}, {"trade_seq": 8671, "trade_id": "238024858", "timestamp": 1671465339408, "tick_direction": 3, "price": 0.0005, "mark_price": 0.00036422, "iv": 97.7, "instrument_name": "BTC-30DEC22-25000-C", "index_price": 16676.97, "direction": "buy", "amount": 11.7}, {"trade_seq": 8670, "trade_id": "238024857", "timestamp": 1671465339258, "tick_direction": 3, "price": 0.0005, "mark_price": 0.00036422, "iv": 97.7, "instrument_name": "BTC-30DEC22-25000-C", "index_price": 16676.97, "direction": "buy", "amount": 15.0}, {"trade_seq": 8669, "trade_id": "238024856", "timestamp": 1671465339258, "tick_direction": 3, "price": 0.0005, "mark_price": 0.00036422, "iv": 97.7, "instrument_name": "BTC-30DEC22-25000-C", "index_price": 16676.97, "direction": "buy", "amount": 0.1}, {"trade_seq": 8668, "trade_id": "238024855", "timestamp": 1671465339258, "tick_direction": 3, "price": 0.0005, "mark_price": 0.00036422, "iv": 97.7, "instrument_name": "BTC-30DEC22-25000-C", "index_price": 16676.97, "direction": "buy", "amount": 0.1}, {"trade_seq": 8667, "trade_id": "237966350", "timestamp": 1671285080364, "tick_direction": 3, "price": 0.0005, "mark_price": 0.00071569, "iv": 89.64, "instrument_name": "BTC-30DEC22-25000-C", "index_price": 16668.02, "direction": "sell", "amount": 8.9}, {"trade_seq": 8666, "trade_id": "237962289", "timestamp": 1671273764546, "tick_direction": 3, "price": 0.0005, "mark_price": 0.0004937, "iv": 89.0, "instrument_name": "BTC-30DEC22-25000-C", "index_price": 16692.95, "direction": "buy", "amount": 0.1}, {"trade_seq": 8665, "trade_id": "237962288", "timestamp": 1671273764546, "tick_direction": 2, "price": 0.0005, "mark_price": 0.0004937, "iv": 89.0, "instrument_name": "BTC-30DEC22-25000-C", "index_price": 16692.95, "direction": "buy", "amount": 1.0}, {"trade_seq": 8664, "trade_id": "237922125", "timestamp": 1671222084009, "tick_direction": 0, "price": 0.0007, "mark_price": 0.00072773, "iv": 88.42, "instrument_name": "BTC-30DEC22-25000-C", "index_price": 16890.99, "direction": "buy", "block_trade_id": "59200", "amount": 39.0}, {"trade_seq": 8663, "trade_id": "237897187", "timestamp": 1671202774062, "tick_direction": 3, "price": 0.0005, "mark_price": 0.00071231, "iv": 82.45, "instrument_name": "BTC-30DEC22-25000-C", "index_price": 17032.64, "direction": "sell", "amount": 5.0}, {"trade_seq": 8662, "trade_id": "237897003", "timestamp": 1671202603847, "tick_direction": 3, "price": 0.0005, "mark_price": 0.00071433, "iv": 82.38, "instrument_name": "BTC-30DEC22-25000-C", "index_price": 17038.09, "direction": "sell", "amount": 5.0}, {"trade_seq": 8661, "trade_id": "237854185", "timestamp": 1671179853166, "tick_direction": 3, "price": 0.0005, "mark_price": 0.00071497, "iv": 76.83, "instrument_name": "BTC-30DEC22-25000-C", "index_price": 17460.8, "direction": "sell", "amount": 0.1}, {"trade_seq": 8660, "trade_id": "237852335", "timestamp": 1671177964659, "tick_direction": 3, "price": 0.0005, "mark_price": 0.00071411, "iv": 76.35, "instrument_name": "BTC-30DEC22-25000-C", "index_price": 17497.69, "direction": "sell", "amount": 0.7}, {"trade_seq": 8659, "trade_id": "237852140", "timestamp": 1671177864636, "tick_direction": 3, "price": 0.0005, "mark_price": 0.00072064, "iv": 76.25, "instrument_name": "BTC-30DEC22-25000-C", "index_price": 17500.23, "direction": "sell", "amount": 0.1}, {"trade_seq": 8658, "trade_id": "237838917", "timestamp": 1671157633603, "tick_direction": 2, "price": 0.0005, "mark_price": 0.00072129, "iv": 76.66, "instrument_name": "BTC-30DEC22-25000-C", "index_price": 17403.21, "direction": "sell", "amount": 0.1}, {"trade_seq": 8657, "trade_id": "237815092", "timestamp": 1671118952030, "tick_direction": 3, "price": 0.0005, "mark_price": 0.00070821, "iv": 75.3, "instrument_name": "BTC-30DEC22-25000-C", "index_price": 17429.33, "direction": "buy", "amount": 0.2}, {"trade_seq": 8656, "trade_id": "237815091", "timestamp": 1671118952009, "tick_direction": 3, "price": 0.0005, "mark_price": 0.00070821, "iv": 75.3, "instrument_name": "BTC-30DEC22-25000-C", "index_price": 17429.33, "direction": "buy", "amount": 3.7}, {"trade_seq": 8655, "trade_id": "237815090", "timestamp": 1671118952005, "tick_direction": 3, "price": 0.0005, "mark_price": 0.00070821, "iv": 75.3, "instrument_name": "BTC-30DEC22-25000-C", "index_price": 17429.33, "direction": "sell", "amount": 0.5}, {"trade_seq": 8654, "trade_id": "237815089", "timestamp": 1671118952005, "tick_direction": 3, "price": 0.0005, "mark_price": 0.00070821, "iv": 75.3, "instrument_name": "BTC-30DEC22-25000-C", "index_price": 17429.33, "direction": "sell", "amount": 1.0}, {"trade_seq": 8653, "trade_id": "237815088", "timestamp": 1671118952005, "tick_direction": 3, "price": 0.0005, "mark_price": 0.00070821, "iv": 75.3, "instrument_name": "BTC-30DEC22-25000-C", "index_price": 17429.33, "direction": "sell", "amount": 0.1}, {"trade_seq": 8652, "trade_id": "237815087", "timestamp": 1671118952005, "tick_direction": 3, "price": 0.0005, "mark_price": 0.00070821, "iv": 75.3, "instrument_name": "BTC-30DEC22-25000-C", "index_price": 17429.33, "direction": "sell", "amount": 1.5}, {"trade_seq": 8651, "trade_id": "237815086", "timestamp": 1671118952005, "tick_direction": 3, "price": 0.0005, "mark_price": 0.00070821, "iv": 75.3, "instrument_name": "BTC-30DEC22-25000-C", "index_price": 17429.33, "direction": "sell", "amount": 1.0}, {"trade_seq": 8650, "trade_id": "237815085", "timestamp": 1671118952005, "tick_direction": 3, "price": 0.0005, "mark_price": 0.00070821, "iv": 75.3, "instrument_name": "BTC-30DEC22-25000-C", "index_price": 17429.33, "direction": "sell", "amount": 5.0}, {"trade_seq": 8649, "trade_id": "237815084", "timestamp": 1671118952005, "tick_direction": 3, "price": 0.0005, "mark_price": 0.00070821, "iv": 75.3, "instrument_name": "BTC-30DEC22-25000-C", "index_price": 17429.33, "direction": "sell", "amount": 0.6}, {"trade_seq": 8648, "trade_id": "237815083", "timestamp": 1671118952005, "tick_direction": 3, "price": 0.0005, "mark_price": 0.00070821, "iv": 75.3, "instrument_name": "BTC-30DEC22-25000-C", "index_price": 17429.33, "direction": "sell", "amount": 0.2}, {"trade_seq": 8647, "trade_id": "237782840", "timestamp": 1671073742155, "tick_direction": 2, "price": 0.0005, "mark_price": 0.00072484, "iv": 71.0, "instrument_name": "BTC-30DEC22-25000-C", "index_price": 17725.08, "direction": "sell", "amount": 0.5}, {"trade_seq": 8646, "trade_id": "237780359", "timestamp": 1671070050303, "tick_direction": 3, "price": 0.001, "mark_price": 0.00071455, "iv": 78.57, "instrument_name": "BTC-30DEC22-25000-C", "index_price": 17633.47, "direction": "buy", "amount": 1.8}, {"trade_seq": 8645, "trade_id": "237772946", "timestamp": 1671062241935, "tick_direction": 3, "price": 0.001, "mark_price": 0.00121906, "iv": 76.54, "instrument_name": "BTC-30DEC22-25000-C", "index_price": 17802.33, "direction": "sell", "amount": 2.2}, {"trade_seq": 8644, "trade_id": "237772945", "timestamp": 1671062241512, "tick_direction": 3, "price": 0.001, "mark_price": 0.00121906, "iv": 76.54, "instrument_name": "BTC-30DEC22-25000-C", "index_price": 17802.33, "direction": "sell", "amount": 28.2}, {"trade_seq": 8643, "trade_id": "237772944", "timestamp": 1671062241504, "tick_direction": 3, "price": 0.001, "mark_price": 0.00121906, "iv": 76.54, "instrument_name": "BTC-30DEC22-25000-C", "index_price": 17802.33, "direction": "sell", "amount": 19.0}, {"trade_seq": 8642, "trade_id": "237772390", "timestamp": 1671060598707, "tick_direction": 3, "price": 0.001, "mark_price": 0.00122589, "iv": 76.43, "instrument_name": "BTC-30DEC22-25000-C", "index_price": 17807.3, "direction": "sell", "amount": 0.9}, {"trade_seq": 8641, "trade_id": "237771461", "timestamp": 1671059304014, "tick_direction": 3, "price": 0.001, "mark_price": 0.00122049, "iv": 76.32, "instrument_name": "BTC-30DEC22-25000-C", "index_price": 17813.35, "direction": "sell", "amount": 19.0}, {"trade_seq": 8640, "trade_id": "237771460", "timestamp": 1671059304000, "tick_direction": 3, "price": 0.001, "mark_price": 0.00122049, "iv": 76.32, "instrument_name": "BTC-30DEC22-25000-C", "index_price": 17813.35, "direction": "sell", "amount": 19.0}, {"trade_seq": 8639, "trade_id": "237768710", "timestamp": 1671053741068, "tick_direction": 2, "price": 0.001, "mark_price": 0.00124008, "iv": 75.88, "instrument_name": "BTC-30DEC22-25000-C", "index_price": 17838.49, "direction": "sell", "amount": 13.9}, {"trade_seq": 8638, "trade_id": "237726305", "timestamp": 1671042331319, "tick_direction": 1, "price": 0.0015, "mark_price": 0.0011962, "iv": 75.77, "instrument_name": "BTC-30DEC22-25000-C", "index_price": 18255.13, "direction": "buy", "amount": 0.8}, {"trade_seq": 8637, "trade_id": "237726304", "timestamp": 1671042331319, "tick_direction": 0, "price": 0.0015, "mark_price": 0.0011962, "iv": 75.77, "instrument_name": "BTC-30DEC22-25000-C", "index_price": 18255.13, "direction": "buy", "amount": 0.2}, {"trade_seq": 8636, "trade_id": "237722996", "timestamp": 1671041421517, "tick_direction": 1, "price": 0.001, "mark_price": 0.00073563, "iv": 72.65, "instrument_name": "BTC-30DEC22-25000-C", "index_price": 18117.13, "direction": "buy", "amount": 1.6}, {"trade_seq": 8635, "trade_id": "237722995", "timestamp": 1671041421517, "tick_direction": 0, "price": 0.001, "mark_price": 0.00073563, "iv": 72.65, "instrument_name": "BTC-30DEC22-25000-C", "index_price": 18117.13, "direction": "buy", "amount": 1.0}, {"trade_seq": 8634, "trade_id": "237685809", "timestamp": 1670996491186, "tick_direction": 2, "price": 0.0005, "mark_price": 0.00092351, "iv": 68.64, "instrument_name": "BTC-30DEC22-25000-C", "index_price": 17771.41, "direction": "sell", "amount": 0.1}, {"trade_seq": 8633, "trade_id": "237668375", "timestamp": 1670953197228, "tick_direction": 2, "price": 0.001, "mark_price": 0.00099147, "iv": 74.67, "instrument_name": "BTC-30DEC22-25000-C", "index_price": 17710.84, "direction": "sell", "amount": 0.2}, {"trade_seq": 8632, "trade_id": "237664369", "timestamp": 1670947501105, "tick_direction": 1, "price": 0.0015, "mark_price": 0.00122583, "iv": 78.32, "instrument_name": "BTC-30DEC22-25000-C", "index_price": 17781.03, "direction": "buy", "amount": 2.7}, {"trade_seq": 8631, "trade_id": "237664368", "timestamp": 1670947501105, "tick_direction": 1, "price": 0.0015, "mark_price": 0.00122583, "iv": 78.32, "instrument_name": "BTC-30DEC22-25000-C", "index_price": 17781.03, "direction": "buy", "amount": 2.3}, {"trade_seq": 8630, "trade_id": "237605616", "timestamp": 1670913625243, "tick_direction": 1, "price": 0.001, "mark_price": 0.00102314, "iv": 78.91, "instrument_name": "BTC-30DEC22-25000-C", "index_price": 17214.96, "direction": "sell", "amount": 0.1}, {"trade_seq": 8629, "trade_id": "237605615", "timestamp": 1670913625234, "tick_direction": 1, "price": 0.001, "mark_price": 0.00102314, "iv": 78.91, "instrument_name": "BTC-30DEC22-25000-C", "index_price": 17214.96, "direction": "sell", "amount": 0.1}, {"trade_seq": 8628, "trade_id": "237605614", "timestamp": 1670913625224, "tick_direction": 1, "price": 0.001, "mark_price": 0.00102314, "iv": 78.91, "instrument_name": "BTC-30DEC22-25000-C", "index_price": 17214.96, "direction": "sell", "amount": 0.1}, {"trade_seq": 8627, "trade_id": "237605613", "timestamp": 1670913625215, "tick_direction": 1, "price": 0.001, "mark_price": 0.00102314, "iv": 78.91, "instrument_name": "BTC-30DEC22-25000-C", "index_price": 17214.96, "direction": "sell", "amount": 0.2}, {"trade_seq": 8626, "trade_id": "237605612", "timestamp": 1670913625207, "tick_direction": 1, "price": 0.001, "mark_price": 0.00102314, "iv": 78.91, "instrument_name": "BTC-30DEC22-25000-C", "index_price": 17214.96, "direction": "sell", "amount": 0.4}, {"trade_seq": 8625, "trade_id": "237605611", "timestamp": 1670913625180, "tick_direction": 0, "price": 0.001, "mark_price": 0.00102314, "iv": 78.91, "instrument_name": "BTC-30DEC22-25000-C", "index_price": 17214.96, "direction": "sell", "amount": 0.7}, {"trade_seq": 8624, "trade_id": "237598770", "timestamp": 1670890965956, "tick_direction": 2, "price": 0.0005, "mark_price": 0.00090181, "iv": 71.85, "instrument_name": "BTC-30DEC22-25000-C", "index_price": 17184.29, "direction": "sell", "amount": 0.1}, {"trade_seq": 8623, "trade_id": "237572905", "timestamp": 1670833890965, "tick_direction": 1, "price": 0.0015, "mark_price": 0.00140298, "iv": 84.3, "instrument_name": "BTC-30DEC22-25000-C", "index_price": 16919.47, "direction": "sell", "amount": 4.2}, {"trade_seq": 8622, "trade_id": "237572904", "timestamp": 1670833880953, "tick_direction": 1, "price": 0.0015, "mark_price": 0.00139513, "iv": 84.31, "instrument_name": "BTC-30DEC22-25000-C", "index_price": 16918.31, "direction": "sell", "amount": 19.0}, {"trade_seq": 8621, "trade_id": "237572903", "timestamp": 1670833880935, "tick_direction": 1, "price": 0.0015, "mark_price": 0.00139513, "iv": 84.31, "instrument_name": "BTC-30DEC22-25000-C", "index_price": 16918.31, "direction": "buy", "amount": 4.5}, {"trade_seq": 8620, "trade_id": "237572902", "timestamp": 1670833880935, "tick_direction": 0, "price": 0.0015, "mark_price": 0.00139513, "iv": 84.31, "instrument_name": "BTC-30DEC22-25000-C", "index_price": 16918.31, "direction": "buy", "amount": 19.0}, {"trade_seq": 8619, "trade_id": "237572885", "timestamp": 1670833877999, "tick_direction": 3, "price": 0.001, "mark_price": 0.00139469, "iv": 79.6, "instrument_name": "BTC-30DEC22-25000-C", "index_price": 16917.39, "direction": "sell", "amount": 0.1}, {"trade_seq": 8618, "trade_id": "237572884", "timestamp": 1670833877986, "tick_direction": 3, "price": 0.001, "mark_price": 0.00139469, "iv": 79.6, "instrument_name": "BTC-30DEC22-25000-C", "index_price": 16917.39, "direction": "sell", "amount": 0.1}, {"trade_seq": 8617, "trade_id": "237572881", "timestamp": 1670833877965, "tick_direction": 3, "price": 0.001, "mark_price": 0.00139469, "iv": 79.6, "instrument_name": "BTC-30DEC22-25000-C", "index_price": 16917.39, "direction": "sell", "amount": 0.1}, {"trade_seq": 8616, "trade_id": "237572878", "timestamp": 1670833877954, "tick_direction": 3, "price": 0.001, "mark_price": 0.00139469, "iv": 79.6, "instrument_name": "BTC-30DEC22-25000-C", "index_price": 16917.39, "direction": "sell", "amount": 0.3}, {"trade_seq": 8615, "trade_id": "237572876", "timestamp": 1670833877048, "tick_direction": 3, "price": 0.001, "mark_price": 0.0013947, "iv": 79.6, "instrument_name": "BTC-30DEC22-25000-C", "index_price": 16917.19, "direction": "sell", "amount": 0.1}, {"trade_seq": 8614, "trade_id": "237572875", "timestamp": 1670833877039, "tick_direction": 3, "price": 0.001, "mark_price": 0.0013947, "iv": 79.6, "instrument_name": "BTC-30DEC22-25000-C", "index_price": 16917.19, "direction": "sell", "amount": 0.1}, {"trade_seq": 8613, "trade_id": "237572874", "timestamp": 1670833877029, "tick_direction": 3, "price": 0.001, "mark_price": 0.0013947, "iv": 79.6, "instrument_name": "BTC-30DEC22-25000-C", "index_price": 16917.19, "direction": "sell", "amount": 0.1}, {"trade_seq": 8612, "trade_id": "237572873", "timestamp": 1670833876993, "tick_direction": 3, "price": 0.001, "mark_price": 0.0013947, "iv": 79.6, "instrument_name": "BTC-30DEC22-25000-C", "index_price": 16917.19, "direction": "sell", "amount": 0.2}, {"trade_seq": 8611, "trade_id": "237572872", "timestamp": 1670833876990, "tick_direction": 3, "price": 0.001, "mark_price": 0.0013947, "iv": 79.6, "instrument_name": "BTC-30DEC22-25000-C", "index_price": 16917.19, "direction": "sell", "amount": 0.1}, {"trade_seq": 8610, "trade_id": "237572871", "timestamp": 1670833876978, "tick_direction": 3, "price": 0.001, "mark_price": 0.0013947, "iv": 79.6, "instrument_name": "BTC-30DEC22-25000-C", "index_price": 16917.19, "direction": "sell", "amount": 0.4}, {"trade_seq": 8609, "trade_id": "237572869", "timestamp": 1670833876971, "tick_direction": 3, "price": 0.001, "mark_price": 0.0013947, "iv": 79.6, "instrument_name": "BTC-30DEC22-25000-C", "index_price": 16917.19, "direction": "sell", "amount": 0.3}, {"trade_seq": 8608, "trade_id": "237572868", "timestamp": 1670833876966, "tick_direction": 3, "price": 0.001, "mark_price": 0.0013947, "iv": 79.6, "instrument_name": "BTC-30DEC22-25000-C", "index_price": 16917.19, "direction": "sell", "amount": 0.3}, {"trade_seq": 8607, "trade_id": "237572867", "timestamp": 1670833876962, "tick_direction": 3, "price": 0.001, "mark_price": 0.0013947, "iv": 79.6, "instrument_name": "BTC-30DEC22-25000-C", "index_price": 16917.19, "direction": "sell", "amount": 0.2}, {"trade_seq": 8606, "trade_id": "237572865", "timestamp": 1670833876957, "tick_direction": 3, "price": 0.001, "mark_price": 0.0013947, "iv": 79.6, "instrument_name": "BTC-30DEC22-25000-C", "index_price": 16917.19, "direction": "sell", "amount": 0.5}, {"trade_seq": 8605, "trade_id": "237572864", "timestamp": 1670833876952, "tick_direction": 3, "price": 0.001, "mark_price": 0.0013947, "iv": 79.6, "instrument_name": "BTC-30DEC22-25000-C", "index_price": 16917.19, "direction": "sell", "amount": 0.5}, {"trade_seq": 8604, "trade_id": "237572863", "timestamp": 1670833876948, "tick_direction": 3, "price": 0.001, "mark_price": 0.0013947, "iv": 79.6, "instrument_name": "BTC-30DEC22-25000-C", "index_price": 16917.19, "direction": "sell", "amount": 0.5}, {"trade_seq": 8603, "trade_id": "237572861", "timestamp": 1670833876943, "tick_direction": 3, "price": 0.001, "mark_price": 0.0013947, "iv": 79.6, "instrument_name": "BTC-30DEC22-25000-C", "index_price": 16917.19, "direction": "sell", "amount": 0.8}, {"trade_seq": 8602, "trade_id": "237572858", "timestamp": 1670833876936, "tick_direction": 3, "price": 0.001, "mark_price": 0.0013947, "iv": 79.6, "instrument_name": "BTC-30DEC22-25000-C", "index_price": 16917.19, "direction": "sell", "amount": 0.9}, {"trade_seq": 8601, "trade_id": "237572857", "timestamp": 1670833876935, "tick_direction": 3, "price": 0.001, "mark_price": 0.0013947, "iv": 79.6, "instrument_name": "BTC-30DEC22-25000-C", "index_price": 16917.19, "direction": "sell", "amount": 0.6}, {"trade_seq": 8600, "trade_id": "237572856", "timestamp": 1670833876935, "tick_direction": 3, "price": 0.001, "mark_price": 0.0013947, "iv": 79.6, "instrument_name": "BTC-30DEC22-25000-C", "index_price": 16917.19, "direction": "sell", "amount": 0.3}, {"trade_seq": 8599, "trade_id": "237572854", "timestamp": 1670833876921, "tick_direction": 3, "price": 0.001, "mark_price": 0.0013947, "iv": 79.6, "instrument_name": "BTC-30DEC22-25000-C", "index_price": 16917.19, "direction": "sell", "amount": 1.4}, {"trade_seq": 8598, "trade_id": "237572853", "timestamp": 1670833876920, "tick_direction": 3, "price": 0.001, "mark_price": 0.0013947, "iv": 79.6, "instrument_name": "BTC-30DEC22-25000-C", "index_price": 16917.19, "direction": "sell", "amount": 1.6}, {"trade_seq": 8597, "trade_id": "237572852", "timestamp": 1670833876919, "tick_direction": 3, "price": 0.001, "mark_price": 0.0013947, "iv": 79.6, "instrument_name": "BTC-30DEC22-25000-C", "index_price": 16917.19, "direction": "sell", "amount": 1.6}, {"trade_seq": 8596, "trade_id": "237572851", "timestamp": 1670833876908, "tick_direction": 3, "price": 0.001, "mark_price": 0.0013947, "iv": 79.6, "instrument_name": "BTC-30DEC22-25000-C", "index_price": 16917.19, "direction": "sell", "amount": 0.1}, {"trade_seq": 8595, "trade_id": "237572850", "timestamp": 1670833876908, "tick_direction": 3, "price": 0.001, "mark_price": 0.0013947, "iv": 79.6, "instrument_name": "BTC-30DEC22-25000-C", "index_price": 16917.19, "direction": "sell", "amount": 2.4}, {"trade_seq": 8594, "trade_id": "237572849", "timestamp": 1670833876907, "tick_direction": 3, "price": 0.001, "mark_price": 0.001395, "iv": 79.6, "instrument_name": "BTC-30DEC22-25000-C", "index_price": 16917.19, "direction": "sell", "amount": 2.9}, {"trade_seq": 8593, "trade_id": "237572848", "timestamp": 1670833876902, "tick_direction": 3, "price": 0.001, "mark_price": 0.001395, "iv": 79.6, "instrument_name": "BTC-30DEC22-25000-C", "index_price": 16917.19, "direction": "sell", "amount": 1.3}, {"trade_seq": 8592, "trade_id": "237572847", "timestamp": 1670833876902, "tick_direction": 3, "price": 0.001, "mark_price": 0.001395, "iv": 79.6, "instrument_name": "BTC-30DEC22-25000-C", "index_price": 16917.19, "direction": "sell", "amount": 0.5}, {"trade_seq": 8591, "trade_id": "237572846", "timestamp": 1670833876902, "tick_direction": 3, "price": 0.001, "mark_price": 0.001395, "iv": 79.6, "instrument_name": "BTC-30DEC22-25000-C", "index_price": 16917.19, "direction": "sell", "amount": 0.1}, {"trade_seq": 8590, "trade_id": "237572845", "timestamp": 1670833876902, "tick_direction": 3, "price": 0.001, "mark_price": 0.001395, "iv": 79.6, "instrument_name": "BTC-30DEC22-25000-C", "index_price": 16917.19, "direction": "sell", "amount": 1.0}, {"trade_seq": 8589, "trade_id": "237572844", "timestamp": 1670833876900, "tick_direction": 3, "price": 0.001, "mark_price": 0.001395, "iv": 79.6, "instrument_name": "BTC-30DEC22-25000-C", "index_price": 16917.19, "direction": "sell", "amount": 2.9}, {"trade_seq": 8588, "trade_id": "237572843", "timestamp": 1670833876892, "tick_direction": 3, "price": 0.001, "mark_price": 0.001395, "iv": 79.6, "instrument_name": "BTC-30DEC22-25000-C", "index_price": 16917.19, "direction": "sell", "amount": 2.9}, {"trade_seq": 8587, "trade_id": "237572842", "timestamp": 1670833876888, "tick_direction": 3, "price": 0.001, "mark_price": 0.001395, "iv": 79.6, "instrument_name": "BTC-30DEC22-25000-C", "index_price": 16917.19, "direction": "sell", "amount": 2.9}, {"trade_seq": 8586, "trade_id": "237572841", "timestamp": 1670833876885, "tick_direction": 3, "price": 0.001, "mark_price": 0.001395, "iv": 79.6, "instrument_name": "BTC-30DEC22-25000-C", "index_price": 16917.19, "direction": "sell", "amount": 2.9}, {"trade_seq": 8585, "trade_id": "237572840", "timestamp": 1670833876880, "tick_direction": 3, "price": 0.001, "mark_price": 0.001395, "iv": 79.6, "instrument_name": "BTC-30DEC22-25000-C", "index_price": 16917.19, "direction": "sell", "amount": 2.9}, {"trade_seq": 8584, "trade_id": "237572839", "timestamp": 1670833876878, "tick_direction": 3, "price": 0.001, "mark_price": 0.001395, "iv": 79.6, "instrument_name": "BTC-30DEC22-25000-C", "index_price": 16917.19, "direction": "sell", "amount": 2.9}, {"trade_seq": 8583, "trade_id": "237572838", "timestamp": 1670833876872, "tick_direction": 3, "price": 0.001, "mark_price": 0.001395, "iv": 79.6, "instrument_name": "BTC-30DEC22-25000-C", "index_price": 16917.19, "direction": "sell", "amount": 2.9}, {"trade_seq": 8582, "trade_id": "237572837", "timestamp": 1670833876865, "tick_direction": 3, "price": 0.001, "mark_price": 0.001395, "iv": 79.6, "instrument_name": "BTC-30DEC22-25000-C", "index_price": 16917.19, "direction": "sell", "amount": 2.9}, {"trade_seq": 8581, "trade_id": "237572836", "timestamp": 1670833876864, "tick_direction": 3, "price": 0.001, "mark_price": 0.001395, "iv": 79.6, "instrument_name": "BTC-30DEC22-25000-C", "index_price": 16917.19, "direction": "sell", "amount": 2.9}, {"trade_seq": 8580, "trade_id": "237572834", "timestamp": 1670833876852, "tick_direction": 2, "price": 0.001, "mark_price": 0.001395, "iv": 79.6, "instrument_name": "BTC-30DEC22-25000-C", "index_price": 16917.19, "direction": "sell", "amount": 2.9}, {"trade_seq": 8579, "trade_id": "237542683", "timestamp": 1670737268669, "tick_direction": 1, "price": 0.0015, "mark_price": 0.00163352, "iv": 79.32, "instrument_name": "BTC-30DEC22-25000-C", "index_price": 17179.04, "direction": "sell", "amount": 1.2}, {"trade_seq": 8578, "trade_id": "237532325", "timestamp": 1670675850315, "tick_direction": 1, "price": 0.0015, "mark_price": 0.00171921, "iv": 78.16, "instrument_name": "BTC-30DEC22-25000-C", "index_price": 17146.53, "direction": "sell", "amount": 2.5}, {"trade_seq": 8577, "trade_id": "237524786", "timestamp": 1670633807794, "tick_direction": 1, "price": 0.0015, "mark_price": 0.00174531, "iv": 77.14, "instrument_name": "BTC-30DEC22-25000-C", "index_price": 17154.07, "direction": "sell", "amount": 8.3}, {"trade_seq": 8576, "trade_id": "237524785", "timestamp": 1670633807794, "tick_direction": 1, "price": 0.0015, "mark_price": 0.00174531, "iv": 77.14, "instrument_name": "BTC-30DEC22-25000-C", "index_price": 17154.07, "direction": "sell", "amount": 1.7}, {"trade_seq": 8575, "trade_id": "237523260", "timestamp": 1670626726568, "tick_direction": 1, "price": 0.0015, "mark_price": 0.00174168, "iv": 77.19, "instrument_name": "BTC-30DEC22-25000-C", "index_price": 17130.34, "direction": "sell", "amount": 2.3}, {"trade_seq": 8574, "trade_id": "237520569", "timestamp": 1670618502582, "tick_direction": 1, "price": 0.0015, "mark_price": 0.00171659, "iv": 77.11, "instrument_name": "BTC-30DEC22-25000-C", "index_price": 17115.55, "direction": "sell", "amount": 1.0}, {"trade_seq": 8573, "trade_id": "237514835", "timestamp": 1670598953924, "tick_direction": 1, "price": 0.0015, "mark_price": 0.0016034, "iv": 76.26, "instrument_name": "BTC-30DEC22-25000-C", "index_price": 17167.65, "direction": "sell", "amount": 0.1}, {"trade_seq": 8572, "trade_id": "237512324", "timestamp": 1670595569040, "tick_direction": 1, "price": 0.0015, "mark_price": 0.00158726, "iv": 76.57, "instrument_name": "BTC-30DEC22-25000-C", "index_price": 17125.21, "direction": "sell", "amount": 7.0}, {"trade_seq": 8571, "trade_id": "237506829", "timestamp": 1670590356370, "tick_direction": 1, "price": 0.0015, "mark_price": 0.00131494, "iv": 75.23, "instrument_name": "BTC-30DEC22-25000-C", "index_price": 17244.37, "direction": "sell", "amount": 5.2}, {"trade_seq": 8570, "trade_id": "237506828", "timestamp": 1670590355939, "tick_direction": 1, "price": 0.0015, "mark_price": 0.00131442, "iv": 75.23, "instrument_name": "BTC-30DEC22-25000-C", "index_price": 17244.37, "direction": "buy", "amount": 1.4}, {"trade_seq": 8569, "trade_id": "237506699", "timestamp": 1670590255949, "tick_direction": 1, "price": 0.0015, "mark_price": 0.0013031, "iv": 75.35, "instrument_name": "BTC-30DEC22-25000-C", "index_price": 17233.21, "direction": "buy", "amount": 4.5}, {"trade_seq": 8568, "trade_id": "237506117", "timestamp": 1670589935367, "tick_direction": 1, "price": 0.0015, "mark_price": 0.00130348, "iv": 75.5, "instrument_name": "BTC-30DEC22-25000-C", "index_price": 17216.22, "direction": "sell", "amount": 4.0}, {"trade_seq": 8567, "trade_id": "237506109", "timestamp": 1670589934300, "tick_direction": 1, "price": 0.0015, "mark_price": 0.00129125, "iv": 75.51, "instrument_name": "BTC-30DEC22-25000-C", "index_price": 17215.27, "direction": "sell", "amount": 2.8}, {"trade_seq": 8566, "trade_id": "237506094", "timestamp": 1670589932912, "tick_direction": 1, "price": 0.0015, "mark_price": 0.00129189, "iv": 75.48, "instrument_name": "BTC-30DEC22-25000-C", "index_price": 17218.65, "direction": "sell", "amount": 5.0}, {"trade_seq": 8565, "trade_id": "237506093", "timestamp": 1670589932899, "tick_direction": 1, "price": 0.0015, "mark_price": 0.00129189, "iv": 75.48, "instrument_name": "BTC-30DEC22-25000-C", "index_price": 17218.65, "direction": "buy", "amount": 0.9}, {"trade_seq": 8564, "trade_id": "237506091", "timestamp": 1670589932647, "tick_direction": 1, "price": 0.0015, "mark_price": 0.00129189, "iv": 75.47, "instrument_name": "BTC-30DEC22-25000-C", "index_price": 17219.64, "direction": "buy", "amount": 7.1}, {"trade_seq": 8563, "trade_id": "237504713", "timestamp": 1670589675817, "tick_direction": 1, "price": 0.0015, "mark_price": 0.00132884, "iv": 75.0, "instrument_name": "BTC-30DEC22-25000-C", "index_price": 17273.16, "direction": "sell", "amount": 3.0}, {"trade_seq": 8562, "trade_id": "237504712", "timestamp": 1670589675812, "tick_direction": 1, "price": 0.0015, "mark_price": 0.00132884, "iv": 75.0, "instrument_name": "BTC-30DEC22-25000-C", "index_price": 17273.16, "direction": "buy", "amount": 1.3}, {"trade_seq": 8561, "trade_id": "237504704", "timestamp": 1670589675556, "tick_direction": 1, "price": 0.0015, "mark_price": 0.00132884, "iv": 75.0, "instrument_name": "BTC-30DEC22-25000-C", "index_price": 17273.16, "direction": "buy", "amount": 3.1}, {"trade_seq": 8560, "trade_id": "237504703", "timestamp": 1670589675303, "tick_direction": 1, "price": 0.0015, "mark_price": 0.0013287, "iv": 75.0, "instrument_name": "BTC-30DEC22-25000-C", "index_price": 17273.16, "direction": "buy", "amount": 6.1}, {"trade_seq": 8559, "trade_id": "237504702", "timestamp": 1670589675055, "tick_direction": 1, "price": 0.0015, "mark_price": 0.0013287, "iv": 75.0, "instrument_name": "BTC-30DEC22-25000-C", "index_price": 17272.83, "direction": "buy", "amount": 2.4}, {"trade_seq": 8558, "trade_id": "237504701", "timestamp": 1670589674796, "tick_direction": 1, "price": 0.0015, "mark_price": 0.0013287, "iv": 75.0, "instrument_name": "BTC-30DEC22-25000-C", "index_price": 17272.83, "direction": "buy", "amount": 6.1}, {"trade_seq": 8557, "trade_id": "237503616", "timestamp": 1670585877782, "tick_direction": 1, "price": 0.0015, "mark_price": 0.00124121, "iv": 75.31, "instrument_name": "BTC-30DEC22-25000-C", "index_price": 17230.63, "direction": "sell", "amount": 1.2}, {"trade_seq": 8556, "trade_id": "237503615", "timestamp": 1670585877777, "tick_direction": 1, "price": 0.0015, "mark_price": 0.00124121, "iv": 75.31, "instrument_name": "BTC-30DEC22-25000-C", "index_price": 17230.63, "direction": "buy", "amount": 1.8}, {"trade_seq": 8555, "trade_id": "237503614", "timestamp": 1670585877777, "tick_direction": 1, "price": 0.0015, "mark_price": 0.00124121, "iv": 75.31, "instrument_name": "BTC-30DEC22-25000-C", "index_price": 17230.63, "direction": "buy", "amount": 0.2}, {"trade_seq": 8554, "trade_id": "237501900", "timestamp": 1670581112997, "tick_direction": 1, "price": 0.0015, "mark_price": 0.00119878, "iv": 75.52, "instrument_name": "BTC-30DEC22-25000-C", "index_price": 17209.81, "direction": "buy", "amount": 2.4}, {"trade_seq": 8553, "trade_id": "237501899", "timestamp": 1670581112997, "tick_direction": 1, "price": 0.0015, "mark_price": 0.00119878, "iv": 75.52, "instrument_name": "BTC-30DEC22-25000-C", "index_price": 17209.81, "direction": "buy", "amount": 1.9}, {"trade_seq": 8552, "trade_id": "237501894", "timestamp": 1670581112755, "tick_direction": 0, "price": 0.0015, "mark_price": 0.00119872, "iv": 75.52, "instrument_name": "BTC-30DEC22-25000-C", "index_price": 17209.81, "direction": "buy", "amount": 7.6}, {"trade_seq": 8551, "trade_id": "237498733", "timestamp": 1670576232288, "tick_direction": 1, "price": 0.001, "mark_price": 0.00106568, "iv": 71.17, "instrument_name": "BTC-30DEC22-25000-C", "index_price": 17203.54, "direction": "sell", "amount": 5.4}, {"trade_seq": 8550, "trade_id": "237498732", "timestamp": 1670576231284, "tick_direction": 1, "price": 0.001, "mark_price": 0.00106536, "iv": 71.17, "instrument_name": "BTC-30DEC22-25000-C", "index_price": 17203.55, "direction": "sell", "amount": 3.4}, {"trade_seq": 8549, "trade_id": "237498218", "timestamp": 1670574806998, "tick_direction": 1, "price": 0.001, "mark_price": 0.00073024, "iv": 71.13, "instrument_name": "BTC-30DEC22-25000-C", "index_price": 17205.69, "direction": "buy", "amount": 2.5}, {"trade_seq": 8548, "trade_id": "237497407", "timestamp": 1670573267825, "tick_direction": 0, "price": 0.001, "mark_price": 0.0010501, "iv": 71.02, "instrument_name": "BTC-30DEC22-25000-C", "index_price": 17211.23, "direction": "buy", "amount": 7.9}, {"trade_seq": 8547, "trade_id": "237496915", "timestamp": 1670572914920, "tick_direction": 2, "price": 0.0005, "mark_price": 0.0012165, "iv": 64.89, "instrument_name": "BTC-30DEC22-25000-C", "index_price": 17214.98, "direction": "sell", "amount": 0.1}, {"trade_seq": 8546, "trade_id": "237392870", "timestamp": 1670389690112, "tick_direction": 3, "price": 0.001, "mark_price": 0.00071975, "iv": 69.16, "instrument_name": "BTC-30DEC22-25000-C", "index_price": 17033.65, "direction": "buy", "amount": 4.0}, {"trade_seq": 8545, "trade_id": "237392204", "timestamp": 1670386852589, "tick_direction": 3, "price": 0.001, "mark_price": 0.00071892, "iv": 69.2, "instrument_name": "BTC-30DEC22-25000-C", "index_price": 17022.49, "direction": "buy", "amount": 6.0}, {"trade_seq": 8544, "trade_id": "237334798", "timestamp": 1670262976805, "tick_direction": 3, "price": 0.001, "mark_price": 0.00086391, "iv": 67.02, "instrument_name": "BTC-30DEC22-25000-C", "index_price": 17046.61, "direction": "buy", "amount": 4.2}, {"trade_seq": 8543, "trade_id": "237332095", "timestamp": 1670257528605, "tick_direction": 3, "price": 0.001, "mark_price": 0.00116949, "iv": 67.2, "instrument_name": "BTC-30DEC22-25000-C", "index_price": 16995.31, "direction": "buy", "amount": 9.1}, {"trade_seq": 8542, "trade_id": "237332000", "timestamp": 1670257527268, "tick_direction": 3, "price": 0.001, "mark_price": 0.00118182, "iv": 67.03, "instrument_name": "BTC-30DEC22-25000-C", "index_price": 17008.16, "direction": "sell", "amount": 5.0}, {"trade_seq": 8541, "trade_id": "237331999", "timestamp": 1670257527268, "tick_direction": 3, "price": 0.001, "mark_price": 0.00118182, "iv": 67.03, "instrument_name": "BTC-30DEC22-25000-C", "index_price": 17008.16, "direction": "sell", "amount": 1.0}, {"trade_seq": 8540, "trade_id": "237331998", "timestamp": 1670257527268, "tick_direction": 3, "price": 0.001, "mark_price": 0.00118182, "iv": 67.03, "instrument_name": "BTC-30DEC22-25000-C", "index_price": 17008.16, "direction": "sell", "amount": 9.0}, {"trade_seq": 8539, "trade_id": "237276701", "timestamp": 1670202404935, "tick_direction": 3, "price": 0.0015, "mark_price": 0.00122499, "iv": 68.56, "instrument_name": "BTC-30DEC22-25000-C", "index_price": 17203.18, "direction": "buy", "amount": 1.0}, {"trade_seq": 8538, "trade_id": "237251281", "timestamp": 1670168187278, "tick_direction": 3, "price": 0.0015, "mark_price": 0.00123638, "iv": 69.54, "instrument_name": "BTC-30DEC22-25000-C", "index_price": 17038.19, "direction": "buy", "amount": 3.5}, {"trade_seq": 8537, "trade_id": "237227096", "timestamp": 1670116337949, "tick_direction": 3, "price": 0.0015, "mark_price": 0.00123487, "iv": 69.45, "instrument_name": "BTC-30DEC22-25000-C", "index_price": 16952.24, "direction": "buy", "amount": 0.2}, {"trade_seq": 8536, "trade_id": "237217535", "timestamp": 1670100167656, "tick_direction": 3, "price": 0.0015, "mark_price": 0.00122531, "iv": 69.43, "instrument_name": "BTC-30DEC22-25000-C", "index_price": 16958.43, "direction": "buy", "amount": 7.0}, {"trade_seq": 8535, "trade_id": "237176062", "timestamp": 1670003716514, "tick_direction": 3, "price": 0.0015, "mark_price": 0.00122786, "iv": 67.9, "instrument_name": "BTC-30DEC22-25000-C", "index_price": 16942.42, "direction": "buy", "amount": 2.9}, {"trade_seq": 8534, "trade_id": "237176061", "timestamp": 1670003716514, "tick_direction": 3, "price": 0.0015, "mark_price": 0.00122786, "iv": 67.9, "instrument_name": "BTC-30DEC22-25000-C", "index_price": 16942.42, "direction": "buy", "amount": 0.1}, {"trade_seq": 8533, "trade_id": "237116219", "timestamp": 1669928522869, "tick_direction": 2, "price": 0.0015, "mark_price": 0.00156384, "iv": 67.21, "instrument_name": "BTC-30DEC22-25000-C", "index_price": 16886.24, "direction": "sell", "amount": 1.0}, {"trade_seq": 8532, "trade_id": "237080229", "timestamp": 1669901511348, "tick_direction": 1, "price": 0.002, "mark_price": 0.0018099, "iv": 67.29, "instrument_name": "BTC-30DEC22-25000-C", "index_price": 17203.73, "direction": "buy", "amount": 6.0}, {"trade_seq": 8531, "trade_id": "237080228", "timestamp": 1669901511348, "tick_direction": 1, "price": 0.002, "mark_price": 0.0018099, "iv": 67.29, "instrument_name": "BTC-30DEC22-25000-C", "index_price": 17203.73, "direction": "buy", "amount": 8.4}, {"trade_seq": 8530, "trade_id": "237022719", "timestamp": 1669843245667, "tick_direction": 1, "price": 0.002, "mark_price": 0.00172934, "iv": 67.87, "instrument_name": "BTC-30DEC22-25000-C", "index_price": 17042.89, "direction": "sell", "amount": 3.3}, {"trade_seq": 8529, "trade_id": "237022709", "timestamp": 1669843237925, "tick_direction": 1, "price": 0.002, "mark_price": 0.00171867, "iv": 67.9, "instrument_name": "BTC-30DEC22-25000-C", "index_price": 17039.27, "direction": "buy", "amount": 1.6}, {"trade_seq": 8528, "trade_id": "237022708", "timestamp": 1669843237925, "tick_direction": 1, "price": 0.002, "mark_price": 0.00171867, "iv": 67.9, "instrument_name": "BTC-30DEC22-25000-C", "index_price": 17039.27, "direction": "buy", "amount": 10.0}, {"trade_seq": 8527, "trade_id": "237022707", "timestamp": 1669843237925, "tick_direction": 1, "price": 0.002, "mark_price": 0.00171867, "iv": 67.9, "instrument_name": "BTC-30DEC22-25000-C", "index_price": 17039.27, "direction": "buy", "amount": 0.1}, {"trade_seq": 8526, "trade_id": "236993700", "timestamp": 1669830742118, "tick_direction": 1, "price": 0.002, "mark_price": 0.00203811, "iv": 69.97, "instrument_name": "BTC-30DEC22-25000-C", "index_price": 16773.79, "direction": "sell", "amount": 0.5}, {"trade_seq": 8525, "trade_id": "236993131", "timestamp": 1669829863336, "tick_direction": 1, "price": 0.002, "mark_price": 0.00209566, "iv": 69.99, "instrument_name": "BTC-30DEC22-25000-C", "index_price": 16770.2, "direction": "sell", "amount": 0.1}, {"trade_seq": 8524, "trade_id": "236993130", "timestamp": 1669829863327, "tick_direction": 1, "price": 0.002, "mark_price": 0.00209566, "iv": 69.99, "instrument_name": "BTC-30DEC22-25000-C", "index_price": 16770.2, "direction": "sell", "amount": 0.1}, {"trade_seq": 8523, "trade_id": "236993126", "timestamp": 1669829863212, "tick_direction": 1, "price": 0.002, "mark_price": 0.00209566, "iv": 69.99, "instrument_name": "BTC-30DEC22-25000-C", "index_price": 16770.2, "direction": "sell", "amount": 0.1}, {"trade_seq": 8522, "trade_id": "236993125", "timestamp": 1669829863183, "tick_direction": 1, "price": 0.002, "mark_price": 0.00209566, "iv": 69.99, "instrument_name": "BTC-30DEC22-25000-C", "index_price": 16770.2, "direction": "sell", "amount": 0.1}, {"trade_seq": 8521, "trade_id": "236993121", "timestamp": 1669829861010, "tick_direction": 1, "price": 0.002, "mark_price": 0.00209458, "iv": 70.0, "instrument_name": "BTC-30DEC22-25000-C", "index_price": 16770.66, "direction": "sell", "amount": 0.1}, {"trade_seq": 8520, "trade_id": "236947726", "timestamp": 1669769581757, "tick_direction": 1, "price": 0.002, "mark_price": 0.00175629, "iv": 68.79, "instrument_name": "BTC-30DEC22-25000-C", "index_price": 16801.49, "direction": "buy", "amount": 1.0}, {"trade_seq": 8519, "trade_id": "236947725", "timestamp": 1669769580601, "tick_direction": 1, "price": 0.002, "mark_price": 0.00175728, "iv": 68.79, "instrument_name": "BTC-30DEC22-25000-C", "index_price": 16803.15, "direction": "buy", "amount": 1.0}, {"trade_seq": 8518, "trade_id": "236934941", "timestamp": 1669750528988, "tick_direction": 1, "price": 0.002, "mark_price": 0.00159244, "iv": 71.92, "instrument_name": "BTC-30DEC22-25000-C", "index_price": 16423.44, "direction": "buy", "amount": 0.4}, {"trade_seq": 8517, "trade_id": "236934940", "timestamp": 1669750528988, "tick_direction": 1, "price": 0.002, "mark_price": 0.00159244, "iv": 71.92, "instrument_name": "BTC-30DEC22-25000-C", "index_price": 16423.44, "direction": "buy", "amount": 0.6}, {"trade_seq": 8516, "trade_id": "236934939", "timestamp": 1669750527567, "tick_direction": 1, "price": 0.002, "mark_price": 0.00159217, "iv": 71.92, "instrument_name": "BTC-30DEC22-25000-C", "index_price": 16422.42, "direction": "buy", "amount": 1.0}, {"trade_seq": 8515, "trade_id": "236934938", "timestamp": 1669750526558, "tick_direction": 0, "price": 0.002, "mark_price": 0.0015922, "iv": 71.92, "instrument_name": "BTC-30DEC22-25000-C", "index_price": 16422.15, "direction": "buy", "amount": 1.0}, {"trade_seq": 8514, "trade_id": "236914575", "timestamp": 1669727634164, "tick_direction": 2, "price": 0.0015, "mark_price": 0.00172171, "iv": 68.19, "instrument_name": "BTC-30DEC22-25000-C", "index_price": 16466.57, "direction": "sell", "amount": 1.0}, {"trade_seq": 8513, "trade_id": "236913977", "timestamp": 1669726502314, "tick_direction": 0, "price": 0.002, "mark_price": 0.00173617, "iv": 71.04, "instrument_name": "BTC-30DEC22-25000-C", "index_price": 16473.84, "direction": "buy", "amount": 0.5}, {"trade_seq": 8512, "trade_id": "236906438", "timestamp": 1669711832752, "tick_direction": 3, "price": 0.001, "mark_price": 0.00160334, "iv": 63.86, "instrument_name": "BTC-30DEC22-25000-C", "index_price": 16503.5, "direction": "sell", "amount": 1.7}, {"trade_seq": 8511, "trade_id": "236906437", "timestamp": 1669711832752, "tick_direction": 3, "price": 0.001, "mark_price": 0.00160334, "iv": 63.86, "instrument_name": "BTC-30DEC22-25000-C", "index_price": 16503.5, "direction": "sell", "amount": 6.1}, {"trade_seq": 8510, "trade_id": "236906436", "timestamp": 1669711832752, "tick_direction": 3, "price": 0.001, "mark_price": 0.00160334, "iv": 63.86, "instrument_name": "BTC-30DEC22-25000-C", "index_price": 16503.5, "direction": "sell", "amount": 2.0}, {"trade_seq": 8509, "trade_id": "236906435", "timestamp": 1669711832752, "tick_direction": 3, "price": 0.001, "mark_price": 0.00160334, "iv": 63.86, "instrument_name": "BTC-30DEC22-25000-C", "index_price": 16503.5, "direction": "sell", "amount": 0.1}, {"trade_seq": 8508, "trade_id": "236906434", "timestamp": 1669711832752, "tick_direction": 2, "price": 0.001, "mark_price": 0.00160334, "iv": 63.86, "instrument_name": "BTC-30DEC22-25000-C", "index_price": 16503.5, "direction": "sell", "amount": 0.1}, {"trade_seq": 8507, "trade_id": "236818837", "timestamp": 1669601081955, "tick_direction": 3, "price": 0.0015, "mark_price": 0.00181518, "iv": 70.36, "instrument_name": "BTC-30DEC22-25000-C", "index_price": 16052.67, "direction": "sell", "amount": 3.8}, {"trade_seq": 8506, "trade_id": "236818836", "timestamp": 1669601081955, "tick_direction": 3, "price": 0.0015, "mark_price": 0.00181518, "iv": 70.36, "instrument_name": "BTC-30DEC22-25000-C", "index_price": 16052.67, "direction": "sell", "amount": 6.2}, {"trade_seq": 8505, "trade_id": "236807796", "timestamp": 1669591980975, "tick_direction": 3, "price": 0.0015, "mark_price": 0.00167599, "iv": 67.01, "instrument_name": "BTC-30DEC22-25000-C", "index_price": 16408.45, "direction": "sell", "amount": 2.4}, {"trade_seq": 8504, "trade_id": "236807795", "timestamp": 1669591980975, "tick_direction": 3, "price": 0.0015, "mark_price": 0.00167599, "iv": 67.01, "instrument_name": "BTC-30DEC22-25000-C", "index_price": 16408.45, "direction": "sell", "amount": 2.1}, {"trade_seq": 8503, "trade_id": "236807794", "timestamp": 1669591980975, "tick_direction": 3, "price": 0.0015, "mark_price": 0.00167599, "iv": 67.01, "instrument_name": "BTC-30DEC22-25000-C", "index_price": 16408.45, "direction": "sell", "amount": 6.1}, {"trade_seq": 8502, "trade_id": "236807793", "timestamp": 1669591980975, "tick_direction": 3, "price": 0.0015, "mark_price": 0.00167599, "iv": 67.01, "instrument_name": "BTC-30DEC22-25000-C", "index_price": 16408.45, "direction": "sell", "amount": 5.0}, {"trade_seq": 8501, "trade_id": "236807792", "timestamp": 1669591980975, "tick_direction": 2, "price": 0.0015, "mark_price": 0.00167599, "iv": 67.01, "instrument_name": "BTC-30DEC22-25000-C", "index_price": 16408.45, "direction": "sell", "amount": 2.0}, {"trade_seq": 8500, "trade_id": "236807679", "timestamp": 1669591904612, "tick_direction": 1, "price": 0.002, "mark_price": 0.0016725, "iv": 69.9, "instrument_name": "BTC-30DEC22-25000-C", "index_price": 16420.14, "direction": "buy", "amount": 0.1}, {"trade_seq": 8499, "trade_id": "236807633", "timestamp": 1669591898336, "tick_direction": 1, "price": 0.002, "mark_price": 0.00168032, "iv": 69.84, "instrument_name": "BTC-30DEC22-25000-C", "index_price": 16422.74, "direction": "buy", "amount": 0.1}, {"trade_seq": 8498, "trade_id": "236806642", "timestamp": 1669590459374, "tick_direction": 1, "price": 0.002, "mark_price": 0.00168591, "iv": 69.2, "instrument_name": "BTC-30DEC22-25000-C", "index_price": 16499.4, "direction": "buy", "amount": 0.1}, {"trade_seq": 8497, "trade_id": "236806641", "timestamp": 1669590455607, "tick_direction": 1, "price": 0.002, "mark_price": 0.00168487, "iv": 69.19, "instrument_name": "BTC-30DEC22-25000-C", "index_price": 16499.41, "direction": "buy", "amount": 0.1}, {"trade_seq": 8496, "trade_id": "236806496", "timestamp": 1669590369168, "tick_direction": 1, "price": 0.002, "mark_price": 0.00165903, "iv": 69.32, "instrument_name": "BTC-30DEC22-25000-C", "index_price": 16487.27, "direction": "buy", "amount": 0.1}, {"trade_seq": 8495, "trade_id": "236806359", "timestamp": 1669590284752, "tick_direction": 1, "price": 0.002, "mark_price": 0.00163979, "iv": 69.34, "instrument_name": "BTC-30DEC22-25000-C", "index_price": 16482.17, "direction": "buy", "amount": 0.1}, {"trade_seq": 8494, "trade_id": "236806358", "timestamp": 1669590284697, "tick_direction": 1, "price": 0.002, "mark_price": 0.00163979, "iv": 69.34, "instrument_name": "BTC-30DEC22-25000-C", "index_price": 16482.17, "direction": "buy", "amount": 0.1}, {"trade_seq": 8493, "trade_id": "236806357", "timestamp": 1669590284572, "tick_direction": 1, "price": 0.002, "mark_price": 0.00163979, "iv": 69.34, "instrument_name": "BTC-30DEC22-25000-C", "index_price": 16482.17, "direction": "buy", "amount": 0.1}, {"trade_seq": 8492, "trade_id": "236806350", "timestamp": 1669590282549, "tick_direction": 1, "price": 0.002, "mark_price": 0.00163838, "iv": 69.34, "instrument_name": "BTC-30DEC22-25000-C", "index_price": 16481.99, "direction": "buy", "amount": 0.1}, {"trade_seq": 8491, "trade_id": "236806349", "timestamp": 1669590281777, "tick_direction": 1, "price": 0.002, "mark_price": 0.00163838, "iv": 69.34, "instrument_name": "BTC-30DEC22-25000-C", "index_price": 16481.56, "direction": "buy", "amount": 0.1}, {"trade_seq": 8490, "trade_id": "236806347", "timestamp": 1669590280816, "tick_direction": 1, "price": 0.002, "mark_price": 0.00163853, "iv": 69.34, "instrument_name": "BTC-30DEC22-25000-C", "index_price": 16481.71, "direction": "buy", "amount": 0.1}, {"trade_seq": 8489, "trade_id": "236806282", "timestamp": 1669590249932, "tick_direction": 1, "price": 0.002, "mark_price": 0.00161084, "iv": 69.46, "instrument_name": "BTC-30DEC22-25000-C", "index_price": 16468.3, "direction": "buy", "amount": 0.1}, {"trade_seq": 8488, "trade_id": "236806281", "timestamp": 1669590249912, "tick_direction": 1, "price": 0.002, "mark_price": 0.00161084, "iv": 69.46, "instrument_name": "BTC-30DEC22-25000-C", "index_price": 16468.3, "direction": "buy", "amount": 0.1}, {"trade_seq": 8487, "trade_id": "236806200", "timestamp": 1669590232003, "tick_direction": 1, "price": 0.002, "mark_price": 0.0016046, "iv": 69.48, "instrument_name": "BTC-30DEC22-25000-C", "index_price": 16461.32, "direction": "buy", "amount": 0.1}, {"trade_seq": 8486, "trade_id": "236806198", "timestamp": 1669590231924, "tick_direction": 1, "price": 0.002, "mark_price": 0.0016046, "iv": 69.48, "instrument_name": "BTC-30DEC22-25000-C", "index_price": 16461.32, "direction": "buy", "amount": 0.1}, {"trade_seq": 8485, "trade_id": "236806139", "timestamp": 1669590213081, "tick_direction": 1, "price": 0.002, "mark_price": 0.00158938, "iv": 69.54, "instrument_name": "BTC-30DEC22-25000-C", "index_price": 16464.84, "direction": "buy", "amount": 0.1}, {"trade_seq": 8484, "trade_id": "236806135", "timestamp": 1669590213061, "tick_direction": 1, "price": 0.002, "mark_price": 0.00158938, "iv": 69.54, "instrument_name": "BTC-30DEC22-25000-C", "index_price": 16464.84, "direction": "buy", "amount": 0.1}, {"trade_seq": 8483, "trade_id": "236806134", "timestamp": 1669590213033, "tick_direction": 1, "price": 0.002, "mark_price": 0.00158938, "iv": 69.54, "instrument_name": "BTC-30DEC22-25000-C", "index_price": 16464.84, "direction": "buy", "amount": 0.1}, {"trade_seq": 8482, "trade_id": "236806122", "timestamp": 1669590210473, "tick_direction": 1, "price": 0.002, "mark_price": 0.00158479, "iv": 69.56, "instrument_name": "BTC-30DEC22-25000-C", "index_price": 16458.07, "direction": "buy", "amount": 0.1}, {"trade_seq": 8481, "trade_id": "236806121", "timestamp": 1669590210450, "tick_direction": 1, "price": 0.002, "mark_price": 0.00158479, "iv": 69.56, "instrument_name": "BTC-30DEC22-25000-C", "index_price": 16458.07, "direction": "buy", "amount": 0.1}, {"trade_seq": 8480, "trade_id": "236806118", "timestamp": 1669590210369, "tick_direction": 1, "price": 0.002, "mark_price": 0.00158479, "iv": 69.56, "instrument_name": "BTC-30DEC22-25000-C", "index_price": 16458.07, "direction": "buy", "amount": 0.1}, {"trade_seq": 8479, "trade_id": "236806088", "timestamp": 1669590209447, "tick_direction": 1, "price": 0.002, "mark_price": 0.00158304, "iv": 69.58, "instrument_name": "BTC-30DEC22-25000-C", "index_price": 16456.71, "direction": "buy", "amount": 0.1}, {"trade_seq": 8478, "trade_id": "236805832", "timestamp": 1669590203351, "tick_direction": 1, "price": 0.002, "mark_price": 0.00160503, "iv": 69.45, "instrument_name": "BTC-30DEC22-25000-C", "index_price": 16469.69, "direction": "buy", "amount": 0.1}, {"trade_seq": 8477, "trade_id": "236805831", "timestamp": 1669590203338, "tick_direction": 1, "price": 0.002, "mark_price": 0.00160503, "iv": 69.45, "instrument_name": "BTC-30DEC22-25000-C", "index_price": 16469.69, "direction": "buy", "amount": 0.1}, {"trade_seq": 8476, "trade_id": "236805830", "timestamp": 1669590202965, "tick_direction": 1, "price": 0.002, "mark_price": 0.00160503, "iv": 69.45, "instrument_name": "BTC-30DEC22-25000-C", "index_price": 16469.69, "direction": "buy", "amount": 0.1}, {"trade_seq": 8475, "trade_id": "236805827", "timestamp": 1669590202699, "tick_direction": 1, "price": 0.002, "mark_price": 0.00160503, "iv": 69.45, "instrument_name": "BTC-30DEC22-25000-C", "index_price": 16469.69, "direction": "buy", "amount": 0.2}, {"trade_seq": 8474, "trade_id": "236805821", "timestamp": 1669590200486, "tick_direction": 1, "price": 0.002, "mark_price": 0.00160699, "iv": 69.42, "instrument_name": "BTC-30DEC22-25000-C", "index_price": 16472.45, "direction": "buy", "amount": 0.1}, {"trade_seq": 8473, "trade_id": "236805819", "timestamp": 1669590200235, "tick_direction": 1, "price": 0.002, "mark_price": 0.00161044, "iv": 69.42, "instrument_name": "BTC-30DEC22-25000-C", "index_price": 16472.45, "direction": "buy", "amount": 0.1}, {"trade_seq": 8472, "trade_id": "236805784", "timestamp": 1669590199278, "tick_direction": 1, "price": 0.002, "mark_price": 0.00161477, "iv": 69.39, "instrument_name": "BTC-30DEC22-25000-C", "index_price": 16475.1, "direction": "buy", "amount": 0.2}, {"trade_seq": 8471, "trade_id": "236805774", "timestamp": 1669590197250, "tick_direction": 1, "price": 0.002, "mark_price": 0.00161475, "iv": 69.36, "instrument_name": "BTC-30DEC22-25000-C", "index_price": 16481.59, "direction": "buy", "amount": 0.1}, {"trade_seq": 8470, "trade_id": "236805329", "timestamp": 1669589973820, "tick_direction": 1, "price": 0.002, "mark_price": 0.00173025, "iv": 68.57, "instrument_name": "BTC-30DEC22-25000-C", "index_price": 16572.51, "direction": "buy", "amount": 0.1}, {"trade_seq": 8469, "trade_id": "236805327", "timestamp": 1669589971792, "tick_direction": 1, "price": 0.002, "mark_price": 0.0017302, "iv": 68.57, "instrument_name": "BTC-30DEC22-25000-C", "index_price": 16572.53, "direction": "buy", "amount": 0.1}, {"trade_seq": 8468, "trade_id": "236805324", "timestamp": 1669589957560, "tick_direction": 1, "price": 0.002, "mark_price": 0.00173047, "iv": 68.56, "instrument_name": "BTC-30DEC22-25000-C", "index_price": 16572.64, "direction": "buy", "amount": 0.1}, {"trade_seq": 8467, "trade_id": "236805323", "timestamp": 1669589953494, "tick_direction": 1, "price": 0.002, "mark_price": 0.00173041, "iv": 68.56, "instrument_name": "BTC-30DEC22-25000-C", "index_price": 16572.68, "direction": "buy", "amount": 0.1}, {"trade_seq": 8466, "trade_id": "236805322", "timestamp": 1669589951462, "tick_direction": 1, "price": 0.002, "mark_price": 0.00173055, "iv": 68.56, "instrument_name": "BTC-30DEC22-25000-C", "index_price": 16572.62, "direction": "buy", "amount": 0.1}, {"trade_seq": 8465, "trade_id": "236805321", "timestamp": 1669589947397, "tick_direction": 1, "price": 0.002, "mark_price": 0.00173068, "iv": 68.56, "instrument_name": "BTC-30DEC22-25000-C", "index_price": 16572.62, "direction": "buy", "amount": 0.1}, {"trade_seq": 8464, "trade_id": "236805311", "timestamp": 1669589884421, "tick_direction": 1, "price": 0.002, "mark_price": 0.00173152, "iv": 68.56, "instrument_name": "BTC-30DEC22-25000-C", "index_price": 16573.2, "direction": "buy", "amount": 0.1}, {"trade_seq": 8463, "trade_id": "236805310", "timestamp": 1669589884089, "tick_direction": 1, "price": 0.002, "mark_price": 0.00173152, "iv": 68.56, "instrument_name": "BTC-30DEC22-25000-C", "index_price": 16573.2, "direction": "buy", "amount": 0.1}, {"trade_seq": 8462, "trade_id": "236805309", "timestamp": 1669589880358, "tick_direction": 1, "price": 0.002, "mark_price": 0.0017322, "iv": 68.55, "instrument_name": "BTC-30DEC22-25000-C", "index_price": 16573.81, "direction": "buy", "amount": 0.1}, {"trade_seq": 8461, "trade_id": "236805007", "timestamp": 1669588448827, "tick_direction": 1, "price": 0.002, "mark_price": 0.00173181, "iv": 68.57, "instrument_name": "BTC-30DEC22-25000-C", "index_price": 16563.44, "direction": "buy", "amount": 0.1}, {"trade_seq": 8460, "trade_id": "236805004", "timestamp": 1669588422498, "tick_direction": 1, "price": 0.002, "mark_price": 0.0017322, "iv": 68.56, "instrument_name": "BTC-30DEC22-25000-C", "index_price": 16563.67, "direction": "buy", "amount": 0.1}, {"trade_seq": 8459, "trade_id": "236805002", "timestamp": 1669588415961, "tick_direction": 1, "price": 0.002, "mark_price": 0.00173189, "iv": 68.57, "instrument_name": "BTC-30DEC22-25000-C", "index_price": 16563.55, "direction": "buy", "amount": 0.1}, {"trade_seq": 8458, "trade_id": "236805001", "timestamp": 1669588410709, "tick_direction": 1, "price": 0.002, "mark_price": 0.00173252, "iv": 68.56, "instrument_name": "BTC-30DEC22-25000-C", "index_price": 16564.12, "direction": "buy", "amount": 0.1}, {"trade_seq": 8457, "trade_id": "236795310", "timestamp": 1669551800839, "tick_direction": 1, "price": 0.002, "mark_price": 0.00172807, "iv": 68.59, "instrument_name": "BTC-30DEC22-25000-C", "index_price": 16535.99, "direction": "buy", "amount": 0.1}, {"trade_seq": 8456, "trade_id": "236794910", "timestamp": 1669550242007, "tick_direction": 1, "price": 0.002, "mark_price": 0.00174596, "iv": 68.46, "instrument_name": "BTC-30DEC22-25000-C", "index_price": 16537.24, "direction": "buy", "amount": 10.0}, {"trade_seq": 8455, "trade_id": "236778479", "timestamp": 1669489388825, "tick_direction": 1, "price": 0.002, "mark_price": 0.00169265, "iv": 68.86, "instrument_name": "BTC-30DEC22-25000-C", "index_price": 16432.02, "direction": "buy", "amount": 0.1}, {"trade_seq": 8454, "trade_id": "236778467", "timestamp": 1669489377333, "tick_direction": 1, "price": 0.002, "mark_price": 0.00168822, "iv": 68.88, "instrument_name": "BTC-30DEC22-25000-C", "index_price": 16429.35, "direction": "buy", "amount": 0.4}, {"trade_seq": 8453, "trade_id": "236768369", "timestamp": 1669462246478, "tick_direction": 1, "price": 0.002, "mark_price": 0.00224201, "iv": 67.4, "instrument_name": "BTC-30DEC22-25000-C", "index_price": 16573.59, "direction": "sell", "amount": 22.0}, {"trade_seq": 8452, "trade_id": "236768362", "timestamp": 1669462207614, "tick_direction": 0, "price": 0.002, "mark_price": 0.00225002, "iv": 67.36, "instrument_name": "BTC-30DEC22-25000-C", "index_price": 16576.78, "direction": "sell", "amount": 1.0}, {"trade_seq": 8451, "trade_id": "236763689", "timestamp": 1669449407603, "tick_direction": 2, "price": 0.0015, "mark_price": 0.00197329, "iv": 64.37, "instrument_name": "BTC-30DEC22-25000-C", "index_price": 16579.44, "direction": "sell", "amount": 0.1}, {"trade_seq": 8450, "trade_id": "236748979", "timestamp": 1669414635860, "tick_direction": 1, "price": 0.0025, "mark_price": 0.00224354, "iv": 69.8, "instrument_name": "BTC-30DEC22-25000-C", "index_price": 16494.94, "direction": "buy", "amount": 1.0}, {"trade_seq": 8449, "trade_id": "236748978", "timestamp": 1669414634832, "tick_direction": 1, "price": 0.0025, "mark_price": 0.00224343, "iv": 69.8, "instrument_name": "BTC-30DEC22-25000-C", "index_price": 16494.93, "direction": "buy", "amount": 1.0}, {"trade_seq": 8448, "trade_id": "236748965", "timestamp": 1669414611845, "tick_direction": 1, "price": 0.0025, "mark_price": 0.00223727, "iv": 69.83, "instrument_name": "BTC-30DEC22-25000-C", "index_price": 16492.29, "direction": "buy", "amount": 1.0}, {"trade_seq": 8447, "trade_id": "236748964", "timestamp": 1669414609587, "tick_direction": 0, "price": 0.0025, "mark_price": 0.00223669, "iv": 69.84, "instrument_name": "BTC-30DEC22-25000-C", "index_price": 16492.05, "direction": "buy", "amount": 1.0}, {"trade_seq": 8446, "trade_id": "236748753", "timestamp": 1669414279242, "tick_direction": 2, "price": 0.002, "mark_price": 0.00223562, "iv": 67.36, "instrument_name": "BTC-30DEC22-25000-C", "index_price": 16496.01, "direction": "sell", "amount": 0.2}, {"trade_seq": 8445, "trade_id": "236747852", "timestamp": 1669410461254, "tick_direction": 1, "price": 0.0025, "mark_price": 0.00234445, "iv": 69.52, "instrument_name": "BTC-30DEC22-25000-C", "index_price": 16522.32, "direction": "buy", "amount": 0.1}, {"trade_seq": 8444, "trade_id": "236747850", "timestamp": 1669410430549, "tick_direction": 0, "price": 0.0025, "mark_price": 0.00235168, "iv": 69.52, "instrument_name": "BTC-30DEC22-25000-C", "index_price": 16523.03, "direction": "buy", "amount": 0.2}, {"trade_seq": 8443, "trade_id": "236743828", "timestamp": 1669397607595, "tick_direction": 2, "price": 0.002, "mark_price": 0.00249341, "iv": 67.16, "instrument_name": "BTC-30DEC22-25000-C", "index_price": 16495.79, "direction": "sell", "amount": 0.2}, {"trade_seq": 8442, "trade_id": "236728807", "timestamp": 1669374356774, "tick_direction": 3, "price": 0.003, "mark_price": 0.00250227, "iv": 71.73, "instrument_name": "BTC-30DEC22-25000-C", "index_price": 16473.3, "direction": "buy", "amount": 0.2}, {"trade_seq": 8441, "trade_id": "236726327", "timestamp": 1669368869977, "tick_direction": 3, "price": 0.003, "mark_price": 0.0032553, "iv": 71.81, "instrument_name": "BTC-30DEC22-25000-C", "index_price": 16462.3, "direction": "sell", "amount": 31.8}, {"trade_seq": 8440, "trade_id": "236726326", "timestamp": 1669368869969, "tick_direction": 3, "price": 0.003, "mark_price": 0.0032553, "iv": 71.81, "instrument_name": "BTC-30DEC22-25000-C", "index_price": 16462.3, "direction": "sell", "amount": 50.0}, {"trade_seq": 8439, "trade_id": "236725943", "timestamp": 1669367967614, "tick_direction": 3, "price": 0.003, "mark_price": 0.00322028, "iv": 71.89, "instrument_name": "BTC-30DEC22-25000-C", "index_price": 16450.35, "direction": "sell", "amount": 19.0}, {"trade_seq": 8438, "trade_id": "236725748", "timestamp": 1669367511478, "tick_direction": 3, "price": 0.003, "mark_price": 0.00324382, "iv": 71.76, "instrument_name": "BTC-30DEC22-25000-C", "index_price": 16465.58, "direction": "sell", "amount": 19.0}, {"trade_seq": 8437, "trade_id": "236725376", "timestamp": 1669367075740, "tick_direction": 3, "price": 0.003, "mark_price": 0.00314295, "iv": 71.93, "instrument_name": "BTC-30DEC22-25000-C", "index_price": 16448.09, "direction": "sell", "amount": 0.2}, {"trade_seq": 8436, "trade_id": "236710978", "timestamp": 1669354263999, "tick_direction": 3, "price": 0.003, "mark_price": 0.00292852, "iv": 72.36, "instrument_name": "BTC-30DEC22-25000-C", "index_price": 16392.08, "direction": "buy", "amount": 0.2}, {"trade_seq": 8435, "trade_id": "236710977", "timestamp": 1669354260953, "tick_direction": 3, "price": 0.003, "mark_price": 0.00292784, "iv": 72.37, "instrument_name": "BTC-30DEC22-25000-C", "index_price": 16392.03, "direction": "buy", "amount": 0.4}, {"trade_seq": 8434, "trade_id": "236710857", "timestamp": 1669353626385, "tick_direction": 3, "price": 0.003, "mark_price": 0.00300282, "iv": 72.32, "instrument_name": "BTC-30DEC22-25000-C", "index_price": 16394.69, "direction": "buy", "amount": 0.1}, {"trade_seq": 8433, "trade_id": "236710856", "timestamp": 1669353625986, "tick_direction": 3, "price": 0.003, "mark_price": 0.00300282, "iv": 72.32, "instrument_name": "BTC-30DEC22-25000-C", "index_price": 16394.69, "direction": "buy", "amount": 0.1}, {"trade_seq": 8432, "trade_id": "236710855", "timestamp": 1669353625983, "tick_direction": 3, "price": 0.003, "mark_price": 0.00300282, "iv": 72.32, "instrument_name": "BTC-30DEC22-25000-C", "index_price": 16394.69, "direction": "buy", "amount": 0.1}, {"trade_seq": 8431, "trade_id": "236710849", "timestamp": 1669353624638, "tick_direction": 3, "price": 0.003, "mark_price": 0.00300134, "iv": 72.32, "instrument_name": "BTC-30DEC22-25000-C", "index_price": 16393.69, "direction": "buy", "amount": 0.1}, {"trade_seq": 8430, "trade_id": "236710314", "timestamp": 1669352633004, "tick_direction": 3, "price": 0.003, "mark_price": 0.00319356, "iv": 72.5, "instrument_name": "BTC-30DEC22-25000-C", "index_price": 16375.24, "direction": "sell", "amount": 7.5}, {"trade_seq": 8429, "trade_id": "236710304", "timestamp": 1669352607425, "tick_direction": 3, "price": 0.003, "mark_price": 0.00318727, "iv": 72.51, "instrument_name": "BTC-30DEC22-25000-C", "index_price": 16374.34, "direction": "buy", "amount": 6.3}, {"trade_seq": 8428, "trade_id": "236710303", "timestamp": 1669352607420, "tick_direction": 3, "price": 0.003, "mark_price": 0.00318727, "iv": 72.51, "instrument_name": "BTC-30DEC22-25000-C", "index_price": 16374.34, "direction": "buy", "amount": 25.4}, {"trade_seq": 8427, "trade_id": "236710302", "timestamp": 1669352607410, "tick_direction": 3, "price": 0.003, "mark_price": 0.00318727, "iv": 72.51, "instrument_name": "BTC-30DEC22-25000-C", "index_price": 16374.34, "direction": "sell", "amount": 7.5}, {"trade_seq": 8426, "trade_id": "236710301", "timestamp": 1669352607410, "tick_direction": 3, "price": 0.003, "mark_price": 0.00318727, "iv": 72.51, "instrument_name": "BTC-30DEC22-25000-C", "index_price": 16374.34, "direction": "sell", "amount": 4.9}, {"trade_seq": 8425, "trade_id": "236710300", "timestamp": 1669352607410, "tick_direction": 3, "price": 0.003, "mark_price": 0.00318727, "iv": 72.51, "instrument_name": "BTC-30DEC22-25000-C", "index_price": 16374.34, "direction": "sell", "amount": 1.0}, {"trade_seq": 8424, "trade_id": "236710299", "timestamp": 1669352607410, "tick_direction": 2, "price": 0.003, "mark_price": 0.00318727, "iv": 72.51, "instrument_name": "BTC-30DEC22-25000-C", "index_price": 16374.34, "direction": "sell", "amount": 4.9}, {"trade_seq": 8423, "trade_id": "236710259", "timestamp": 1669352480219, "tick_direction": 0, "price": 0.0031, "mark_price": 0.00318937, "iv": 72.85, "instrument_name": "BTC-30DEC22-25000-C", "index_price": 16378.7, "direction": "sell", "combo_id": "BTC-CS-30DEC22-18000_25000", "block_trade_id": "57319", "amount": 12.5}, {"trade_seq": 8422, "trade_id": "236700130", "timestamp": 1669328317758, "tick_direction": 1, "price": 0.0035, "mark_price": 0.00324367, "iv": 72.6, "instrument_name": "BTC-30DEC22-25000-C", "index_price": 16555.47, "direction": "buy", "amount": 3.0}, {"trade_seq": 8421, "trade_id": "236700129", "timestamp": 1669328317758, "tick_direction": 1, "price": 0.0035, "mark_price": 0.00324367, "iv": 72.6, "instrument_name": "BTC-30DEC22-25000-C", "index_price": 16555.47, "direction": "buy", "amount": 17.0}, {"trade_seq": 8420, "trade_id": "236697578", "timestamp": 1669318715780, "tick_direction": 1, "price": 0.0035, "mark_price": 0.00323459, "iv": 72.54, "instrument_name": "BTC-30DEC22-25000-C", "index_price": 16560.99, "direction": "buy", "amount": 1.0}, {"trade_seq": 8419, "trade_id": "236697577", "timestamp": 1669318714373, "tick_direction": 1, "price": 0.0035, "mark_price": 0.00323462, "iv": 72.54, "instrument_name": "BTC-30DEC22-25000-C", "index_price": 16561.04, "direction": "buy", "amount": 1.0}, {"trade_seq": 8418, "trade_id": "236697576", "timestamp": 1669318713189, "tick_direction": 1, "price": 0.0035, "mark_price": 0.0032346, "iv": 72.54, "instrument_name": "BTC-30DEC22-25000-C", "index_price": 16561.04, "direction": "buy", "amount": 1.0}, {"trade_seq": 8417, "trade_id": "236697575", "timestamp": 1669318712045, "tick_direction": 1, "price": 0.0035, "mark_price": 0.00323458, "iv": 72.54, "instrument_name": "BTC-30DEC22-25000-C", "index_price": 16561.04, "direction": "buy", "amount": 1.0}, {"trade_seq": 8416, "trade_id": "236697574", "timestamp": 1669318710107, "tick_direction": 1, "price": 0.0035, "mark_price": 0.00323442, "iv": 72.54, "instrument_name": "BTC-30DEC22-25000-C", "index_price": 16561.01, "direction": "buy", "amount": 1.0}, {"trade_seq": 8415, "trade_id": "236631748", "timestamp": 1669215609107, "tick_direction": 1, "price": 0.0035, "mark_price": 0.00325236, "iv": 72.45, "instrument_name": "BTC-30DEC22-25000-C", "index_price": 16451.51, "direction": "sell", "amount": 0.2}, {"trade_seq": 8414, "trade_id": "236631747", "timestamp": 1669215609097, "tick_direction": 1, "price": 0.0035, "mark_price": 0.00325236, "iv": 72.45, "instrument_name": "BTC-30DEC22-25000-C", "index_price": 16451.51, "direction": "sell", "amount": 0.3}, {"trade_seq": 8413, "trade_id": "236631746", "timestamp": 1669215609086, "tick_direction": 1, "price": 0.0035, "mark_price": 0.00325236, "iv": 72.45, "instrument_name": "BTC-30DEC22-25000-C", "index_price": 16451.51, "direction": "sell", "amount": 0.3}, {"trade_seq": 8412, "trade_id": "236631745", "timestamp": 1669215609074, "tick_direction": 1, "price": 0.0035, "mark_price": 0.00325236, "iv": 72.45, "instrument_name": "BTC-30DEC22-25000-C", "index_price": 16451.51, "direction": "sell", "amount": 0.3}, {"trade_seq": 8411, "trade_id": "236631744", "timestamp": 1669215608966, "tick_direction": 1, "price": 0.0035, "mark_price": 0.00325236, "iv": 72.45, "instrument_name": "BTC-30DEC22-25000-C", "index_price": 16451.51, "direction": "sell", "amount": 6.7}, {"trade_seq": 8410, "trade_id": "236631743", "timestamp": 1669215608862, "tick_direction": 1, "price": 0.0035, "mark_price": 0.00325236, "iv": 72.45, "instrument_name": "BTC-30DEC22-25000-C", "index_price": 16451.51, "direction": "sell", "amount": 0.3}, {"trade_seq": 8409, "trade_id": "236631742", "timestamp": 1669215608850, "tick_direction": 1, "price": 0.0035, "mark_price": 0.00325236, "iv": 72.45, "instrument_name": "BTC-30DEC22-25000-C", "index_price": 16451.51, "direction": "sell", "amount": 0.3}, {"trade_seq": 8408, "trade_id": "236631741", "timestamp": 1669215608840, "tick_direction": 1, "price": 0.0035, "mark_price": 0.00325236, "iv": 72.45, "instrument_name": "BTC-30DEC22-25000-C", "index_price": 16451.51, "direction": "sell", "amount": 0.3}, {"trade_seq": 8407, "trade_id": "236631740", "timestamp": 1669215608831, "tick_direction": 1, "price": 0.0035, "mark_price": 0.00325236, "iv": 72.45, "instrument_name": "BTC-30DEC22-25000-C", "index_price": 16451.51, "direction": "sell", "amount": 0.3}, {"trade_seq": 8406, "trade_id": "236631739", "timestamp": 1669215608813, "tick_direction": 1, "price": 0.0035, "mark_price": 0.00325236, "iv": 72.45, "instrument_name": "BTC-30DEC22-25000-C", "index_price": 16451.51, "direction": "sell", "amount": 0.3}, {"trade_seq": 8405, "trade_id": "236631738", "timestamp": 1669215608806, "tick_direction": 1, "price": 0.0035, "mark_price": 0.00325236, "iv": 72.45, "instrument_name": "BTC-30DEC22-25000-C", "index_price": 16451.51, "direction": "sell", "amount": 0.3}, {"trade_seq": 8404, "trade_id": "236631737", "timestamp": 1669215608801, "tick_direction": 1, "price": 0.0035, "mark_price": 0.00325236, "iv": 72.45, "instrument_name": "BTC-30DEC22-25000-C", "index_price": 16451.51, "direction": "sell", "amount": 0.3}, {"trade_seq": 8403, "trade_id": "236631736", "timestamp": 1669215608795, "tick_direction": 1, "price": 0.0035, "mark_price": 0.00325236, "iv": 72.45, "instrument_name": "BTC-30DEC22-25000-C", "index_price": 16451.51, "direction": "sell", "amount": 0.3}, {"trade_seq": 8402, "trade_id": "236631735", "timestamp": 1669215608790, "tick_direction": 1, "price": 0.0035, "mark_price": 0.00325236, "iv": 72.45, "instrument_name": "BTC-30DEC22-25000-C", "index_price": 16451.51, "direction": "sell", "amount": 0.3}, {"trade_seq": 8401, "trade_id": "236631734", "timestamp": 1669215608786, "tick_direction": 1, "price": 0.0035, "mark_price": 0.00325236, "iv": 72.45, "instrument_name": "BTC-30DEC22-25000-C", "index_price": 16451.51, "direction": "sell", "amount": 0.3}, {"trade_seq": 8400, "trade_id": "236631733", "timestamp": 1669215608782, "tick_direction": 1, "price": 0.0035, "mark_price": 0.00325236, "iv": 72.45, "instrument_name": "BTC-30DEC22-25000-C", "index_price": 16451.51, "direction": "sell", "amount": 2.3}, {"trade_seq": 8399, "trade_id": "236631732", "timestamp": 1669215608780, "tick_direction": 1, "price": 0.0035, "mark_price": 0.00325236, "iv": 72.45, "instrument_name": "BTC-30DEC22-25000-C", "index_price": 16451.51, "direction": "sell", "amount": 3.5}, {"trade_seq": 8398, "trade_id": "236631731", "timestamp": 1669215608778, "tick_direction": 1, "price": 0.0035, "mark_price": 0.00325236, "iv": 72.45, "instrument_name": "BTC-30DEC22-25000-C", "index_price": 16451.51, "direction": "sell", "amount": 0.3}, {"trade_seq": 8397, "trade_id": "236631730", "timestamp": 1669215608770, "tick_direction": 1, "price": 0.0035, "mark_price": 0.00325236, "iv": 72.45, "instrument_name": "BTC-30DEC22-25000-C", "index_price": 16451.51, "direction": "sell", "amount": 0.3}, {"trade_seq": 8396, "trade_id": "236631729", "timestamp": 1669215608766, "tick_direction": 1, "price": 0.0035, "mark_price": 0.00325236, "iv": 72.45, "instrument_name": "BTC-30DEC22-25000-C", "index_price": 16451.51, "direction": "sell", "amount": 0.3}, {"trade_seq": 8395, "trade_id": "236631728", "timestamp": 1669215608756, "tick_direction": 1, "price": 0.0035, "mark_price": 0.00325236, "iv": 72.45, "instrument_name": "BTC-30DEC22-25000-C", "index_price": 16451.51, "direction": "sell", "amount": 0.3}, {"trade_seq": 8394, "trade_id": "236631727", "timestamp": 1669215608755, "tick_direction": 1, "price": 0.0035, "mark_price": 0.00325236, "iv": 72.45, "instrument_name": "BTC-30DEC22-25000-C", "index_price": 16451.51, "direction": "sell", "amount": 0.3}, {"trade_seq": 8393, "trade_id": "236631726", "timestamp": 1669215608734, "tick_direction": 1, "price": 0.0035, "mark_price": 0.00325236, "iv": 72.45, "instrument_name": "BTC-30DEC22-25000-C", "index_price": 16451.51, "direction": "buy", "amount": 6.6}, {"trade_seq": 8392, "trade_id": "236631725", "timestamp": 1669215608734, "tick_direction": 0, "price": 0.0035, "mark_price": 0.00325236, "iv": 72.45, "instrument_name": "BTC-30DEC22-25000-C", "index_price": 16451.51, "direction": "buy", "amount": 0.3}, {"trade_seq": 8391, "trade_id": "236608245", "timestamp": 1669189756922, "tick_direction": 2, "price": 0.003, "mark_price": 0.0034002, "iv": 69.37, "instrument_name": "BTC-30DEC22-25000-C", "index_price": 16543.66, "direction": "sell", "amount": 10.0}, {"trade_seq": 8390, "trade_id": "236571838", "timestamp": 1669140436547, "tick_direction": 3, "price": 0.0035, "mark_price": 0.00369644, "iv": 74.39, "instrument_name": "BTC-30DEC22-25000-C", "index_price": 16113.72, "direction": "sell", "amount": 0.1}, {"trade_seq": 8389, "trade_id": "236571837", "timestamp": 1669140436536, "tick_direction": 3, "price": 0.0035, "mark_price": 0.00369644, "iv": 74.39, "instrument_name": "BTC-30DEC22-25000-C", "index_price": 16113.72, "direction": "sell", "amount": 0.1}, {"trade_seq": 8388, "trade_id": "236571836", "timestamp": 1669140436509, "tick_direction": 3, "price": 0.0035, "mark_price": 0.00369644, "iv": 74.39, "instrument_name": "BTC-30DEC22-25000-C", "index_price": 16113.72, "direction": "sell", "amount": 0.1}, {"trade_seq": 8387, "trade_id": "236571835", "timestamp": 1669140436491, "tick_direction": 3, "price": 0.0035, "mark_price": 0.00369644, "iv": 74.42, "instrument_name": "BTC-30DEC22-25000-C", "index_price": 16118.04, "direction": "sell", "amount": 0.2}, {"trade_seq": 8386, "trade_id": "236571833", "timestamp": 1669140435469, "tick_direction": 3, "price": 0.0035, "mark_price": 0.00368676, "iv": 74.42, "instrument_name": "BTC-30DEC22-25000-C", "index_price": 16113.75, "direction": "sell", "amount": 0.1}, {"trade_seq": 8385, "trade_id": "236571832", "timestamp": 1669140435354, "tick_direction": 3, "price": 0.0035, "mark_price": 0.00368046, "iv": 74.42, "instrument_name": "BTC-30DEC22-25000-C", "index_price": 16113.75, "direction": "sell", "amount": 0.1}, {"trade_seq": 8384, "trade_id": "236571831", "timestamp": 1669140434971, "tick_direction": 2, "price": 0.0035, "mark_price": 0.00368046, "iv": 74.44, "instrument_name": "BTC-30DEC22-25000-C", "index_price": 16113.75, "direction": "sell", "amount": 0.2}, {"trade_seq": 8383, "trade_id": "236565430", "timestamp": 1669133130873, "tick_direction": 0, "price": 0.004, "mark_price": 0.00361588, "iv": 75.16, "instrument_name": "BTC-30DEC22-25000-C", "index_price": 16232.75, "direction": "buy", "amount": 5.0}, {"trade_seq": 8382, "trade_id": "236564688", "timestamp": 1669132825437, "tick_direction": 2, "price": 0.0035, "mark_price": 0.00362024, "iv": 73.51, "instrument_name": "BTC-30DEC22-25000-C", "index_price": 16218.39, "direction": "sell", "amount": 0.1}, {"trade_seq": 8381, "trade_id": "236562293", "timestamp": 1669131403233, "tick_direction": 1, "price": 0.004, "mark_price": 0.0035728, "iv": 75.71, "instrument_name": "BTC-30DEC22-25000-C", "index_price": 16163.36, "direction": "buy", "amount": 2.0}, {"trade_seq": 8380, "trade_id": "236553360", "timestamp": 1669125180670, "tick_direction": 0, "price": 0.004, "mark_price": 0.00373737, "iv": 75.74, "instrument_name": "BTC-30DEC22-25000-C", "index_price": 16139.0, "direction": "buy", "amount": 2.0}, {"trade_seq": 8379, "trade_id": "236546034", "timestamp": 1669120729980, "tick_direction": 2, "price": 0.003, "mark_price": 0.00350463, "iv": 75.12, "instrument_name": "BTC-30DEC22-25000-C", "index_price": 15771.63, "direction": "sell", "amount": 0.1}, {"trade_seq": 8378, "trade_id": "236479115", "timestamp": 1669051378756, "tick_direction": 0, "price": 0.0046, "mark_price": 0.00350419, "iv": 77.62, "instrument_name": "BTC-30DEC22-25000-C", "index_price": 16031.94, "direction": "buy", "block_trade_id": "56946", "amount": 40.0}, {"trade_seq": 8377, "trade_id": "236447806", "timestamp": 1669024849281, "tick_direction": 3, "price": 0.003, "mark_price": 0.00350517, "iv": 71.69, "instrument_name": "BTC-30DEC22-25000-C", "index_price": 16094.71, "direction": "sell", "amount": 10.0}, {"trade_seq": 8376, "trade_id": "236380797", "timestamp": 1668945119097, "tick_direction": 2, "price": 0.003, "mark_price": 0.00296866, "iv": 67.59, "instrument_name": "BTC-30DEC22-25000-C", "index_price": 16534.19, "direction": "buy", "amount": 0.5}, {"trade_seq": 8375, "trade_id": "236340136", "timestamp": 1668819630347, "tick_direction": 2, "price": 0.0045, "mark_price": 0.00454148, "iv": 70.12, "instrument_name": "BTC-30DEC22-25000-C", "index_price": 16646.23, "direction": "sell", "amount": 0.6}, {"trade_seq": 8374, "trade_id": "236330029", "timestamp": 1668796626381, "tick_direction": 0, "price": 0.0049, "mark_price": 0.00455565, "iv": 71.7, "instrument_name": "BTC-30DEC22-25000-C", "index_price": 16561.75, "direction": "buy", "block_trade_id": "56777", "amount": 50.0}, {"trade_seq": 8373, "trade_id": "236329232", "timestamp": 1668795109707, "tick_direction": 2, "price": 0.0045, "mark_price": 0.00464911, "iv": 70.32, "instrument_name": "BTC-30DEC22-25000-C", "index_price": 16584.73, "direction": "sell", "amount": 0.4}, {"trade_seq": 8372, "trade_id": "236327657", "timestamp": 1668792503182, "tick_direction": 1, "price": 0.005, "mark_price": 0.00449366, "iv": 71.74, "instrument_name": "BTC-30DEC22-25000-C", "index_price": 16586.25, "direction": "buy", "amount": 1.0}, {"trade_seq": 8371, "trade_id": "236327656", "timestamp": 1668792501374, "tick_direction": 0, "price": 0.005, "mark_price": 0.00449246, "iv": 71.74, "instrument_name": "BTC-30DEC22-25000-C", "index_price": 16586.19, "direction": "buy", "amount": 1.0}, {"trade_seq": 8370, "trade_id": "236320858", "timestamp": 1668784660849, "tick_direction": 2, "price": 0.004, "mark_price": 0.0044254, "iv": 68.18, "instrument_name": "BTC-30DEC22-25000-C", "index_price": 16663.79, "direction": "sell", "amount": 10.0}, {"trade_seq": 8369, "trade_id": "236318714", "timestamp": 1668783063756, "tick_direction": 0, "price": 0.0045, "mark_price": 0.00417747, "iv": 69.44, "instrument_name": "BTC-30DEC22-25000-C", "index_price": 16671.16, "direction": "buy", "amount": 6.5}, {"trade_seq": 8368, "trade_id": "236314296", "timestamp": 1668778393963, "tick_direction": 2, "price": 0.004, "mark_price": 0.00453123, "iv": 67.02, "instrument_name": "BTC-30DEC22-25000-C", "index_price": 16787.69, "direction": "sell", "amount": 0.1}, {"trade_seq": 8367, "trade_id": "236306807", "timestamp": 1668766016190, "tick_direction": 0, "price": 0.005, "mark_price": 0.00493207, "iv": 70.15, "instrument_name": "BTC-30DEC22-25000-C", "index_price": 16749.74, "direction": "buy", "amount": 0.9}, {"trade_seq": 8366, "trade_id": "236303312", "timestamp": 1668761694803, "tick_direction": 2, "price": 0.0045, "mark_price": 0.00486211, "iv": 69.09, "instrument_name": "BTC-30DEC22-25000-C", "index_price": 16696.15, "direction": "sell", "amount": 20.0}, {"trade_seq": 8365, "trade_id": "236299985", "timestamp": 1668759227364, "tick_direction": 3, "price": 0.005, "mark_price": 0.00512934, "iv": 70.41, "instrument_name": "BTC-30DEC22-25000-C", "index_price": 16703.87, "direction": "sell", "amount": 0.1}, {"trade_seq": 8364, "trade_id": "236265529", "timestamp": 1668724261044, "tick_direction": 2, "price": 0.0055, "mark_price": 0.00546678, "iv": 71.81, "instrument_name": "BTC-30DEC22-25000-C", "index_price": 16666.53, "direction": "sell", "amount": 1.0}, {"trade_seq": 8363, "trade_id": "236264975", "timestamp": 1668723559587, "tick_direction": 1, "price": 0.006, "mark_price": 0.00531111, "iv": 72.86, "instrument_name": "BTC-30DEC22-25000-C", "index_price": 16691.89, "direction": "buy", "amount": 1.0}, {"trade_seq": 8362, "trade_id": "236264974", "timestamp": 1668723558531, "tick_direction": 1, "price": 0.006, "mark_price": 0.00531072, "iv": 72.86, "instrument_name": "BTC-30DEC22-25000-C", "index_price": 16692.0, "direction": "buy", "amount": 1.0}, {"trade_seq": 8361, "trade_id": "236264973", "timestamp": 1668723557098, "tick_direction": 1, "price": 0.006, "mark_price": 0.00531295, "iv": 72.85, "instrument_name": "BTC-30DEC22-25000-C", "index_price": 16692.9, "direction": "buy", "amount": 1.0}, {"trade_seq": 8360, "trade_id": "236264970", "timestamp": 1668723556032, "tick_direction": 0, "price": 0.006, "mark_price": 0.00531179, "iv": 72.85, "instrument_name": "BTC-30DEC22-25000-C", "index_price": 16692.7, "direction": "buy", "amount": 1.0}, {"trade_seq": 8359, "trade_id": "236264941", "timestamp": 1668723489587, "tick_direction": 3, "price": 0.0055, "mark_price": 0.00526342, "iv": 71.63, "instrument_name": "BTC-30DEC22-25000-C", "index_price": 16688.91, "direction": "buy", "amount": 1.0}, {"trade_seq": 8358, "trade_id": "236264940", "timestamp": 1668723487974, "tick_direction": 3, "price": 0.0055, "mark_price": 0.00526373, "iv": 71.62, "instrument_name": "BTC-30DEC22-25000-C", "index_price": 16689.02, "direction": "buy", "amount": 1.0}, {"trade_seq": 8357, "trade_id": "236264931", "timestamp": 1668723465482, "tick_direction": 3, "price": 0.0055, "mark_price": 0.00526247, "iv": 71.63, "instrument_name": "BTC-30DEC22-25000-C", "index_price": 16688.64, "direction": "buy", "amount": 1.0}, {"trade_seq": 8356, "trade_id": "236264928", "timestamp": 1668723464426, "tick_direction": 3, "price": 0.0055, "mark_price": 0.00526166, "iv": 71.63, "instrument_name": "BTC-30DEC22-25000-C", "index_price": 16688.53, "direction": "buy", "amount": 1.0}, {"trade_seq": 8355, "trade_id": "236264927", "timestamp": 1668723462622, "tick_direction": 3, "price": 0.0055, "mark_price": 0.00526062, "iv": 71.63, "instrument_name": "BTC-30DEC22-25000-C", "index_price": 16688.37, "direction": "buy", "amount": 1.0}, {"trade_seq": 8354, "trade_id": "236264926", "timestamp": 1668723460591, "tick_direction": 3, "price": 0.0055, "mark_price": 0.00526141, "iv": 71.63, "instrument_name": "BTC-30DEC22-25000-C", "index_price": 16688.29, "direction": "buy", "amount": 1.0}, {"trade_seq": 8353, "trade_id": "236264925", "timestamp": 1668723458740, "tick_direction": 3, "price": 0.0055, "mark_price": 0.00526138, "iv": 71.64, "instrument_name": "BTC-30DEC22-25000-C", "index_price": 16688.43, "direction": "buy", "amount": 1.0}, {"trade_seq": 8352, "trade_id": "236264924", "timestamp": 1668723457683, "tick_direction": 3, "price": 0.0055, "mark_price": 0.00525841, "iv": 71.64, "instrument_name": "BTC-30DEC22-25000-C", "index_price": 16687.54, "direction": "buy", "amount": 1.0}, {"trade_seq": 8351, "trade_id": "236264923", "timestamp": 1668723456635, "tick_direction": 3, "price": 0.0055, "mark_price": 0.00525718, "iv": 71.64, "instrument_name": "BTC-30DEC22-25000-C", "index_price": 16687.68, "direction": "buy", "amount": 1.0}, {"trade_seq": 8350, "trade_id": "236264922", "timestamp": 1668723455591, "tick_direction": 3, "price": 0.0055, "mark_price": 0.0052584, "iv": 71.64, "instrument_name": "BTC-30DEC22-25000-C", "index_price": 16687.25, "direction": "buy", "amount": 1.0}, {"trade_seq": 8349, "trade_id": "236264921", "timestamp": 1668723454516, "tick_direction": 3, "price": 0.0055, "mark_price": 0.00525796, "iv": 71.64, "instrument_name": "BTC-30DEC22-25000-C", "index_price": 16687.63, "direction": "buy", "amount": 1.0}, {"trade_seq": 8348, "trade_id": "236264920", "timestamp": 1668723453451, "tick_direction": 2, "price": 0.0055, "mark_price": 0.00525796, "iv": 71.64, "instrument_name": "BTC-30DEC22-25000-C", "index_price": 16687.68, "direction": "buy", "amount": 1.0}, {"trade_seq": 8347, "trade_id": "236263744", "timestamp": 1668720122619, "tick_direction": 2, "price": 0.006, "mark_price": 0.00607632, "iv": 72.5, "instrument_name": "BTC-30DEC22-25000-C", "index_price": 16722.29, "direction": "sell", "amount": 0.2}, {"trade_seq": 8346, "trade_id": "236250260", "timestamp": 1668704960315, "tick_direction": 0, "price": 0.0062, "mark_price": 0.00602436, "iv": 73.51, "instrument_name": "BTC-30DEC22-25000-C", "index_price": 16657.18, "direction": "buy", "block_trade_id": "56562", "amount": 18.8}, {"trade_seq": 8345, "trade_id": "236234415", "timestamp": 1668695672320, "tick_direction": 3, "price": 0.006, "mark_price": 0.00591565, "iv": 74.18, "instrument_name": "BTC-30DEC22-25000-C", "index_price": 16490.92, "direction": "buy", "amount": 4.3}, {"trade_seq": 8344, "trade_id": "236233369", "timestamp": 1668694521267, "tick_direction": 2, "price": 0.006, "mark_price": 0.00630408, "iv": 74.23, "instrument_name": "BTC-30DEC22-25000-C", "index_price": 16491.3, "direction": "sell", "amount": 3.0}, {"trade_seq": 8343, "trade_id": "236220437", "timestamp": 1668679524572, "tick_direction": 0, "price": 0.0065, "mark_price": 0.00617983, "iv": 75.3, "instrument_name": "BTC-30DEC22-25000-C", "index_price": 16497.15, "direction": "buy", "amount": 0.5}, {"trade_seq": 8342, "trade_id": "236217157", "timestamp": 1668675349599, "tick_direction": 3, "price": 0.0055, "mark_price": 0.00598771, "iv": 72.37, "instrument_name": "BTC-30DEC22-25000-C", "index_price": 16559.69, "direction": "sell", "amount": 1.7}, {"trade_seq": 8341, "trade_id": "236217156", "timestamp": 1668675349599, "tick_direction": 3, "price": 0.0055, "mark_price": 0.00598771, "iv": 72.37, "instrument_name": "BTC-30DEC22-25000-C", "index_price": 16559.69, "direction": "sell", "amount": 2.4}, {"trade_seq": 8340, "trade_id": "236217155", "timestamp": 1668675349599, "tick_direction": 3, "price": 0.0055, "mark_price": 0.00598771, "iv": 72.37, "instrument_name": "BTC-30DEC22-25000-C", "index_price": 16559.69, "direction": "sell", "amount": 5.9}, {"trade_seq": 8339, "trade_id": "236217042", "timestamp": 1668675219340, "tick_direction": 2, "price": 0.0055, "mark_price": 0.00601702, "iv": 72.3, "instrument_name": "BTC-30DEC22-25000-C", "index_price": 16563.9, "direction": "sell", "amount": 2.1}, {"trade_seq": 8338, "trade_id": "236216939", "timestamp": 1668675054595, "tick_direction": 2, "price": 0.006, "mark_price": 0.00614798, "iv": 73.5, "instrument_name": "BTC-30DEC22-25000-C", "index_price": 16569.29, "direction": "sell", "amount": 7.9}, {"trade_seq": 8337, "trade_id": "236211434", "timestamp": 1668667598815, "tick_direction": 2, "price": 0.0065, "mark_price": 0.00659487, "iv": 74.85, "instrument_name": "BTC-30DEC22-25000-C", "index_price": 16539.92, "direction": "sell", "amount": 0.3}, {"trade_seq": 8336, "trade_id": "236193150", "timestamp": 1668636775259, "tick_direction": 0, "price": 0.009, "mark_price": 0.00852691, "iv": 79.63, "instrument_name": "BTC-30DEC22-25000-C", "index_price": 16548.28, "direction": "buy", "amount": 0.1}, {"trade_seq": 8335, "trade_id": "236188635", "timestamp": 1668629843390, "tick_direction": 1, "price": 0.0085, "mark_price": 0.00819513, "iv": 78.77, "instrument_name": "BTC-30DEC22-25000-C", "index_price": 16514.76, "direction": "sell", "amount": 3.5}, {"trade_seq": 8334, "trade_id": "236188634", "timestamp": 1668629843387, "tick_direction": 0, "price": 0.0085, "mark_price": 0.00819513, "iv": 78.77, "instrument_name": "BTC-30DEC22-25000-C", "index_price": 16514.76, "direction": "buy", "amount": 1.8}, {"trade_seq": 8333, "trade_id": "236180296", "timestamp": 1668621695882, "tick_direction": 0, "price": 0.008, "mark_price": 0.00741486, "iv": 77.32, "instrument_name": "BTC-30DEC22-25000-C", "index_price": 16558.0, "direction": "buy", "amount": 0.5}, {"trade_seq": 8332, "trade_id": "236162588", "timestamp": 1668611205679, "tick_direction": 3, "price": 0.007, "mark_price": 0.00691349, "iv": 75.66, "instrument_name": "BTC-30DEC22-25000-C", "index_price": 16494.64, "direction": "buy", "amount": 1.7}, {"trade_seq": 8331, "trade_id": "236162587", "timestamp": 1668611205679, "tick_direction": 3, "price": 0.007, "mark_price": 0.00691349, "iv": 75.66, "instrument_name": "BTC-30DEC22-25000-C", "index_price": 16494.64, "direction": "buy", "amount": 5.2}, {"trade_seq": 8330, "trade_id": "236162530", "timestamp": 1668611170124, "tick_direction": 3, "price": 0.007, "mark_price": 0.00692713, "iv": 75.66, "instrument_name": "BTC-30DEC22-25000-C", "index_price": 16496.77, "direction": "buy", "amount": 3.0}, {"trade_seq": 8329, "trade_id": "236162529", "timestamp": 1668611170124, "tick_direction": 3, "price": 0.007, "mark_price": 0.00692713, "iv": 75.66, "instrument_name": "BTC-30DEC22-25000-C", "index_price": 16496.77, "direction": "buy", "amount": 4.5}, {"trade_seq": 8328, "trade_id": "236162528", "timestamp": 1668611170124, "tick_direction": 2, "price": 0.007, "mark_price": 0.00692713, "iv": 75.66, "instrument_name": "BTC-30DEC22-25000-C", "index_price": 16496.77, "direction": "buy", "amount": 1.9}, {"trade_seq": 8327, "trade_id": "236139217", "timestamp": 1668605282572, "tick_direction": 0, "price": 0.0075, "mark_price": 0.00699365, "iv": 75.89, "instrument_name": "BTC-30DEC22-25000-C", "index_price": 16580.38, "direction": "buy", "amount": 1.7}, {"trade_seq": 8326, "trade_id": "236132333", "timestamp": 1668602350748, "tick_direction": 0, "price": 0.006, "mark_price": 0.00594022, "iv": 72.4, "instrument_name": "BTC-30DEC22-25000-C", "index_price": 16592.04, "direction": "buy", "amount": 0.1}, {"trade_seq": 8325, "trade_id": "236125264", "timestamp": 1668597963071, "tick_direction": 3, "price": 0.0055, "mark_price": 0.00625009, "iv": 69.95, "instrument_name": "BTC-30DEC22-25000-C", "index_price": 16743.73, "direction": "sell", "amount": 0.2}, {"trade_seq": 8324, "trade_id": "236125263", "timestamp": 1668597963071, "tick_direction": 2, "price": 0.0055, "mark_price": 0.00625009, "iv": 69.95, "instrument_name": "BTC-30DEC22-25000-C", "index_price": 16743.73, "direction": "sell", "amount": 2.8}, {"trade_seq": 8323, "trade_id": "236122645", "timestamp": 1668595855663, "tick_direction": 3, "price": 0.0065, "mark_price": 0.00617715, "iv": 72.71, "instrument_name": "BTC-30DEC22-25000-C", "index_price": 16703.07, "direction": "buy", "amount": 3.2}, {"trade_seq": 8322, "trade_id": "236121941", "timestamp": 1668595369405, "tick_direction": 3, "price": 0.0065, "mark_price": 0.00618413, "iv": 72.55, "instrument_name": "BTC-30DEC22-25000-C", "index_price": 16720.37, "direction": "buy", "amount": 17.7}, {"trade_seq": 8321, "trade_id": "236115362", "timestamp": 1668589756938, "tick_direction": 3, "price": 0.0065, "mark_price": 0.0066622, "iv": 72.43, "instrument_name": "BTC-30DEC22-25000-C", "index_price": 16733.21, "direction": "sell", "amount": 19.1}, {"trade_seq": 8320, "trade_id": "236106271", "timestamp": 1668584658452, "tick_direction": 3, "price": 0.0065, "mark_price": 0.00677157, "iv": 71.46, "instrument_name": "BTC-30DEC22-25000-C", "index_price": 16845.68, "direction": "sell", "amount": 0.9}, {"trade_seq": 8319, "trade_id": "236106270", "timestamp": 1668584658452, "tick_direction": 2, "price": 0.0065, "mark_price": 0.00677157, "iv": 71.46, "instrument_name": "BTC-30DEC22-25000-C", "index_price": 16845.68, "direction": "sell", "amount": 0.1}, {"trade_seq": 8318, "trade_id": "236105193", "timestamp": 1668583915834, "tick_direction": 3, "price": 0.007, "mark_price": 0.00677797, "iv": 72.61, "instrument_name": "BTC-30DEC22-25000-C", "index_price": 16838.96, "direction": "buy", "amount": 1.0}, {"trade_seq": 8317, "trade_id": "236104403", "timestamp": 1668582876455, "tick_direction": 3, "price": 0.007, "mark_price": 0.0072043, "iv": 72.57, "instrument_name": "BTC-30DEC22-25000-C", "index_price": 16844.64, "direction": "sell", "amount": 6.8}, {"trade_seq": 8316, "trade_id": "236104402", "timestamp": 1668582876452, "tick_direction": 3, "price": 0.007, "mark_price": 0.0072043, "iv": 72.57, "instrument_name": "BTC-30DEC22-25000-C", "index_price": 16844.64, "direction": "sell", "amount": 3.9}, {"trade_seq": 8315, "trade_id": "236084153", "timestamp": 1668548360266, "tick_direction": 2, "price": 0.007, "mark_price": 0.00761791, "iv": 72.07, "instrument_name": "BTC-30DEC22-25000-C", "index_price": 16862.71, "direction": "sell", "amount": 1.0}, {"trade_seq": 8314, "trade_id": "236074058", "timestamp": 1668541013722, "tick_direction": 0, "price": 0.0075, "mark_price": 0.00760665, "iv": 73.93, "instrument_name": "BTC-30DEC22-25000-C", "index_price": 16765.22, "direction": "sell", "amount": 1.0}, {"trade_seq": 8313, "trade_id": "236057469", "timestamp": 1668530955684, "tick_direction": 3, "price": 0.007, "mark_price": 0.00743006, "iv": 71.45, "instrument_name": "BTC-30DEC22-25000-C", "index_price": 16945.7, "direction": "sell", "amount": 10.0}, {"trade_seq": 8312, "trade_id": "236057211", "timestamp": 1668530750163, "tick_direction": 3, "price": 0.007, "mark_price": 0.00726693, "iv": 71.72, "instrument_name": "BTC-30DEC22-25000-C", "index_price": 16914.51, "direction": "sell", "amount": 10.0}, {"trade_seq": 8311, "trade_id": "236043890", "timestamp": 1668523749756, "tick_direction": 2, "price": 0.007, "mark_price": 0.00719449, "iv": 72.47, "instrument_name": "BTC-30DEC22-25000-C", "index_price": 16809.07, "direction": "sell", "amount": 5.0}, {"trade_seq": 8310, "trade_id": "236021216", "timestamp": 1668510431972, "tick_direction": 1, "price": 0.0075, "mark_price": 0.00731331, "iv": 72.81, "instrument_name": "BTC-30DEC22-25000-C", "index_price": 16881.28, "direction": "buy", "amount": 3.0}, {"trade_seq": 8309, "trade_id": "235990491", "timestamp": 1668489728669, "tick_direction": 1, "price": 0.0075, "mark_price": 0.007259, "iv": 73.7, "instrument_name": "BTC-30DEC22-25000-C", "index_price": 16754.26, "direction": "buy", "amount": 0.8}, {"trade_seq": 8308, "trade_id": "235990490", "timestamp": 1668489728669, "tick_direction": 0, "price": 0.0075, "mark_price": 0.007259, "iv": 73.7, "instrument_name": "BTC-30DEC22-25000-C", "index_price": 16754.26, "direction": "buy", "amount": 6.2}, {"trade_seq": 8307, "trade_id": "235985939", "timestamp": 1668483960983, "tick_direction": 1, "price": 0.0075, "mark_price": 0.00738552, "iv": 72.8, "instrument_name": "BTC-30DEC22-25000-C", "index_price": 16861.04, "direction": "sell", "amount": 0.1}, {"trade_seq": 8306, "trade_id": "235985938", "timestamp": 1668483960981, "tick_direction": 1, "price": 0.0075, "mark_price": 0.00738552, "iv": 72.8, "instrument_name": "BTC-30DEC22-25000-C", "index_price": 16861.04, "direction": "buy", "amount": 10.0}, {"trade_seq": 8305, "trade_id": "235985937", "timestamp": 1668483960981, "tick_direction": 1, "price": 0.0075, "mark_price": 0.00738552, "iv": 72.8, "instrument_name": "BTC-30DEC22-25000-C", "index_price": 16861.04, "direction": "buy", "amount": 4.9}, {"trade_seq": 8304, "trade_id": "235972063", "timestamp": 1668473208343, "tick_direction": 2, "price": 0.007, "mark_price": 0.00725051, "iv": 73.74, "instrument_name": "BTC-30DEC22-25000-C", "index_price": 16603.18, "direction": "sell", "amount": 1.0}, {"trade_seq": 8303, "trade_id": "235967778", "timestamp": 1668468845793, "tick_direction": 0, "price": 0.0075, "mark_price": 0.00746596, "iv": 74.22, "instrument_name": "BTC-30DEC22-25000-C", "index_price": 16663.14, "direction": "buy", "amount": 0.8}, {"trade_seq": 8302, "trade_id": "235947175", "timestamp": 1668457898913, "tick_direction": 2, "price": 0.007, "mark_price": 0.0071047, "iv": 76.01, "instrument_name": "BTC-30DEC22-25000-C", "index_price": 16289.25, "direction": "sell", "amount": 0.1}, {"trade_seq": 8301, "trade_id": "235930672", "timestamp": 1668452668584, "tick_direction": 3, "price": 0.0075, "mark_price": 0.00694796, "iv": 74.63, "instrument_name": "BTC-30DEC22-25000-C", "index_price": 16589.91, "direction": "buy", "amount": 5.0}, {"trade_seq": 8300, "trade_id": "235930669", "timestamp": 1668452660780, "tick_direction": 3, "price": 0.0075, "mark_price": 0.00693864, "iv": 74.65, "instrument_name": "BTC-30DEC22-25000-C", "index_price": 16588.23, "direction": "buy", "amount": 4.5}, {"trade_seq": 8299, "trade_id": "235847103", "timestamp": 1668428768423, "tick_direction": 3, "price": 0.0075, "mark_price": 0.00755518, "iv": 73.42, "instrument_name": "BTC-30DEC22-25000-C", "index_price": 16702.5, "direction": "buy", "amount": 0.1}, {"trade_seq": 8298, "trade_id": "235847061", "timestamp": 1668428762001, "tick_direction": 3, "price": 0.0075, "mark_price": 0.00751758, "iv": 73.51, "instrument_name": "BTC-30DEC22-25000-C", "index_price": 16693.27, "direction": "buy", "amount": 0.1}, {"trade_seq": 8297, "trade_id": "235847056", "timestamp": 1668428761875, "tick_direction": 3, "price": 0.0075, "mark_price": 0.00751758, "iv": 73.51, "instrument_name": "BTC-30DEC22-25000-C", "index_price": 16693.27, "direction": "buy", "amount": 0.1}, {"trade_seq": 8296, "trade_id": "235847054", "timestamp": 1668428761844, "tick_direction": 3, "price": 0.0075, "mark_price": 0.00751758, "iv": 73.51, "instrument_name": "BTC-30DEC22-25000-C", "index_price": 16693.27, "direction": "buy", "amount": 0.2}, {"trade_seq": 8295, "trade_id": "235847052", "timestamp": 1668428761746, "tick_direction": 3, "price": 0.0075, "mark_price": 0.00751532, "iv": 73.51, "instrument_name": "BTC-30DEC22-25000-C", "index_price": 16693.27, "direction": "buy", "amount": 0.1}, {"trade_seq": 8294, "trade_id": "235847041", "timestamp": 1668428759051, "tick_direction": 3, "price": 0.0075, "mark_price": 0.00751102, "iv": 73.51, "instrument_name": "BTC-30DEC22-25000-C", "index_price": 16692.38, "direction": "buy", "amount": 0.1}, {"trade_seq": 8293, "trade_id": "235843966", "timestamp": 1668426872855, "tick_direction": 3, "price": 0.0075, "mark_price": 0.00779158, "iv": 73.12, "instrument_name": "BTC-30DEC22-25000-C", "index_price": 16738.14, "direction": "sell", "amount": 5.7}, {"trade_seq": 8292, "trade_id": "235843965", "timestamp": 1668426872855, "tick_direction": 3, "price": 0.0075, "mark_price": 0.00779158, "iv": 73.12, "instrument_name": "BTC-30DEC22-25000-C", "index_price": 16738.14, "direction": "sell", "amount": 0.3}, {"trade_seq": 8291, "trade_id": "235843950", "timestamp": 1668426843799, "tick_direction": 3, "price": 0.0075, "mark_price": 0.00780507, "iv": 73.1, "instrument_name": "BTC-30DEC22-25000-C", "index_price": 16740.76, "direction": "sell", "amount": 5.7}, {"trade_seq": 8290, "trade_id": "235843949", "timestamp": 1668426843799, "tick_direction": 3, "price": 0.0075, "mark_price": 0.00780507, "iv": 73.1, "instrument_name": "BTC-30DEC22-25000-C", "index_price": 16740.76, "direction": "sell", "amount": 2.3}, {"trade_seq": 8289, "trade_id": "235843943", "timestamp": 1668426828708, "tick_direction": 2, "price": 0.0075, "mark_price": 0.00779838, "iv": 73.12, "instrument_name": "BTC-30DEC22-25000-C", "index_price": 16739.02, "direction": "sell", "amount": 6.0}, {"trade_seq": 8288, "trade_id": "235843443", "timestamp": 1668426406550, "tick_direction": 3, "price": 0.008, "mark_price": 0.00786252, "iv": 74.12, "instrument_name": "BTC-30DEC22-25000-C", "index_price": 16734.69, "direction": "buy", "amount": 2.1}, {"trade_seq": 8287, "trade_id": "235843329", "timestamp": 1668426306495, "tick_direction": 3, "price": 0.008, "mark_price": 0.00780005, "iv": 74.29, "instrument_name": "BTC-30DEC22-25000-C", "index_price": 16719.81, "direction": "buy", "amount": 0.8}, {"trade_seq": 8286, "trade_id": "235841541", "timestamp": 1668425096745, "tick_direction": 3, "price": 0.008, "mark_price": 0.00796081, "iv": 73.95, "instrument_name": "BTC-30DEC22-25000-C", "index_price": 16760.24, "direction": "buy", "amount": 0.1}, {"trade_seq": 8285, "trade_id": "235841539", "timestamp": 1668425096338, "tick_direction": 3, "price": 0.008, "mark_price": 0.00796255, "iv": 73.95, "instrument_name": "BTC-30DEC22-25000-C", "index_price": 16760.24, "direction": "buy", "amount": 0.1}, {"trade_seq": 8284, "trade_id": "235841535", "timestamp": 1668425096226, "tick_direction": 3, "price": 0.008, "mark_price": 0.00796255, "iv": 73.95, "instrument_name": "BTC-30DEC22-25000-C", "index_price": 16760.24, "direction": "buy", "amount": 0.1}, {"trade_seq": 8283, "trade_id": "235841534", "timestamp": 1668425096197, "tick_direction": 3, "price": 0.008, "mark_price": 0.00796255, "iv": 73.95, "instrument_name": "BTC-30DEC22-25000-C", "index_price": 16760.24, "direction": "buy", "amount": 0.1}