{"trades": [{"trade_seq": 3634, "trade_id": "196965646", "timestamp": 1640784581857, "tick_direction": 1, "price": 0.0005, "mark_price": 0.0, "iv": 500.0, "instrument_name": "BTC-31DEC21-140000-C", "index_price": 46702.33, "direction": "buy", "amount": 0.5}, {"trade_seq": 3633, "trade_id": "196965645", "timestamp": 1640784581857, "tick_direction": 1, "price": 0.0005, "mark_price": 0.0, "iv": 500.0, "instrument_name": "BTC-31DEC21-140000-C", "index_price": 46702.33, "direction": "buy", "amount": 1.0}, {"trade_seq": 3632, "trade_id": "196531086", "timestamp": 1640536917434, "tick_direction": 1, "price": 0.0005, "mark_price": 0.0, "iv": 326.85, "instrument_name": "BTC-31DEC21-140000-C", "index_price": 50336.09, "direction": "buy", "amount": 0.4}, {"trade_seq": 3631, "trade_id": "196141719", "timestamp": 1640190025233, "tick_direction": 1, "price": 0.0005, "mark_price": 0.0, "iv": 244.03, "instrument_name": "BTC-31DEC21-140000-C", "index_price": 49074.99, "direction": "buy", "amount": 5.0}, {"trade_seq": 3630, "trade_id": "195480223", "timestamp": 1639742265451, "tick_direction": 1, "price": 0.0005, "mark_price": 2e-07, "iv": 199.29, "instrument_name": "BTC-31DEC21-140000-C", "index_price": 47112.58, "direction": "buy", "amount": 1.0}, {"trade_seq": 3629, "trade_id": "195014250", "timestamp": 1639461940962, "tick_direction": 1, "price": 0.0005, "mark_price": 1.69e-06, "iv": 180.34, "instrument_name": "BTC-31DEC21-140000-C", "index_price": 46822.49, "direction": "buy", "amount": 0.2}, {"trade_seq": 3628, "trade_id": "194864017", "timestamp": 1639407340438, "tick_direction": 1, "price": 0.0005, "mark_price": 3.19e-06, "iv": 174.07, "instrument_name": "BTC-31DEC21-140000-C", "index_price": 47816.64, "direction": "buy", "amount": 0.1}, {"trade_seq": 3627, "trade_id": "194853839", "timestamp": 1639404519081, "tick_direction": 1, "price": 0.0005, "mark_price": 3.7e-06, "iv": 172.75, "instrument_name": "BTC-31DEC21-140000-C", "index_price": 48203.34, "direction": "buy", "amount": 0.1}, {"trade_seq": 3626, "trade_id": "194612807", "timestamp": 1639198266757, "tick_direction": 1, "price": 0.0005, "mark_price": 7.1e-06, "iv": 161.26, "instrument_name": "BTC-31DEC21-140000-C", "index_price": 48517.28, "direction": "buy", "amount": 2.0}, {"trade_seq": 3625, "trade_id": "194455797", "timestamp": 1639129700373, "tick_direction": 1, "price": 0.0005, "mark_price": 3.66e-06, "iv": 158.8, "instrument_name": "BTC-31DEC21-140000-C", "index_price": 48244.29, "direction": "buy", "amount": 0.7}, {"trade_seq": 3624, "trade_id": "194455639", "timestamp": 1639129528673, "tick_direction": 1, "price": 0.0005, "mark_price": 3.76e-06, "iv": 158.58, "instrument_name": "BTC-31DEC21-140000-C", "index_price": 48315.74, "direction": "buy", "amount": 0.2}, {"trade_seq": 3623, "trade_id": "194304534", "timestamp": 1639055055774, "tick_direction": 0, "price": 0.0005, "mark_price": 6.4e-06, "iv": 152.57, "instrument_name": "BTC-31DEC21-140000-C", "index_price": 49426.97, "direction": "buy", "amount": 1.5}, {"trade_seq": 3622, "trade_id": "193773595", "timestamp": 1638789273644, "tick_direction": 2, "price": 0.0001, "mark_price": 7.22e-06, "iv": 128.89, "instrument_name": "BTC-31DEC21-140000-C", "index_price": 47347.61, "direction": "buy", "block_trade_id": "27006", "amount": 23.0}, {"trade_seq": 3621, "trade_id": "193741724", "timestamp": 1638782036345, "tick_direction": 2, "price": 0.0005, "mark_price": 6.38e-06, "iv": 146.25, "instrument_name": "BTC-31DEC21-140000-C", "index_price": 47975.08, "direction": "buy", "amount": 1.0}, {"trade_seq": 3620, "trade_id": "193709001", "timestamp": 1638775884103, "tick_direction": 0, "price": 0.001, "mark_price": 1.775e-05, "iv": 156.89, "instrument_name": "BTC-31DEC21-140000-C", "index_price": 47955.33, "direction": "buy", "amount": 0.1}, {"trade_seq": 3619, "trade_id": "193709000", "timestamp": 1638775884103, "tick_direction": 3, "price": 0.0005, "mark_price": 1.775e-05, "iv": 146.16, "instrument_name": "BTC-31DEC21-140000-C", "index_price": 47955.33, "direction": "buy", "amount": 2.0}, {"trade_seq": 3618, "trade_id": "193630766", "timestamp": 1638740368214, "tick_direction": 3, "price": 0.0005, "mark_price": 1.749e-05, "iv": 142.73, "instrument_name": "BTC-31DEC21-140000-C", "index_price": 48943.35, "direction": "buy", "amount": 1.0}, {"trade_seq": 3617, "trade_id": "193630765", "timestamp": 1638740368214, "tick_direction": 3, "price": 0.0005, "mark_price": 1.749e-05, "iv": 142.73, "instrument_name": "BTC-31DEC21-140000-C", "index_price": 48943.35, "direction": "buy", "amount": 1.0}, {"trade_seq": 3616, "trade_id": "193569883", "timestamp": 1638713431479, "tick_direction": 2, "price": 0.0005, "mark_price": 2.779e-05, "iv": 141.59, "instrument_name": "BTC-31DEC21-140000-C", "index_price": 49061.47, "direction": "buy", "amount": 2.0}, {"trade_seq": 3615, "trade_id": "193454636", "timestamp": 1638648061986, "tick_direction": 1, "price": 0.001, "mark_price": 0.0006876, "iv": 149.34, "instrument_name": "BTC-31DEC21-140000-C", "index_price": 49229.93, "direction": "buy", "amount": 1.0}, {"trade_seq": 3614, "trade_id": "193451583", "timestamp": 1638646822543, "tick_direction": 1, "price": 0.001, "mark_price": 0.00031845, "iv": 148.86, "instrument_name": "BTC-31DEC21-140000-C", "index_price": 49402.58, "direction": "buy", "amount": 0.3}, {"trade_seq": 3613, "trade_id": "193451582", "timestamp": 1638646822513, "tick_direction": 0, "price": 0.001, "mark_price": 0.00031845, "iv": 148.86, "instrument_name": "BTC-31DEC21-140000-C", "index_price": 49402.58, "direction": "buy", "amount": 0.3}, {"trade_seq": 3612, "trade_id": "193435401", "timestamp": 1638639342317, "tick_direction": 3, "price": 0.0002, "mark_price": 3.229e-05, "iv": 130.46, "instrument_name": "BTC-31DEC21-140000-C", "index_price": 48013.19, "direction": "sell", "block_trade_id": "26949", "amount": 10.0}, {"trade_seq": 3611, "trade_id": "193434964", "timestamp": 1638638790063, "tick_direction": 2, "price": 0.0002, "mark_price": 3.218e-05, "iv": 130.52, "instrument_name": "BTC-31DEC21-140000-C", "index_price": 47964.41, "direction": "sell", "block_trade_id": "26948", "amount": 20.0}, {"trade_seq": 3610, "trade_id": "193412231", "timestamp": 1638630563799, "tick_direction": 3, "price": 0.0005, "mark_price": 1.383e-05, "iv": 141.5, "instrument_name": "BTC-31DEC21-140000-C", "index_price": 48064.31, "direction": "buy", "amount": 1.5}, {"trade_seq": 3609, "trade_id": "193368391", "timestamp": 1638618993329, "tick_direction": 3, "price": 0.0005, "mark_price": 7.565e-05, "iv": 143.66, "instrument_name": "BTC-31DEC21-140000-C", "index_price": 46837.68, "direction": "sell", "amount": 0.1}, {"trade_seq": 3608, "trade_id": "193342239", "timestamp": 1638610547596, "tick_direction": 3, "price": 0.0005, "mark_price": 7.124e-05, "iv": 141.49, "instrument_name": "BTC-31DEC21-140000-C", "index_price": 47681.12, "direction": "sell", "amount": 1.5}, {"trade_seq": 3607, "trade_id": "193249405", "timestamp": 1638597735056, "tick_direction": 3, "price": 0.0005, "mark_price": 0.00013406, "iv": 141.48, "instrument_name": "BTC-31DEC21-140000-C", "index_price": 47739.25, "direction": "buy", "amount": 0.5}, {"trade_seq": 3606, "trade_id": "193249382", "timestamp": 1638597731870, "tick_direction": 3, "price": 0.0005, "mark_price": 0.00013383, "iv": 141.45, "instrument_name": "BTC-31DEC21-140000-C", "index_price": 47748.9, "direction": "buy", "amount": 1.2}, {"trade_seq": 3605, "trade_id": "193246987", "timestamp": 1638597596914, "tick_direction": 3, "price": 0.0005, "mark_price": 0.00011492, "iv": 141.65, "instrument_name": "BTC-31DEC21-140000-C", "index_price": 47693.54, "direction": "buy", "amount": 3.3}, {"trade_seq": 3604, "trade_id": "193246986", "timestamp": 1638597596914, "tick_direction": 2, "price": 0.0005, "mark_price": 0.00011492, "iv": 141.65, "instrument_name": "BTC-31DEC21-140000-C", "index_price": 47693.54, "direction": "buy", "amount": 1.0}, {"trade_seq": 3603, "trade_id": "192902387", "timestamp": 1638524292357, "tick_direction": 1, "price": 0.001, "mark_price": 0.0001325, "iv": 128.47, "instrument_name": "BTC-31DEC21-140000-C", "index_price": 56581.0, "direction": "buy", "amount": 2.7}, {"trade_seq": 3602, "trade_id": "192902386", "timestamp": 1638524292357, "tick_direction": 1, "price": 0.001, "mark_price": 0.0001325, "iv": 128.47, "instrument_name": "BTC-31DEC21-140000-C", "index_price": 56581.0, "direction": "buy", "amount": 12.3}, {"trade_seq": 3601, "trade_id": "192902385", "timestamp": 1638524292357, "tick_direction": 0, "price": 0.001, "mark_price": 0.0001325, "iv": 128.47, "instrument_name": "BTC-31DEC21-140000-C", "index_price": 56581.0, "direction": "buy", "amount": 5.0}, {"trade_seq": 3600, "trade_id": "192873543", "timestamp": 1638496770746, "tick_direction": 3, "price": 0.0005, "mark_price": 0.00017982, "iv": 118.71, "instrument_name": "BTC-31DEC21-140000-C", "index_price": 56562.54, "direction": "buy", "amount": 0.5}, {"trade_seq": 3599, "trade_id": "192873542", "timestamp": 1638496770746, "tick_direction": 3, "price": 0.0005, "mark_price": 0.00017982, "iv": 118.71, "instrument_name": "BTC-31DEC21-140000-C", "index_price": 56562.54, "direction": "buy", "amount": 1.6}, {"trade_seq": 3598, "trade_id": "192670726", "timestamp": 1638373478415, "tick_direction": 3, "price": 0.0005, "mark_price": 0.0001272, "iv": 111.71, "instrument_name": "BTC-31DEC21-140000-C", "index_price": 58516.4, "direction": "buy", "amount": 2.4}, {"trade_seq": 3597, "trade_id": "192583268", "timestamp": 1638317143412, "tick_direction": 3, "price": 0.0005, "mark_price": 0.00066917, "iv": 113.55, "instrument_name": "BTC-31DEC21-140000-C", "index_price": 56951.43, "direction": "sell", "amount": 5.0}, {"trade_seq": 3596, "trade_id": "192583178", "timestamp": 1638317106302, "tick_direction": 3, "price": 0.0005, "mark_price": 0.00071254, "iv": 113.75, "instrument_name": "BTC-31DEC21-140000-C", "index_price": 56836.22, "direction": "sell", "amount": 5.0}, {"trade_seq": 3595, "trade_id": "192567456", "timestamp": 1638305730691, "tick_direction": 3, "price": 0.0005, "mark_price": 0.00071148, "iv": 112.52, "instrument_name": "BTC-31DEC21-140000-C", "index_price": 57362.95, "direction": "sell", "amount": 5.0}, {"trade_seq": 3594, "trade_id": "192567455", "timestamp": 1638305730691, "tick_direction": 3, "price": 0.0005, "mark_price": 0.00071148, "iv": 112.52, "instrument_name": "BTC-31DEC21-140000-C", "index_price": 57362.95, "direction": "sell", "amount": 9.9}, {"trade_seq": 3593, "trade_id": "192560190", "timestamp": 1638301800799, "tick_direction": 2, "price": 0.0005, "mark_price": 0.00070478, "iv": 112.13, "instrument_name": "BTC-31DEC21-140000-C", "index_price": 57532.43, "direction": "sell", "amount": 0.1}, {"trade_seq": 3592, "trade_id": "192469693", "timestamp": 1638280763304, "tick_direction": 1, "price": 0.001, "mark_price": 0.00072907, "iv": 118.65, "instrument_name": "BTC-31DEC21-140000-C", "index_price": 58325.4, "direction": "buy", "amount": 1.0}, {"trade_seq": 3591, "trade_id": "192469628", "timestamp": 1638280718894, "tick_direction": 0, "price": 0.001, "mark_price": 0.0007236, "iv": 118.77, "instrument_name": "BTC-31DEC21-140000-C", "index_price": 58266.56, "direction": "buy", "amount": 1.0}, {"trade_seq": 3590, "trade_id": "192428815", "timestamp": 1638262261785, "tick_direction": 3, "price": 0.0005, "mark_price": 0.00030692, "iv": 112.62, "instrument_name": "BTC-31DEC21-140000-C", "index_price": 56900.97, "direction": "buy", "amount": 2.7}, {"trade_seq": 3589, "trade_id": "192424358", "timestamp": 1638261731644, "tick_direction": 3, "price": 0.0005, "mark_price": 0.00072004, "iv": 113.22, "instrument_name": "BTC-31DEC21-140000-C", "index_price": 56595.91, "direction": "sell", "amount": 1.0}, {"trade_seq": 3588, "trade_id": "192424357", "timestamp": 1638261731644, "tick_direction": 3, "price": 0.0005, "mark_price": 0.00072004, "iv": 113.22, "instrument_name": "BTC-31DEC21-140000-C", "index_price": 56595.91, "direction": "sell", "amount": 2.0}, {"trade_seq": 3587, "trade_id": "192424356", "timestamp": 1638261731644, "tick_direction": 3, "price": 0.0005, "mark_price": 0.00072004, "iv": 113.22, "instrument_name": "BTC-31DEC21-140000-C", "index_price": 56595.91, "direction": "sell", "amount": 1.0}, {"trade_seq": 3586, "trade_id": "192424355", "timestamp": 1638261731644, "tick_direction": 3, "price": 0.0005, "mark_price": 0.00072004, "iv": 113.22, "instrument_name": "BTC-31DEC21-140000-C", "index_price": 56595.91, "direction": "sell", "amount": 3.3}, {"trade_seq": 3585, "trade_id": "192424169", "timestamp": 1638261676980, "tick_direction": 3, "price": 0.0005, "mark_price": 0.00070837, "iv": 113.41, "instrument_name": "BTC-31DEC21-140000-C", "index_price": 56500.17, "direction": "sell", "amount": 0.7}, {"trade_seq": 3584, "trade_id": "192424168", "timestamp": 1638261676980, "tick_direction": 3, "price": 0.0005, "mark_price": 0.00070837, "iv": 113.41, "instrument_name": "BTC-31DEC21-140000-C", "index_price": 56500.17, "direction": "sell", "amount": 0.1}, {"trade_seq": 3583, "trade_id": "192424167", "timestamp": 1638261676980, "tick_direction": 2, "price": 0.0005, "mark_price": 0.00070837, "iv": 113.41, "instrument_name": "BTC-31DEC21-140000-C", "index_price": 56500.17, "direction": "sell", "amount": 4.2}, {"trade_seq": 3582, "trade_id": "192331754", "timestamp": 1638214446717, "tick_direction": 1, "price": 0.001, "mark_price": 0.00122353, "iv": 117.52, "instrument_name": "BTC-31DEC21-140000-C", "index_price": 58224.89, "direction": "sell", "amount": 3.1}, {"trade_seq": 3581, "trade_id": "192325917", "timestamp": 1638211556090, "tick_direction": 1, "price": 0.001, "mark_price": 0.00111416, "iv": 116.53, "instrument_name": "BTC-31DEC21-140000-C", "index_price": 58683.58, "direction": "sell", "amount": 0.1}, {"trade_seq": 3580, "trade_id": "192325088", "timestamp": 1638210923455, "tick_direction": 1, "price": 0.001, "mark_price": 0.00071742, "iv": 116.59, "instrument_name": "BTC-31DEC21-140000-C", "index_price": 58641.6, "direction": "buy", "amount": 0.1}, {"trade_seq": 3579, "trade_id": "192325087", "timestamp": 1638210923455, "tick_direction": 0, "price": 0.001, "mark_price": 0.00071742, "iv": 116.59, "instrument_name": "BTC-31DEC21-140000-C", "index_price": 58641.6, "direction": "buy", "amount": 0.1}, {"trade_seq": 3578, "trade_id": "192293728", "timestamp": 1638198202730, "tick_direction": 3, "price": 0.0005, "mark_price": 0.00089461, "iv": 111.05, "instrument_name": "BTC-31DEC21-140000-C", "index_price": 57001.73, "direction": "sell", "amount": 0.8}, {"trade_seq": 3577, "trade_id": "192293727", "timestamp": 1638198202730, "tick_direction": 3, "price": 0.0005, "mark_price": 0.00089461, "iv": 111.05, "instrument_name": "BTC-31DEC21-140000-C", "index_price": 57001.73, "direction": "sell", "amount": 0.1}, {"trade_seq": 3576, "trade_id": "192293726", "timestamp": 1638198202730, "tick_direction": 2, "price": 0.0005, "mark_price": 0.00089461, "iv": 111.05, "instrument_name": "BTC-31DEC21-140000-C", "index_price": 57001.73, "direction": "sell", "amount": 0.1}, {"trade_seq": 3575, "trade_id": "192287835", "timestamp": 1638193651421, "tick_direction": 0, "price": 0.0015, "mark_price": 0.00088573, "iv": 124.3, "instrument_name": "BTC-31DEC21-140000-C", "index_price": 57432.29, "direction": "buy", "amount": 1.0}, {"trade_seq": 3574, "trade_id": "192201431", "timestamp": 1638138707017, "tick_direction": 3, "price": 0.001, "mark_price": 0.00070684, "iv": 119.46, "instrument_name": "BTC-31DEC21-140000-C", "index_price": 56310.01, "direction": "buy", "amount": 0.4}, {"trade_seq": 3573, "trade_id": "192198292", "timestamp": 1638137430020, "tick_direction": 3, "price": 0.001, "mark_price": 0.00071381, "iv": 119.0, "instrument_name": "BTC-31DEC21-140000-C", "index_price": 56514.18, "direction": "buy", "amount": 1.2}, {"trade_seq": 3572, "trade_id": "192173868", "timestamp": 1638130117937, "tick_direction": 3, "price": 0.001, "mark_price": 0.00071574, "iv": 122.56, "instrument_name": "BTC-31DEC21-140000-C", "index_price": 54766.66, "direction": "buy", "amount": 0.2}, {"trade_seq": 3571, "trade_id": "192169167", "timestamp": 1638127844152, "tick_direction": 3, "price": 0.001, "mark_price": 0.00073278, "iv": 122.93, "instrument_name": "BTC-31DEC21-140000-C", "index_price": 54568.05, "direction": "buy", "amount": 1.2}, {"trade_seq": 3570, "trade_id": "192167697", "timestamp": 1638126995311, "tick_direction": 3, "price": 0.001, "mark_price": 0.00098, "iv": 122.9, "instrument_name": "BTC-31DEC21-140000-C", "index_price": 54586.9, "direction": "sell", "amount": 2.0}, {"trade_seq": 3569, "trade_id": "192156251", "timestamp": 1638124313228, "tick_direction": 3, "price": 0.001, "mark_price": 0.0007065, "liquidation": "T", "iv": 124.81, "instrument_name": "BTC-31DEC21-140000-C", "index_price": 53685.16, "direction": "buy", "amount": 0.3}, {"trade_seq": 3568, "trade_id": "192146116", "timestamp": 1638114189620, "tick_direction": 3, "price": 0.001, "mark_price": 0.0007737, "iv": 123.1, "instrument_name": "BTC-31DEC21-140000-C", "index_price": 54391.9, "direction": "buy", "amount": 0.4}, {"trade_seq": 3567, "trade_id": "192098417", "timestamp": 1638057904853, "tick_direction": 3, "price": 0.001, "mark_price": 0.00122687, "iv": 121.49, "instrument_name": "BTC-31DEC21-140000-C", "index_price": 54634.7, "direction": "sell", "amount": 1.0}, {"trade_seq": 3566, "trade_id": "192076193", "timestamp": 1638036603072, "tick_direction": 3, "price": 0.001, "mark_price": 0.00122501, "iv": 120.71, "instrument_name": "BTC-31DEC21-140000-C", "index_price": 54820.52, "direction": "sell", "amount": 0.1}, {"trade_seq": 3565, "trade_id": "192064128", "timestamp": 1638021530453, "tick_direction": 3, "price": 0.001, "mark_price": 0.00098956, "iv": 119.74, "instrument_name": "BTC-31DEC21-140000-C", "index_price": 55108.19, "direction": "buy", "amount": 1.8}, {"trade_seq": 3564, "trade_id": "192064127", "timestamp": 1638021530440, "tick_direction": 2, "price": 0.001, "mark_price": 0.00099047, "iv": 119.74, "instrument_name": "BTC-31DEC21-140000-C", "index_price": 55108.19, "direction": "sell", "amount": 2.1}, {"trade_seq": 3563, "trade_id": "192063211", "timestamp": 1638020920685, "tick_direction": 1, "price": 0.0015, "mark_price": 0.00089653, "iv": 125.46, "instrument_name": "BTC-31DEC21-140000-C", "index_price": 55119.9, "direction": "buy", "amount": 15.0}, {"trade_seq": 3562, "trade_id": "192063210", "timestamp": 1638020920685, "tick_direction": 0, "price": 0.0015, "mark_price": 0.00089653, "iv": 125.46, "instrument_name": "BTC-31DEC21-140000-C", "index_price": 55119.9, "direction": "buy", "amount": 5.0}, {"trade_seq": 3561, "trade_id": "192059622", "timestamp": 1638018307270, "tick_direction": 2, "price": 0.001, "mark_price": 0.00123949, "iv": 120.33, "instrument_name": "BTC-31DEC21-140000-C", "index_price": 54814.42, "direction": "sell", "amount": 1.0}, {"trade_seq": 3560, "trade_id": "192027731", "timestamp": 1637988459154, "tick_direction": 0, "price": 0.0015, "mark_price": 0.00090592, "iv": 125.8, "instrument_name": "BTC-31DEC21-140000-C", "index_price": 54611.1, "direction": "buy", "amount": 4.0}, {"trade_seq": 3559, "trade_id": "191928030", "timestamp": 1637935351749, "tick_direction": 2, "price": 0.001, "mark_price": 0.00123211, "iv": 119.2, "instrument_name": "BTC-31DEC21-140000-C", "index_price": 54491.37, "direction": "sell", "amount": 3.0}, {"trade_seq": 3558, "trade_id": "191842745", "timestamp": 1637920432025, "tick_direction": 1, "price": 0.0015, "mark_price": 0.0009423, "iv": 123.63, "instrument_name": "BTC-31DEC21-140000-C", "index_price": 54928.12, "direction": "buy", "amount": 0.2}, {"trade_seq": 3557, "trade_id": "191817291", "timestamp": 1637916948286, "tick_direction": 0, "price": 0.0015, "mark_price": 0.00092893, "iv": 124.18, "instrument_name": "BTC-31DEC21-140000-C", "index_price": 54606.01, "direction": "sell", "amount": 2.0}, {"trade_seq": 3556, "trade_id": "191707088", "timestamp": 1637891055202, "tick_direction": 2, "price": 0.001, "mark_price": 0.00125382, "iv": 109.95, "instrument_name": "BTC-31DEC21-140000-C", "index_price": 58699.85, "direction": "sell", "amount": 0.1}, {"trade_seq": 3555, "trade_id": "191619683", "timestamp": 1637843257237, "tick_direction": 1, "price": 0.0015, "mark_price": 0.00105778, "iv": 115.2, "instrument_name": "BTC-31DEC21-140000-C", "index_price": 58306.46, "direction": "buy", "amount": 10.0}, {"trade_seq": 3554, "trade_id": "191405011", "timestamp": 1637736763377, "tick_direction": 0, "price": 0.0015, "mark_price": 0.00174184, "iv": 116.5, "instrument_name": "BTC-31DEC21-140000-C", "index_price": 56606.73, "direction": "sell", "amount": 1.0}, {"trade_seq": 3553, "trade_id": "191398641", "timestamp": 1637732615381, "tick_direction": 3, "price": 0.001, "mark_price": 0.00143991, "iv": 110.94, "instrument_name": "BTC-31DEC21-140000-C", "index_price": 56677.47, "direction": "sell", "amount": 11.1}, {"trade_seq": 3552, "trade_id": "191398640", "timestamp": 1637732615381, "tick_direction": 3, "price": 0.001, "mark_price": 0.00143991, "iv": 110.94, "instrument_name": "BTC-31DEC21-140000-C", "index_price": 56677.47, "direction": "sell", "amount": 2.7}, {"trade_seq": 3551, "trade_id": "191398639", "timestamp": 1637732615381, "tick_direction": 3, "price": 0.001, "mark_price": 0.00143991, "iv": 110.94, "instrument_name": "BTC-31DEC21-140000-C", "index_price": 56677.47, "direction": "sell", "amount": 1.0}, {"trade_seq": 3550, "trade_id": "191398638", "timestamp": 1637732615381, "tick_direction": 3, "price": 0.001, "mark_price": 0.00143991, "iv": 110.94, "instrument_name": "BTC-31DEC21-140000-C", "index_price": 56677.47, "direction": "sell", "amount": 1.0}, {"trade_seq": 3549, "trade_id": "191398637", "timestamp": 1637732615381, "tick_direction": 2, "price": 0.001, "mark_price": 0.00143991, "iv": 110.94, "instrument_name": "BTC-31DEC21-140000-C", "index_price": 56677.47, "direction": "sell", "amount": 5.0}, {"trade_seq": 3548, "trade_id": "191288434", "timestamp": 1637679611781, "tick_direction": 3, "price": 0.0015, "mark_price": 0.00178989, "iv": 113.37, "instrument_name": "BTC-31DEC21-140000-C", "index_price": 57708.37, "direction": "buy", "amount": 1.0}, {"trade_seq": 3547, "trade_id": "191288433", "timestamp": 1637679611718, "tick_direction": 3, "price": 0.0015, "mark_price": 0.00178989, "iv": 113.37, "instrument_name": "BTC-31DEC21-140000-C", "index_price": 57708.37, "direction": "sell", "amount": 1.0}, {"trade_seq": 3546, "trade_id": "191263386", "timestamp": 1637671783402, "tick_direction": 3, "price": 0.0015, "mark_price": 0.00175865, "iv": 115.85, "instrument_name": "BTC-31DEC21-140000-C", "index_price": 56354.14, "direction": "sell", "amount": 2.8}, {"trade_seq": 3545, "trade_id": "191252275", "timestamp": 1637666839483, "tick_direction": 2, "price": 0.0015, "mark_price": 0.00172601, "iv": 116.19, "instrument_name": "BTC-31DEC21-140000-C", "index_price": 56140.64, "direction": "sell", "amount": 0.1}, {"trade_seq": 3544, "trade_id": "191187163", "timestamp": 1637654598325, "tick_direction": 2, "price": 0.002, "mark_price": 0.0016126, "iv": 120.15, "instrument_name": "BTC-31DEC21-140000-C", "index_price": 56113.74, "direction": "buy", "amount": 0.1}, {"trade_seq": 3543, "trade_id": "191112344", "timestamp": 1637613298358, "tick_direction": 0, "price": 0.0025, "mark_price": 0.00196708, "iv": 122.97, "instrument_name": "BTC-31DEC21-140000-C", "index_price": 56175.62, "direction": "buy", "amount": 0.2}, {"trade_seq": 3542, "trade_id": "191108753", "timestamp": 1637611957167, "tick_direction": 3, "price": 0.002, "mark_price": 0.00223466, "iv": 119.36, "instrument_name": "BTC-31DEC21-140000-C", "index_price": 56196.12, "direction": "sell", "amount": 0.2}, {"trade_seq": 3541, "trade_id": "191108752", "timestamp": 1637611957167, "tick_direction": 3, "price": 0.002, "mark_price": 0.00223466, "iv": 119.36, "instrument_name": "BTC-31DEC21-140000-C", "index_price": 56196.12, "direction": "sell", "amount": 4.0}, {"trade_seq": 3540, "trade_id": "191108751", "timestamp": 1637611957167, "tick_direction": 2, "price": 0.002, "mark_price": 0.00223466, "iv": 119.36, "instrument_name": "BTC-31DEC21-140000-C", "index_price": 56196.12, "direction": "sell", "amount": 43.8}, {"trade_seq": 3539, "trade_id": "191047556", "timestamp": 1637597232292, "tick_direction": 2, "price": 0.0022, "mark_price": 0.00222601, "iv": 116.73, "instrument_name": "BTC-31DEC21-140000-C", "index_price": 58114.1, "direction": "buy", "block_trade_id": "25803", "amount": 50.0}, {"trade_seq": 3538, "trade_id": "190827043", "timestamp": 1637432784270, "tick_direction": 3, "price": 0.0025, "mark_price": 0.00241284, "iv": 113.35, "instrument_name": "BTC-31DEC21-140000-C", "index_price": 59445.25, "direction": "buy", "amount": 3.0}, {"trade_seq": 3537, "trade_id": "190813598", "timestamp": 1637425155794, "tick_direction": 3, "price": 0.0025, "mark_price": 0.00222184, "iv": 116.76, "instrument_name": "BTC-31DEC21-140000-C", "index_price": 57557.64, "direction": "buy", "amount": 10.0}, {"trade_seq": 3536, "trade_id": "190808491", "timestamp": 1637421634862, "tick_direction": 3, "price": 0.0025, "mark_price": 0.00272892, "iv": 115.97, "instrument_name": "BTC-31DEC21-140000-C", "index_price": 57958.04, "direction": "sell", "amount": 4.5}, {"trade_seq": 3535, "trade_id": "190740511", "timestamp": 1637346950175, "tick_direction": 2, "price": 0.0025, "mark_price": 0.002242, "iv": 114.89, "instrument_name": "BTC-31DEC21-140000-C", "index_price": 57905.63, "direction": "buy", "amount": 2.0}, {"trade_seq": 3534, "trade_id": "190718556", "timestamp": 1637335636059, "tick_direction": 0, "price": 0.003, "mark_price": 0.00245099, "iv": 117.75, "instrument_name": "BTC-31DEC21-140000-C", "index_price": 57841.74, "direction": "buy", "amount": 0.8}, {"trade_seq": 3533, "trade_id": "190674168", "timestamp": 1637315363969, "tick_direction": 0, "price": 0.0025, "mark_price": 0.00245875, "iv": 115.84, "instrument_name": "BTC-31DEC21-140000-C", "index_price": 57159.27, "direction": "sell", "amount": 0.5}, {"trade_seq": 3532, "trade_id": "190650240", "timestamp": 1637308321895, "tick_direction": 2, "price": 0.002, "mark_price": 0.00223109, "iv": 114.81, "instrument_name": "BTC-31DEC21-140000-C", "index_price": 55922.44, "direction": "sell", "amount": 0.2}, {"trade_seq": 3531, "trade_id": "190509510", "timestamp": 1637258875136, "tick_direction": 3, "price": 0.0023, "mark_price": 0.00226511, "iv": 112.6, "instrument_name": "BTC-31DEC21-140000-C", "index_price": 57776.42, "direction": "buy", "block_trade_id": "25580", "amount": 50.0}, {"trade_seq": 3530, "trade_id": "190509277", "timestamp": 1637258719688, "tick_direction": 2, "price": 0.0023, "mark_price": 0.00223556, "iv": 112.87, "instrument_name": "BTC-31DEC21-140000-C", "index_price": 57621.89, "direction": "buy", "block_trade_id": "25578", "amount": 50.0}, {"trade_seq": 3529, "trade_id": "190500957", "timestamp": 1637256907107, "tick_direction": 2, "price": 0.0025, "mark_price": 0.00273923, "iv": 113.7, "instrument_name": "BTC-31DEC21-140000-C", "index_price": 57853.5, "direction": "sell", "amount": 0.1}, {"trade_seq": 3528, "trade_id": "190486788", "timestamp": 1637255513685, "tick_direction": 0, "price": 0.003, "mark_price": 0.00272614, "iv": 118.56, "instrument_name": "BTC-31DEC21-140000-C", "index_price": 56765.9, "direction": "buy", "amount": 1.5}, {"trade_seq": 3527, "trade_id": "190355234", "timestamp": 1637220422120, "tick_direction": 2, "price": 0.0025, "mark_price": 0.00313303, "iv": 109.77, "instrument_name": "BTC-31DEC21-140000-C", "index_price": 59602.08, "direction": "sell", "amount": 1.0}, {"trade_seq": 3526, "trade_id": "190317528", "timestamp": 1637192614862, "tick_direction": 3, "price": 0.003, "mark_price": 0.0029832, "iv": 111.27, "instrument_name": "BTC-31DEC21-140000-C", "index_price": 60046.29, "direction": "sell", "amount": 3.5}, {"trade_seq": 3525, "trade_id": "190317527", "timestamp": 1637192614862, "tick_direction": 3, "price": 0.003, "mark_price": 0.0029832, "iv": 111.27, "instrument_name": "BTC-31DEC21-140000-C", "index_price": 60046.29, "direction": "sell", "amount": 0.2}, {"trade_seq": 3524, "trade_id": "190306007", "timestamp": 1637183207266, "tick_direction": 3, "price": 0.003, "mark_price": 0.00320542, "iv": 110.92, "instrument_name": "BTC-31DEC21-140000-C", "index_price": 60205.54, "direction": "sell", "amount": 2.6}, {"trade_seq": 3523, "trade_id": "190306006", "timestamp": 1637183207266, "tick_direction": 3, "price": 0.003, "mark_price": 0.00320542, "iv": 110.92, "instrument_name": "BTC-31DEC21-140000-C", "index_price": 60205.54, "direction": "sell", "amount": 0.1}, {"trade_seq": 3522, "trade_id": "190298397", "timestamp": 1637176199779, "tick_direction": 3, "price": 0.003, "mark_price": 0.00275594, "iv": 110.08, "instrument_name": "BTC-31DEC21-140000-C", "index_price": 60633.19, "direction": "sell", "amount": 2.3}, {"trade_seq": 3521, "trade_id": "190268679", "timestamp": 1637160678120, "tick_direction": 3, "price": 0.003, "mark_price": 0.00273307, "iv": 111.23, "instrument_name": "BTC-31DEC21-140000-C", "index_price": 59875.7, "direction": "buy", "amount": 1.0}, {"trade_seq": 3520, "trade_id": "190260612", "timestamp": 1637155919370, "tick_direction": 3, "price": 0.003, "mark_price": 0.00290051, "iv": 110.4, "instrument_name": "BTC-31DEC21-140000-C", "index_price": 60312.13, "direction": "sell", "amount": 2.0}, {"trade_seq": 3519, "trade_id": "190260502", "timestamp": 1637155903054, "tick_direction": 3, "price": 0.003, "mark_price": 0.00287536, "iv": 110.45, "instrument_name": "BTC-31DEC21-140000-C", "index_price": 60285.55, "direction": "sell", "amount": 2.0}, {"trade_seq": 3518, "trade_id": "190260408", "timestamp": 1637155866885, "tick_direction": 3, "price": 0.003, "mark_price": 0.00286774, "iv": 110.41, "instrument_name": "BTC-31DEC21-140000-C", "index_price": 60307.15, "direction": "sell", "amount": 2.2}, {"trade_seq": 3517, "trade_id": "190260397", "timestamp": 1637155858497, "tick_direction": 3, "price": 0.003, "mark_price": 0.00285919, "iv": 110.39, "instrument_name": "BTC-31DEC21-140000-C", "index_price": 60312.47, "direction": "sell", "amount": 0.3}, {"trade_seq": 3516, "trade_id": "190260391", "timestamp": 1637155857020, "tick_direction": 2, "price": 0.003, "mark_price": 0.00285771, "iv": 110.4, "instrument_name": "BTC-31DEC21-140000-C", "index_price": 60312.06, "direction": "sell", "amount": 1.9}, {"trade_seq": 3515, "trade_id": "190260345", "timestamp": 1637155852254, "tick_direction": 1, "price": 0.0035, "mark_price": 0.00286241, "iv": 112.84, "instrument_name": "BTC-31DEC21-140000-C", "index_price": 60316.01, "direction": "buy", "amount": 9.6}, {"trade_seq": 3514, "trade_id": "190260344", "timestamp": 1637155852254, "tick_direction": 1, "price": 0.0035, "mark_price": 0.00286241, "iv": 112.84, "instrument_name": "BTC-31DEC21-140000-C", "index_price": 60316.01, "direction": "buy", "amount": 12.0}, {"trade_seq": 3513, "trade_id": "190260343", "timestamp": 1637155852254, "tick_direction": 1, "price": 0.0035, "mark_price": 0.00286241, "iv": 112.84, "instrument_name": "BTC-31DEC21-140000-C", "index_price": 60316.01, "direction": "buy", "amount": 12.0}, {"trade_seq": 3512, "trade_id": "190260342", "timestamp": 1637155852254, "tick_direction": 0, "price": 0.0035, "mark_price": 0.00286241, "iv": 112.84, "instrument_name": "BTC-31DEC21-140000-C", "index_price": 60316.01, "direction": "buy", "amount": 3.3}, {"trade_seq": 3511, "trade_id": "190260341", "timestamp": 1637155852254, "tick_direction": 1, "price": 0.003, "mark_price": 0.00286241, "iv": 110.39, "instrument_name": "BTC-31DEC21-140000-C", "index_price": 60316.01, "direction": "buy", "amount": 1.5}, {"trade_seq": 3510, "trade_id": "190259337", "timestamp": 1637155332552, "tick_direction": 1, "price": 0.003, "mark_price": 0.00246411, "iv": 110.3, "instrument_name": "BTC-31DEC21-140000-C", "index_price": 60359.23, "direction": "buy", "amount": 21.6}, {"trade_seq": 3509, "trade_id": "190259306", "timestamp": 1637155298278, "tick_direction": 1, "price": 0.003, "mark_price": 0.00245429, "iv": 110.31, "instrument_name": "BTC-31DEC21-140000-C", "index_price": 60354.28, "direction": "buy", "amount": 5.0}, {"trade_seq": 3508, "trade_id": "190259305", "timestamp": 1637155298278, "tick_direction": 1, "price": 0.003, "mark_price": 0.00245429, "iv": 110.31, "instrument_name": "BTC-31DEC21-140000-C", "index_price": 60354.28, "direction": "buy", "amount": 30.0}, {"trade_seq": 3507, "trade_id": "190259304", "timestamp": 1637155298278, "tick_direction": 1, "price": 0.003, "mark_price": 0.00245429, "iv": 110.31, "instrument_name": "BTC-31DEC21-140000-C", "index_price": 60354.28, "direction": "buy", "amount": 12.0}, {"trade_seq": 3506, "trade_id": "190259303", "timestamp": 1637155298278, "tick_direction": 1, "price": 0.003, "mark_price": 0.00245429, "iv": 110.31, "instrument_name": "BTC-31DEC21-140000-C", "index_price": 60354.28, "direction": "buy", "amount": 2.2}, {"trade_seq": 3505, "trade_id": "190259302", "timestamp": 1637155298278, "tick_direction": 1, "price": 0.003, "mark_price": 0.00245429, "iv": 110.31, "instrument_name": "BTC-31DEC21-140000-C", "index_price": 60354.28, "direction": "buy", "amount": 31.0}, {"trade_seq": 3504, "trade_id": "190231737", "timestamp": 1637145438556, "tick_direction": 0, "price": 0.003, "mark_price": 0.00241439, "iv": 113.32, "instrument_name": "BTC-31DEC21-140000-C", "index_price": 58644.86, "direction": "buy", "amount": 0.2}, {"trade_seq": 3503, "trade_id": "190228497", "timestamp": 1637144719295, "tick_direction": 2, "price": 0.0025, "mark_price": 0.00274017, "iv": 109.52, "instrument_name": "BTC-31DEC21-140000-C", "index_price": 59183.18, "direction": "sell", "amount": 1.0}, {"trade_seq": 3502, "trade_id": "190204453", "timestamp": 1637133262063, "tick_direction": 0, "price": 0.003, "mark_price": 0.00246182, "iv": 111.55, "instrument_name": "BTC-31DEC21-140000-C", "index_price": 59497.97, "direction": "buy", "amount": 1.0}, {"trade_seq": 3501, "trade_id": "190043774", "timestamp": 1637070064211, "tick_direction": 2, "price": 0.002, "mark_price": 0.00248991, "iv": 102.87, "instrument_name": "BTC-31DEC21-140000-C", "index_price": 60585.58, "direction": "sell", "amount": 0.1}, {"trade_seq": 3500, "trade_id": "190028821", "timestamp": 1637064891553, "tick_direction": 1, "price": 0.003, "mark_price": 0.00248327, "iv": 108.31, "instrument_name": "BTC-31DEC21-140000-C", "index_price": 60806.31, "direction": "sell", "amount": 11.0}, {"trade_seq": 3499, "trade_id": "190028820", "timestamp": 1637064891536, "tick_direction": 1, "price": 0.003, "mark_price": 0.00248327, "iv": 108.31, "instrument_name": "BTC-31DEC21-140000-C", "index_price": 60806.31, "direction": "buy", "amount": 6.0}, {"trade_seq": 3498, "trade_id": "190028819", "timestamp": 1637064891536, "tick_direction": 0, "price": 0.003, "mark_price": 0.00248327, "iv": 108.31, "instrument_name": "BTC-31DEC21-140000-C", "index_price": 60806.31, "direction": "buy", "amount": 3.0}, {"trade_seq": 3497, "trade_id": "189891781", "timestamp": 1637038460427, "tick_direction": 2, "price": 0.0025, "mark_price": 0.00278326, "iv": 104.15, "instrument_name": "BTC-31DEC21-140000-C", "index_price": 61520.36, "direction": "sell", "amount": 0.5}, {"trade_seq": 3496, "trade_id": "189864561", "timestamp": 1637034247552, "tick_direction": 3, "price": 0.003, "mark_price": 0.00308915, "iv": 108.01, "instrument_name": "BTC-31DEC21-140000-C", "index_price": 60834.92, "direction": "sell", "amount": 6.5}, {"trade_seq": 3495, "trade_id": "189862819", "timestamp": 1637034060479, "tick_direction": 3, "price": 0.003, "mark_price": 0.0029839, "iv": 107.9, "instrument_name": "BTC-31DEC21-140000-C", "index_price": 60858.38, "direction": "sell", "amount": 3.5}, {"trade_seq": 3494, "trade_id": "189760993", "timestamp": 1637009945725, "tick_direction": 2, "price": 0.003, "mark_price": 0.00329563, "iv": 101.95, "instrument_name": "BTC-31DEC21-140000-C", "index_price": 63911.84, "direction": "sell", "amount": 50.0}, {"trade_seq": 3493, "trade_id": "189658866", "timestamp": 1636957541589, "tick_direction": 1, "price": 0.005, "mark_price": 0.00448951, "iv": 105.99, "instrument_name": "BTC-31DEC21-140000-C", "index_price": 65781.33, "direction": "sell", "amount": 1.1}, {"trade_seq": 3492, "trade_id": "189658865", "timestamp": 1636957541580, "tick_direction": 0, "price": 0.005, "mark_price": 0.00448951, "iv": 105.99, "instrument_name": "BTC-31DEC21-140000-C", "index_price": 65781.33, "direction": "buy", "amount": 1.4}, {"trade_seq": 3491, "trade_id": "189617195", "timestamp": 1636929273680, "tick_direction": 0, "price": 0.0045, "mark_price": 0.00408184, "iv": 105.81, "instrument_name": "BTC-31DEC21-140000-C", "index_price": 64730.13, "direction": "buy", "amount": 2.0}, {"trade_seq": 3490, "trade_id": "189571622", "timestamp": 1636892457281, "tick_direction": 3, "price": 0.004, "mark_price": 0.00433356, "iv": 103.93, "instrument_name": "BTC-31DEC21-140000-C", "index_price": 64393.33, "direction": "buy", "amount": 0.3}, {"trade_seq": 3489, "trade_id": "189571621", "timestamp": 1636892457279, "tick_direction": 3, "price": 0.004, "mark_price": 0.00433356, "iv": 103.93, "instrument_name": "BTC-31DEC21-140000-C", "index_price": 64393.33, "direction": "sell", "amount": 0.7}, {"trade_seq": 3488, "trade_id": "189571620", "timestamp": 1636892457279, "tick_direction": 2, "price": 0.004, "mark_price": 0.00433356, "iv": 103.93, "instrument_name": "BTC-31DEC21-140000-C", "index_price": 64393.33, "direction": "sell", "amount": 1.0}, {"trade_seq": 3487, "trade_id": "189562384", "timestamp": 1636878609750, "tick_direction": 3, "price": 0.0045, "mark_price": 0.00467939, "iv": 106.11, "instrument_name": "BTC-31DEC21-140000-C", "index_price": 64146.31, "direction": "sell", "amount": 11.3}, {"trade_seq": 3486, "trade_id": "189558079", "timestamp": 1636877337787, "tick_direction": 3, "price": 0.0045, "mark_price": 0.00471896, "iv": 105.36, "instrument_name": "BTC-31DEC21-140000-C", "index_price": 64564.09, "direction": "sell", "amount": 15.1}, {"trade_seq": 3485, "trade_id": "189552376", "timestamp": 1636872968000, "tick_direction": 3, "price": 0.0045, "mark_price": 0.00464208, "iv": 104.75, "instrument_name": "BTC-31DEC21-140000-C", "index_price": 64839.77, "direction": "sell", "amount": 16.5}, {"trade_seq": 3484, "trade_id": "189552359", "timestamp": 1636872745351, "tick_direction": 2, "price": 0.0045, "mark_price": 0.00448539, "iv": 104.78, "instrument_name": "BTC-31DEC21-140000-C", "index_price": 64831.58, "direction": "sell", "amount": 17.1}, {"trade_seq": 3483, "trade_id": "189552347", "timestamp": 1636872585409, "tick_direction": 0, "price": 0.005, "mark_price": 0.00449088, "iv": 106.54, "instrument_name": "BTC-31DEC21-140000-C", "index_price": 64813.33, "direction": "buy", "amount": 0.1}, {"trade_seq": 3482, "trade_id": "189508038", "timestamp": 1636828027941, "tick_direction": 2, "price": 0.004, "mark_price": 0.00420065, "iv": 103.13, "instrument_name": "BTC-31DEC21-140000-C", "index_price": 64351.74, "direction": "sell", "amount": 0.1}, {"trade_seq": 3481, "trade_id": "189486818", "timestamp": 1636813561394, "tick_direction": 0, "price": 0.0045, "mark_price": 0.00417382, "iv": 104.58, "instrument_name": "BTC-31DEC21-140000-C", "index_price": 64424.14, "direction": "buy", "amount": 1.0}, {"trade_seq": 3480, "trade_id": "189471882", "timestamp": 1636800194305, "tick_direction": 0, "price": 0.004, "mark_price": 0.00399298, "iv": 104.07, "instrument_name": "BTC-31DEC21-140000-C", "index_price": 63615.05, "direction": "buy", "amount": 0.1}, {"trade_seq": 3479, "trade_id": "189468127", "timestamp": 1636795837433, "tick_direction": 2, "price": 0.0035, "mark_price": 0.00398214, "iv": 101.78, "instrument_name": "BTC-31DEC21-140000-C", "index_price": 63711.5, "direction": "sell", "amount": 2.0}, {"trade_seq": 3478, "trade_id": "189451036", "timestamp": 1636772645249, "tick_direction": 3, "price": 0.0045, "mark_price": 0.00403304, "iv": 105.3, "instrument_name": "BTC-31DEC21-140000-C", "index_price": 63763.17, "direction": "buy", "amount": 2.6}, {"trade_seq": 3477, "trade_id": "189343501", "timestamp": 1636722635272, "tick_direction": 3, "price": 0.0045, "mark_price": 0.00489661, "iv": 104.76, "instrument_name": "BTC-31DEC21-140000-C", "index_price": 63629.38, "direction": "sell", "amount": 0.1}, {"trade_seq": 3476, "trade_id": "189330213", "timestamp": 1636718638232, "tick_direction": 2, "price": 0.0045, "mark_price": 0.00494022, "iv": 104.73, "instrument_name": "BTC-31DEC21-140000-C", "index_price": 63581.02, "direction": "sell", "amount": 1.0}, {"trade_seq": 3475, "trade_id": "189326170", "timestamp": 1636716654518, "tick_direction": 0, "price": 0.0046, "mark_price": 0.0049185, "iv": 104.26, "instrument_name": "BTC-31DEC21-140000-C", "index_price": 64000.96, "direction": "sell", "block_trade_id": "25191", "amount": 25.0}, {"trade_seq": 3474, "trade_id": "189319814", "timestamp": 1636714548207, "tick_direction": 3, "price": 0.0045, "mark_price": 0.00499739, "iv": 104.2, "instrument_name": "BTC-31DEC21-140000-C", "index_price": 63826.24, "direction": "sell", "amount": 0.2}, {"trade_seq": 3473, "trade_id": "189300986", "timestamp": 1636709717109, "tick_direction": 3, "price": 0.0045, "mark_price": 0.00514569, "iv": 103.74, "instrument_name": "BTC-31DEC21-140000-C", "index_price": 64079.31, "direction": "sell", "amount": 7.7}, {"trade_seq": 3472, "trade_id": "189300985", "timestamp": 1636709717109, "tick_direction": 3, "price": 0.0045, "mark_price": 0.00514569, "iv": 103.74, "instrument_name": "BTC-31DEC21-140000-C", "index_price": 64079.31, "direction": "sell", "amount": 12.0}, {"trade_seq": 3471, "trade_id": "189300675", "timestamp": 1636709678615, "tick_direction": 3, "price": 0.0045, "mark_price": 0.00509527, "iv": 103.89, "instrument_name": "BTC-31DEC21-140000-C", "index_price": 64005.26, "direction": "sell", "amount": 5.7}, {"trade_seq": 3470, "trade_id": "189300674", "timestamp": 1636709678615, "tick_direction": 2, "price": 0.0045, "mark_price": 0.00509527, "iv": 103.89, "instrument_name": "BTC-31DEC21-140000-C", "index_price": 64005.26, "direction": "sell", "amount": 12.0}, {"trade_seq": 3469, "trade_id": "189300673", "timestamp": 1636709678615, "tick_direction": 1, "price": 0.005, "mark_price": 0.00509527, "iv": 105.63, "instrument_name": "BTC-31DEC21-140000-C", "index_price": 64005.26, "direction": "sell", "amount": 2.5}, {"trade_seq": 3468, "trade_id": "189297610", "timestamp": 1636709473983, "tick_direction": 1, "price": 0.005, "mark_price": 0.0050479, "iv": 105.16, "instrument_name": "BTC-31DEC21-140000-C", "index_price": 64208.3, "direction": "sell", "amount": 0.1}, {"trade_seq": 3467, "trade_id": "189290490", "timestamp": 1636707178559, "tick_direction": 1, "price": 0.005, "mark_price": 0.00475565, "iv": 103.95, "instrument_name": "BTC-31DEC21-140000-C", "index_price": 64882.08, "direction": "sell", "amount": 2.5}, {"trade_seq": 3466, "trade_id": "189290479", "timestamp": 1636707146361, "tick_direction": 1, "price": 0.005, "mark_price": 0.00468791, "iv": 103.96, "instrument_name": "BTC-31DEC21-140000-C", "index_price": 64879.11, "direction": "buy", "amount": 1.1}, {"trade_seq": 3465, "trade_id": "189290405", "timestamp": 1636707121911, "tick_direction": 0, "price": 0.005, "mark_price": 0.00468959, "iv": 103.92, "instrument_name": "BTC-31DEC21-140000-C", "index_price": 64907.59, "direction": "buy", "amount": 1.4}, {"trade_seq": 3464, "trade_id": "189218411", "timestamp": 1636651630475, "tick_direction": 1, "price": 0.0045, "mark_price": 0.00396828, "iv": 101.35, "instrument_name": "BTC-31DEC21-140000-C", "index_price": 65107.88, "direction": "buy", "amount": 2.4}, {"trade_seq": 3463, "trade_id": "189218410", "timestamp": 1636651630475, "tick_direction": 0, "price": 0.0045, "mark_price": 0.00396828, "iv": 101.35, "instrument_name": "BTC-31DEC21-140000-C", "index_price": 65107.88, "direction": "buy", "amount": 2.6}, {"trade_seq": 3462, "trade_id": "189170204", "timestamp": 1636622397755, "tick_direction": 2, "price": 0.004, "mark_price": 0.00426301, "iv": 98.88, "instrument_name": "BTC-31DEC21-140000-C", "index_price": 65248.94, "direction": "sell", "amount": 1.0}, {"trade_seq": 3461, "trade_id": "189167972", "timestamp": 1636621607545, "tick_direction": 1, "price": 0.0045, "mark_price": 0.00425591, "iv": 100.53, "instrument_name": "BTC-31DEC21-140000-C", "index_price": 65342.44, "direction": "buy", "block_trade_id": "25092", "amount": 25.0}, {"trade_seq": 3460, "trade_id": "189164044", "timestamp": 1636619693760, "tick_direction": 1, "price": 0.0045, "mark_price": 0.00419451, "iv": 101.65, "instrument_name": "BTC-31DEC21-140000-C", "index_price": 64650.99, "direction": "buy", "amount": 0.5}, {"trade_seq": 3459, "trade_id": "189147273", "timestamp": 1636610032957, "tick_direction": 1, "price": 0.0045, "mark_price": 0.00425797, "iv": 101.56, "instrument_name": "BTC-31DEC21-140000-C", "index_price": 64690.08, "direction": "buy", "amount": 0.1}, {"trade_seq": 3458, "trade_id": "189132597", "timestamp": 1636599191151, "tick_direction": 0, "price": 0.0045, "mark_price": 0.00402906, "iv": 101.84, "instrument_name": "BTC-31DEC21-140000-C", "index_price": 64487.33, "direction": "buy", "amount": 0.8}, {"trade_seq": 3457, "trade_id": "189130947", "timestamp": 1636598069864, "tick_direction": 3, "price": 0.004, "mark_price": 0.00424812, "iv": 100.16, "instrument_name": "BTC-31DEC21-140000-C", "index_price": 64389.79, "direction": "sell", "amount": 0.8}, {"trade_seq": 3456, "trade_id": "189130559", "timestamp": 1636597855715, "tick_direction": 2, "price": 0.004, "mark_price": 0.0042117, "iv": 100.2, "instrument_name": "BTC-31DEC21-140000-C", "index_price": 64337.11, "direction": "sell", "amount": 0.2}, {"trade_seq": 3455, "trade_id": "189116313", "timestamp": 1636592027886, "tick_direction": 2, "price": 0.0045, "mark_price": 0.00436169, "iv": 100.98, "instrument_name": "BTC-31DEC21-140000-C", "index_price": 64860.29, "direction": "buy", "amount": 0.5}, {"trade_seq": 3454, "trade_id": "189112514", "timestamp": 1636591006751, "tick_direction": 1, "price": 0.005, "mark_price": 0.00454734, "iv": 102.96, "instrument_name": "BTC-31DEC21-140000-C", "index_price": 64687.86, "direction": "buy", "amount": 1.0}, {"trade_seq": 3453, "trade_id": "189111994", "timestamp": 1636590847448, "tick_direction": 1, "price": 0.005, "mark_price": 0.00447755, "iv": 103.29, "instrument_name": "BTC-31DEC21-140000-C", "index_price": 64504.6, "direction": "buy", "amount": 1.0}, {"trade_seq": 3452, "trade_id": "189110463", "timestamp": 1636590235727, "tick_direction": 1, "price": 0.005, "mark_price": 0.00442895, "iv": 103.63, "instrument_name": "BTC-31DEC21-140000-C", "index_price": 64311.81, "direction": "buy", "amount": 0.3}, {"trade_seq": 3451, "trade_id": "189110462", "timestamp": 1636590235727, "tick_direction": 1, "price": 0.005, "mark_price": 0.00442895, "iv": 103.63, "instrument_name": "BTC-31DEC21-140000-C", "index_price": 64311.81, "direction": "buy", "amount": 0.2}, {"trade_seq": 3450, "trade_id": "189110204", "timestamp": 1636590126867, "tick_direction": 1, "price": 0.005, "mark_price": 0.00441087, "iv": 103.6, "instrument_name": "BTC-31DEC21-140000-C", "index_price": 64350.92, "direction": "buy", "amount": 1.0}, {"trade_seq": 3449, "trade_id": "189109990", "timestamp": 1636590033786, "tick_direction": 0, "price": 0.005, "mark_price": 0.00440789, "iv": 103.51, "instrument_name": "BTC-31DEC21-140000-C", "index_price": 64383.21, "direction": "buy", "amount": 1.0}, {"trade_seq": 3448, "trade_id": "189093744", "timestamp": 1636584320898, "tick_direction": 3, "price": 0.0045, "mark_price": 0.00464585, "iv": 100.98, "instrument_name": "BTC-31DEC21-140000-C", "index_price": 64819.61, "direction": "sell", "amount": 3.1}, {"trade_seq": 3447, "trade_id": "189091163", "timestamp": 1636583640232, "tick_direction": 2, "price": 0.0045, "mark_price": 0.00463617, "iv": 101.21, "instrument_name": "BTC-31DEC21-140000-C", "index_price": 64668.53, "direction": "sell", "amount": 3.0}, {"trade_seq": 3446, "trade_id": "189089823", "timestamp": 1636582900037, "tick_direction": 2, "price": 0.005, "mark_price": 0.00438527, "iv": 103.22, "instrument_name": "BTC-31DEC21-140000-C", "index_price": 64485.59, "direction": "buy", "amount": 0.1}, {"trade_seq": 3445, "trade_id": "189012228", "timestamp": 1636575077859, "tick_direction": 0, "price": 0.0055, "mark_price": 0.00495015, "iv": 100.74, "instrument_name": "BTC-31DEC21-140000-C", "index_price": 66634.12, "direction": "buy", "amount": 0.9}, {"trade_seq": 3444, "trade_id": "189006446", "timestamp": 1636574509361, "tick_direction": 2, "price": 0.0045, "mark_price": 0.00470608, "iv": 98.06, "instrument_name": "BTC-31DEC21-140000-C", "index_price": 66261.64, "direction": "buy", "amount": 0.5}, {"trade_seq": 3443, "trade_id": "188993597", "timestamp": 1636571551035, "tick_direction": 0, "price": 0.0055, "mark_price": 0.00523651, "iv": 98.39, "instrument_name": "BTC-31DEC21-140000-C", "index_price": 67963.06, "direction": "buy", "amount": 0.2}, {"trade_seq": 3442, "trade_id": "188989526", "timestamp": 1636570496482, "tick_direction": 2, "price": 0.005, "mark_price": 0.00517111, "iv": 97.34, "instrument_name": "BTC-31DEC21-140000-C", "index_price": 67648.77, "direction": "buy", "amount": 2.6}, {"trade_seq": 3441, "trade_id": "188983068", "timestamp": 1636568685602, "tick_direction": 2, "price": 0.0055, "mark_price": 0.00525985, "iv": 98.04, "instrument_name": "BTC-31DEC21-140000-C", "index_price": 68142.68, "direction": "buy", "amount": 0.3}, {"trade_seq": 3440, "trade_id": "188965212", "timestamp": 1636560820216, "tick_direction": 1, "price": 0.006, "mark_price": 0.0054632, "iv": 98.91, "instrument_name": "BTC-31DEC21-140000-C", "index_price": 68477.87, "direction": "buy", "amount": 0.5}, {"trade_seq": 3439, "trade_id": "188965061", "timestamp": 1636560700652, "tick_direction": 0, "price": 0.006, "mark_price": 0.0054655, "iv": 98.88, "instrument_name": "BTC-31DEC21-140000-C", "index_price": 68485.56, "direction": "buy", "amount": 1.0}, {"trade_seq": 3438, "trade_id": "188951456", "timestamp": 1636555785319, "tick_direction": 0, "price": 0.0055, "mark_price": 0.00498353, "iv": 97.46, "instrument_name": "BTC-31DEC21-140000-C", "index_price": 68385.56, "direction": "buy", "amount": 10.0}, {"trade_seq": 3437, "trade_id": "188892585", "timestamp": 1636542954086, "tick_direction": 3, "price": 0.0045, "mark_price": 0.00476362, "iv": 96.56, "instrument_name": "BTC-31DEC21-140000-C", "index_price": 66866.45, "direction": "sell", "amount": 10.0}, {"trade_seq": 3436, "trade_id": "188888253", "timestamp": 1636538345822, "tick_direction": 3, "price": 0.0045, "mark_price": 0.00424931, "iv": 96.85, "instrument_name": "BTC-31DEC21-140000-C", "index_price": 66676.95, "direction": "buy", "amount": 0.1}, {"trade_seq": 3435, "trade_id": "188888252", "timestamp": 1636538345822, "tick_direction": 3, "price": 0.0045, "mark_price": 0.00424931, "iv": 96.85, "instrument_name": "BTC-31DEC21-140000-C", "index_price": 66676.95, "direction": "buy", "amount": 1.0}, {"trade_seq": 3434, "trade_id": "188819826", "timestamp": 1636474961937, "tick_direction": 2, "price": 0.0045, "mark_price": 0.00473298, "iv": 95.81, "instrument_name": "BTC-31DEC21-140000-C", "index_price": 66769.42, "direction": "buy", "amount": 0.2}, {"trade_seq": 3433, "trade_id": "188817323", "timestamp": 1636474300302, "tick_direction": 3, "price": 0.005, "mark_price": 0.00520346, "iv": 97.68, "instrument_name": "BTC-31DEC21-140000-C", "index_price": 66634.6, "direction": "sell", "amount": 0.1}, {"trade_seq": 3432, "trade_id": "188812668", "timestamp": 1636472228622, "tick_direction": 3, "price": 0.005, "mark_price": 0.00523993, "iv": 96.76, "instrument_name": "BTC-31DEC21-140000-C", "index_price": 67157.38, "direction": "sell", "amount": 0.1}, {"trade_seq": 3431, "trade_id": "188811776", "timestamp": 1636471728809, "tick_direction": 3, "price": 0.005, "mark_price": 0.00520126, "iv": 96.94, "instrument_name": "BTC-31DEC21-140000-C", "index_price": 67045.47, "direction": "sell", "amount": 0.4}, {"trade_seq": 3430, "trade_id": "188811057", "timestamp": 1636471521519, "tick_direction": 2, "price": 0.005, "mark_price": 0.00523473, "iv": 96.8, "instrument_name": "BTC-31DEC21-140000-C", "index_price": 67126.02, "direction": "sell", "amount": 0.4}, {"trade_seq": 3429, "trade_id": "188776234", "timestamp": 1636458321846, "tick_direction": 0, "price": 0.006, "mark_price": 0.005516, "iv": 98.88, "instrument_name": "BTC-31DEC21-140000-C", "index_price": 67621.44, "direction": "buy", "amount": 0.1}, {"trade_seq": 3428, "trade_id": "188732448", "timestamp": 1636431299346, "tick_direction": 3, "price": 0.0055, "mark_price": 0.00602693, "iv": 95.85, "instrument_name": "BTC-31DEC21-140000-C", "index_price": 68333.48, "direction": "sell", "amount": 8.3}, {"trade_seq": 3427, "trade_id": "188732447", "timestamp": 1636431299346, "tick_direction": 3, "price": 0.0055, "mark_price": 0.00602693, "iv": 95.85, "instrument_name": "BTC-31DEC21-140000-C", "index_price": 68333.48, "direction": "sell", "amount": 5.5}, {"trade_seq": 3426, "trade_id": "188732446", "timestamp": 1636431299346, "tick_direction": 3, "price": 0.0055, "mark_price": 0.00602693, "iv": 95.85, "instrument_name": "BTC-31DEC21-140000-C", "index_price": 68333.48, "direction": "sell", "amount": 10.5}, {"trade_seq": 3425, "trade_id": "188732445", "timestamp": 1636431299346, "tick_direction": 2, "price": 0.0055, "mark_price": 0.00602693, "iv": 95.85, "instrument_name": "BTC-31DEC21-140000-C", "index_price": 68333.48, "direction": "sell", "amount": 25.0}, {"trade_seq": 3424, "trade_id": "188731866", "timestamp": 1636430981897, "tick_direction": 3, "price": 0.006, "mark_price": 0.00643456, "iv": 97.24, "instrument_name": "BTC-31DEC21-140000-C", "index_price": 68337.74, "direction": "buy", "amount": 2.6}, {"trade_seq": 3423, "trade_id": "188731865", "timestamp": 1636430980776, "tick_direction": 2, "price": 0.006, "mark_price": 0.0064368, "iv": 97.24, "instrument_name": "BTC-31DEC21-140000-C", "index_price": 68337.86, "direction": "sell", "amount": 10.6}, {"trade_seq": 3422, "trade_id": "188730940", "timestamp": 1636430510495, "tick_direction": 1, "price": 0.0065, "mark_price": 0.00636324, "iv": 98.34, "instrument_name": "BTC-31DEC21-140000-C", "index_price": 68468.87, "direction": "sell", "amount": 1.3}, {"trade_seq": 3421, "trade_id": "188730935", "timestamp": 1636430509540, "tick_direction": 1, "price": 0.0065, "mark_price": 0.00636131, "iv": 98.34, "instrument_name": "BTC-31DEC21-140000-C", "index_price": 68469.85, "direction": "sell", "amount": 5.0}, {"trade_seq": 3420, "trade_id": "188730934", "timestamp": 1636430509538, "tick_direction": 0, "price": 0.0065, "mark_price": 0.00636131, "iv": 98.34, "instrument_name": "BTC-31DEC21-140000-C", "index_price": 68469.85, "direction": "sell", "amount": 5.0}, {"trade_seq": 3419, "trade_id": "188718947", "timestamp": 1636427156442, "tick_direction": 3, "price": 0.0055, "mark_price": 0.00601736, "iv": 96.75, "instrument_name": "BTC-31DEC21-140000-C", "index_price": 67688.15, "direction": "buy", "amount": 0.5}, {"trade_seq": 3418, "trade_id": "188718946", "timestamp": 1636427156439, "tick_direction": 3, "price": 0.0055, "mark_price": 0.00601736, "iv": 96.75, "instrument_name": "BTC-31DEC21-140000-C", "index_price": 67688.15, "direction": "buy", "amount": 6.0}, {"trade_seq": 3417, "trade_id": "188718945", "timestamp": 1636427156432, "tick_direction": 3, "price": 0.0055, "mark_price": 0.00601736, "iv": 96.75, "instrument_name": "BTC-31DEC21-140000-C", "index_price": 67688.15, "direction": "buy", "amount": 4.5}, {"trade_seq": 3416, "trade_id": "188718944", "timestamp": 1636427156432, "tick_direction": 3, "price": 0.0055, "mark_price": 0.00601736, "iv": 96.75, "instrument_name": "BTC-31DEC21-140000-C", "index_price": 67688.15, "direction": "buy", "amount": 7.7}, {"trade_seq": 3415, "trade_id": "188718943", "timestamp": 1636427156428, "tick_direction": 3, "price": 0.0055, "mark_price": 0.00601736, "iv": 96.75, "instrument_name": "BTC-31DEC21-140000-C", "index_price": 67688.15, "direction": "sell", "amount": 5.4}, {"trade_seq": 3414, "trade_id": "188718942", "timestamp": 1636427156428, "tick_direction": 3, "price": 0.0055, "mark_price": 0.00601736, "iv": 96.75, "instrument_name": "BTC-31DEC21-140000-C", "index_price": 67688.15, "direction": "sell", "amount": 14.9}, {"trade_seq": 3413, "trade_id": "188718941", "timestamp": 1636427156428, "tick_direction": 3, "price": 0.0055, "mark_price": 0.00601736, "iv": 96.75, "instrument_name": "BTC-31DEC21-140000-C", "index_price": 67688.15, "direction": "sell", "amount": 2.2}, {"trade_seq": 3412, "trade_id": "188718940", "timestamp": 1636427156428, "tick_direction": 3, "price": 0.0055, "mark_price": 0.00601736, "iv": 96.75, "instrument_name": "BTC-31DEC21-140000-C", "index_price": 67688.15, "direction": "sell", "amount": 9.0}, {"trade_seq": 3411, "trade_id": "188718939", "timestamp": 1636427156428, "tick_direction": 2, "price": 0.0055, "mark_price": 0.00601736, "iv": 96.75, "instrument_name": "BTC-31DEC21-140000-C", "index_price": 67688.15, "direction": "sell", "amount": 11.8}, {"trade_seq": 3410, "trade_id": "188718009", "timestamp": 1636426387736, "tick_direction": 3, "price": 0.006, "mark_price": 0.00633876, "iv": 98.14, "instrument_name": "BTC-31DEC21-140000-C", "index_price": 67677.74, "direction": "buy", "amount": 15.8}, {"trade_seq": 3409, "trade_id": "188718008", "timestamp": 1636426387729, "tick_direction": 3, "price": 0.006, "mark_price": 0.00633876, "iv": 98.14, "instrument_name": "BTC-31DEC21-140000-C", "index_price": 67677.74, "direction": "sell", "amount": 4.2}, {"trade_seq": 3408, "trade_id": "188717908", "timestamp": 1636426335206, "tick_direction": 3, "price": 0.006, "mark_price": 0.00629648, "iv": 98.29, "instrument_name": "BTC-31DEC21-140000-C", "index_price": 67612.68, "direction": "buy", "amount": 4.5}, {"trade_seq": 3407, "trade_id": "188717907", "timestamp": 1636426335205, "tick_direction": 3, "price": 0.006, "mark_price": 0.00629648, "iv": 98.29, "instrument_name": "BTC-31DEC21-140000-C", "index_price": 67612.68, "direction": "buy", "amount": 1.5}, {"trade_seq": 3406, "trade_id": "188717906", "timestamp": 1636426335201, "tick_direction": 3, "price": 0.006, "mark_price": 0.00629648, "iv": 98.29, "instrument_name": "BTC-31DEC21-140000-C", "index_price": 67612.68, "direction": "sell", "amount": 11.7}, {"trade_seq": 3405, "trade_id": "188717905", "timestamp": 1636426335201, "tick_direction": 2, "price": 0.006, "mark_price": 0.00629648, "iv": 98.29, "instrument_name": "BTC-31DEC21-140000-C", "index_price": 67612.68, "direction": "sell", "amount": 2.3}, {"trade_seq": 3404, "trade_id": "188695578", "timestamp": 1636415129808, "tick_direction": 1, "price": 0.0065, "mark_price": 0.00633868, "iv": 99.46, "instrument_name": "BTC-31DEC21-140000-C", "index_price": 67635.08, "direction": "sell", "amount": 0.9}, {"trade_seq": 3403, "trade_id": "188695513", "timestamp": 1636415091951, "tick_direction": 1, "price": 0.0065, "mark_price": 0.00627074, "iv": 99.46, "instrument_name": "BTC-31DEC21-140000-C", "index_price": 67632.22, "direction": "buy", "amount": 0.1}, {"trade_seq": 3402, "trade_id": "188687443", "timestamp": 1636413363100, "tick_direction": 1, "price": 0.0065, "mark_price": 0.00666214, "iv": 99.35, "instrument_name": "BTC-31DEC21-140000-C", "index_price": 67639.3, "direction": "buy", "amount": 0.9}, {"trade_seq": 3401, "trade_id": "188687442", "timestamp": 1636413363100, "tick_direction": 1, "price": 0.0065, "mark_price": 0.00666214, "iv": 99.35, "instrument_name": "BTC-31DEC21-140000-C", "index_price": 67639.3, "direction": "buy", "amount": 0.2}, {"trade_seq": 3400, "trade_id": "188681962", "timestamp": 1636413055222, "tick_direction": 0, "price": 0.0065, "mark_price": 0.00632488, "iv": 100.97, "instrument_name": "BTC-31DEC21-140000-C", "index_price": 66781.08, "direction": "buy", "amount": 0.5}, {"trade_seq": 3399, "trade_id": "188666154", "timestamp": 1636403224107, "tick_direction": 3, "price": 0.006, "mark_price": 0.00575778, "iv": 100.77, "instrument_name": "BTC-31DEC21-140000-C", "index_price": 65989.44, "direction": "sell", "amount": 1.5}, {"trade_seq": 3398, "trade_id": "188666153", "timestamp": 1636403224073, "tick_direction": 3, "price": 0.006, "mark_price": 0.00575778, "iv": 100.77, "instrument_name": "BTC-31DEC21-140000-C", "index_price": 65989.44, "direction": "buy", "amount": 0.5}, {"trade_seq": 3397, "trade_id": "188666152", "timestamp": 1636403224073, "tick_direction": 3, "price": 0.006, "mark_price": 0.00575778, "iv": 100.77, "instrument_name": "BTC-31DEC21-140000-C", "index_price": 65989.44, "direction": "buy", "amount": 0.5}, {"trade_seq": 3396, "trade_id": "188666149", "timestamp": 1636403223455, "tick_direction": 3, "price": 0.006, "mark_price": 0.00575576, "iv": 100.8, "instrument_name": "BTC-31DEC21-140000-C", "index_price": 65982.57, "direction": "buy", "amount": 5.0}, {"trade_seq": 3395, "trade_id": "188666139", "timestamp": 1636403222512, "tick_direction": 3, "price": 0.006, "mark_price": 0.00575461, "iv": 100.8, "instrument_name": "BTC-31DEC21-140000-C", "index_price": 65976.66, "direction": "buy", "amount": 1.2}, {"trade_seq": 3394, "trade_id": "188625565", "timestamp": 1636384224608, "tick_direction": 3, "price": 0.006, "mark_price": 0.00552794, "iv": 101.24, "instrument_name": "BTC-31DEC21-140000-C", "index_price": 65541.08, "direction": "buy", "amount": 1.2}, {"trade_seq": 3393, "trade_id": "188625564", "timestamp": 1636384223396, "tick_direction": 2, "price": 0.006, "mark_price": 0.00552863, "iv": 101.24, "instrument_name": "BTC-31DEC21-140000-C", "index_price": 65538.98, "direction": "buy", "amount": 2.1}, {"trade_seq": 3392, "trade_id": "188595447", "timestamp": 1636368325868, "tick_direction": 0, "price": 0.0065, "mark_price": 0.00598342, "iv": 101.63, "instrument_name": "BTC-31DEC21-140000-C", "index_price": 65958.37, "direction": "buy", "amount": 0.3}, {"trade_seq": 3391, "trade_id": "188532382", "timestamp": 1636337302179, "tick_direction": 0, "price": 0.006, "mark_price": 0.0054826, "iv": 101.27, "instrument_name": "BTC-31DEC21-140000-C", "index_price": 65250.33, "direction": "buy", "amount": 0.1}, {"trade_seq": 3390, "trade_id": "188522687", "timestamp": 1636334794890, "tick_direction": 2, "price": 0.005, "mark_price": 0.00513231, "iv": 98.46, "instrument_name": "BTC-31DEC21-140000-C", "index_price": 65065.34, "direction": "sell", "amount": 1.8}, {"trade_seq": 3389, "trade_id": "188521062", "timestamp": 1636334477324, "tick_direction": 1, "price": 0.006, "mark_price": 0.0055207, "iv": 101.23, "instrument_name": "BTC-31DEC21-140000-C", "index_price": 65252.89, "direction": "buy", "amount": 0.5}, {"trade_seq": 3388, "trade_id": "188520159", "timestamp": 1636334212246, "tick_direction": 1, "price": 0.006, "mark_price": 0.00551139, "iv": 101.3, "instrument_name": "BTC-31DEC21-140000-C", "index_price": 65253.51, "direction": "buy", "amount": 0.4}, {"trade_seq": 3387, "trade_id": "188514968", "timestamp": 1636333447380, "tick_direction": 0, "price": 0.006, "mark_price": 0.00572998, "iv": 100.76, "instrument_name": "BTC-31DEC21-140000-C", "index_price": 65515.81, "direction": "buy", "amount": 0.1}, {"trade_seq": 3386, "trade_id": "188458768", "timestamp": 1636314587596, "tick_direction": 1, "price": 0.005, "mark_price": 0.00445279, "iv": 103.44, "instrument_name": "BTC-31DEC21-140000-C", "index_price": 62216.25, "direction": "buy", "amount": 0.5}, {"trade_seq": 3385, "trade_id": "188449039", "timestamp": 1636305769227, "tick_direction": 1, "price": 0.005, "mark_price": 0.00449834, "iv": 103.36, "instrument_name": "BTC-31DEC21-140000-C", "index_price": 62165.33, "direction": "buy", "amount": 0.1}, {"trade_seq": 3384, "trade_id": "188446877", "timestamp": 1636302660661, "tick_direction": 1, "price": 0.005, "mark_price": 0.00470145, "iv": 103.39, "instrument_name": "BTC-31DEC21-140000-C", "index_price": 62127.01, "direction": "sell", "amount": 1.0}, {"trade_seq": 3383, "trade_id": "188439953", "timestamp": 1636295060592, "tick_direction": 1, "price": 0.005, "mark_price": 0.0045209, "iv": 103.5, "instrument_name": "BTC-31DEC21-140000-C", "index_price": 61970.21, "direction": "buy", "amount": 0.2}, {"trade_seq": 3382, "trade_id": "188439938", "timestamp": 1636295046614, "tick_direction": 0, "price": 0.005, "mark_price": 0.00452678, "iv": 103.49, "instrument_name": "BTC-31DEC21-140000-C", "index_price": 61979.16, "direction": "buy", "amount": 3.3}, {"trade_seq": 3381, "trade_id": "188439303", "timestamp": 1636294180706, "tick_direction": 2, "price": 0.0045, "mark_price": 0.0044935, "iv": 101.87, "instrument_name": "BTC-31DEC21-140000-C", "index_price": 61938.31, "direction": "sell", "amount": 3.0}, {"trade_seq": 3380, "trade_id": "188432771", "timestamp": 1636287977095, "tick_direction": 0, "price": 0.005, "mark_price": 0.0044837, "iv": 103.43, "instrument_name": "BTC-31DEC21-140000-C", "index_price": 62015.75, "direction": "buy", "amount": 0.1}, {"trade_seq": 3379, "trade_id": "188426077", "timestamp": 1636281892862, "tick_direction": 1, "price": 0.004, "mark_price": 0.00443236, "iv": 99.99, "instrument_name": "BTC-31DEC21-140000-C", "index_price": 61936.78, "direction": "sell", "amount": 0.1}, {"trade_seq": 3378, "trade_id": "188425870", "timestamp": 1636281686672, "tick_direction": 1, "price": 0.004, "mark_price": 0.00443547, "iv": 99.85, "instrument_name": "BTC-31DEC21-140000-C", "index_price": 61996.37, "direction": "sell", "amount": 0.4}, {"trade_seq": 3377, "trade_id": "188425400", "timestamp": 1636281436088, "tick_direction": 1, "price": 0.004, "mark_price": 0.00446145, "iv": 99.59, "instrument_name": "BTC-31DEC21-140000-C", "index_price": 62132.06, "direction": "sell", "amount": 2.0}, {"trade_seq": 3376, "trade_id": "188355284", "timestamp": 1636214235254, "tick_direction": 1, "price": 0.004, "mark_price": 0.00424232, "iv": 101.57, "instrument_name": "BTC-31DEC21-140000-C", "index_price": 60750.67, "direction": "sell", "amount": 3.0}, {"trade_seq": 3375, "trade_id": "188346636", "timestamp": 1636206318192, "tick_direction": 0, "price": 0.004, "mark_price": 0.00375944, "iv": 101.82, "instrument_name": "BTC-31DEC21-140000-C", "index_price": 60585.95, "direction": "buy", "amount": 1.0}, {"trade_seq": 3374, "trade_id": "188344052", "timestamp": 1636204361708, "tick_direction": 2, "price": 0.0035, "mark_price": 0.00373805, "iv": 100.2, "instrument_name": "BTC-31DEC21-140000-C", "index_price": 60370.32, "direction": "sell", "amount": 0.2}, {"trade_seq": 3373, "trade_id": "188250322", "timestamp": 1636128938417, "tick_direction": 3, "price": 0.004, "mark_price": 0.00424121, "iv": 100.24, "instrument_name": "BTC-31DEC21-140000-C", "index_price": 60880.97, "direction": "sell", "amount": 0.5}, {"trade_seq": 3372, "trade_id": "188250321", "timestamp": 1636128938417, "tick_direction": 3, "price": 0.004, "mark_price": 0.00424121, "iv": 100.24, "instrument_name": "BTC-31DEC21-140000-C", "index_price": 60880.97, "direction": "sell", "amount": 7.5}, {"trade_seq": 3371, "trade_id": "188243677", "timestamp": 1636126894205, "tick_direction": 3, "price": 0.004, "mark_price": 0.00422364, "iv": 99.97, "instrument_name": "BTC-31DEC21-140000-C", "index_price": 60994.16, "direction": "sell", "amount": 5.5}, {"trade_seq": 3370, "trade_id": "188243676", "timestamp": 1636126894205, "tick_direction": 2, "price": 0.004, "mark_price": 0.00422364, "iv": 99.97, "instrument_name": "BTC-31DEC21-140000-C", "index_price": 60994.16, "direction": "sell", "amount": 0.5}, {"trade_seq": 3369, "trade_id": "188199554", "timestamp": 1636102126787, "tick_direction": 1, "price": 0.005, "mark_price": 0.0044981, "iv": 101.1, "instrument_name": "BTC-31DEC21-140000-C", "index_price": 62115.87, "direction": "buy", "block_trade_id": "24637", "amount": 45.0}, {"trade_seq": 3368, "trade_id": "188199500", "timestamp": 1636102084761, "tick_direction": 0, "price": 0.005, "mark_price": 0.00447624, "iv": 101.18, "instrument_name": "BTC-31DEC21-140000-C", "index_price": 62082.78, "direction": "buy", "block_trade_id": "24636", "amount": 40.0}, {"trade_seq": 3367, "trade_id": "188196776", "timestamp": 1636100088665, "tick_direction": 2, "price": 0.0045, "mark_price": 0.00475007, "iv": 99.53, "instrument_name": "BTC-31DEC21-140000-C", "index_price": 62058.7, "direction": "sell", "amount": 1.0}, {"trade_seq": 3366, "trade_id": "188186260", "timestamp": 1636097555660, "tick_direction": 1, "price": 0.005, "mark_price": 0.0050816, "iv": 100.8, "instrument_name": "BTC-31DEC21-140000-C", "index_price": 62332.41, "direction": "sell", "amount": 0.4}, {"trade_seq": 3365, "trade_id": "188186258", "timestamp": 1636097552544, "tick_direction": 1, "price": 0.005, "mark_price": 0.00508129, "iv": 100.79, "instrument_name": "BTC-31DEC21-140000-C", "index_price": 62333.47, "direction": "buy", "amount": 2.6}, {"trade_seq": 3364, "trade_id": "188186221", "timestamp": 1636097535296, "tick_direction": 1, "price": 0.005, "mark_price": 0.00511141, "iv": 100.77, "instrument_name": "BTC-31DEC21-140000-C", "index_price": 62340.93, "direction": "sell", "amount": 0.3}, {"trade_seq": 3363, "trade_id": "188186216", "timestamp": 1636097531077, "tick_direction": 1, "price": 0.005, "mark_price": 0.00511077, "iv": 100.77, "instrument_name": "BTC-31DEC21-140000-C", "index_price": 62342.26, "direction": "sell", "amount": 1.6}, {"trade_seq": 3362, "trade_id": "188186212", "timestamp": 1636097529804, "tick_direction": 1, "price": 0.005, "mark_price": 0.0051091, "iv": 100.77, "instrument_name": "BTC-31DEC21-140000-C", "index_price": 62341.93, "direction": "sell", "amount": 3.1}, {"trade_seq": 3361, "trade_id": "188186007", "timestamp": 1636097418310, "tick_direction": 1, "price": 0.005, "mark_price": 0.00519007, "iv": 100.75, "instrument_name": "BTC-31DEC21-140000-C", "index_price": 62351.14, "direction": "sell", "amount": 5.0}, {"trade_seq": 3360, "trade_id": "188185624", "timestamp": 1636097242729, "tick_direction": 1, "price": 0.005, "mark_price": 0.00532606, "iv": 100.49, "instrument_name": "BTC-31DEC21-140000-C", "index_price": 62483.16, "direction": "sell", "amount": 0.8}, {"trade_seq": 3359, "trade_id": "188183230", "timestamp": 1636095423393, "tick_direction": 1, "price": 0.005, "mark_price": 0.00522113, "iv": 100.92, "instrument_name": "BTC-31DEC21-140000-C", "index_price": 62232.74, "direction": "sell", "amount": 0.2}, {"trade_seq": 3358, "trade_id": "188153522", "timestamp": 1636069971495, "tick_direction": 1, "price": 0.005, "mark_price": 0.00449435, "iv": 102.03, "instrument_name": "BTC-31DEC21-140000-C", "index_price": 61383.24, "direction": "buy", "amount": 3.0}, {"trade_seq": 3357, "trade_id": "188149732", "timestamp": 1636064373746, "tick_direction": 0, "price": 0.005, "mark_price": 0.00450734, "iv": 102.22, "instrument_name": "BTC-31DEC21-140000-C", "index_price": 61281.01, "direction": "buy", "amount": 2.1}, {"trade_seq": 3356, "trade_id": "188121613", "timestamp": 1636044435086, "tick_direction": 3, "price": 0.0045, "mark_price": 0.00480065, "iv": 100.36, "instrument_name": "BTC-31DEC21-140000-C", "index_price": 61223.39, "direction": "sell", "amount": 2.2}, {"trade_seq": 3355, "trade_id": "188121612", "timestamp": 1636044435086, "tick_direction": 3, "price": 0.0045, "mark_price": 0.00480065, "iv": 100.36, "instrument_name": "BTC-31DEC21-140000-C", "index_price": 61223.39, "direction": "sell", "amount": 2.0}, {"trade_seq": 3354, "trade_id": "188121611", "timestamp": 1636044435086, "tick_direction": 2, "price": 0.0045, "mark_price": 0.00480065, "iv": 100.36, "instrument_name": "BTC-31DEC21-140000-C", "index_price": 61223.39, "direction": "sell", "amount": 1.0}, {"trade_seq": 3353, "trade_id": "188066975", "timestamp": 1636021924865, "tick_direction": 2, "price": 0.005, "mark_price": 0.00522691, "iv": 100.82, "instrument_name": "BTC-31DEC21-140000-C", "index_price": 61753.36, "direction": "sell", "amount": 0.1}, {"trade_seq": 3352, "trade_id": "188024731", "timestamp": 1635999103744, "tick_direction": 1, "price": 0.006, "mark_price": 0.00575923, "iv": 101.9, "instrument_name": "BTC-31DEC21-140000-C", "index_price": 62674.16, "direction": "buy", "amount": 1.2}, {"trade_seq": 3351, "trade_id": "188024704", "timestamp": 1635999053218, "tick_direction": 1, "price": 0.006, "mark_price": 0.00577701, "iv": 101.86, "instrument_name": "BTC-31DEC21-140000-C", "index_price": 62678.08, "direction": "buy", "amount": 1.2}, {"trade_seq": 3350, "trade_id": "188024448", "timestamp": 1635998978420, "tick_direction": 0, "price": 0.006, "mark_price": 0.00575468, "iv": 101.96, "instrument_name": "BTC-31DEC21-140000-C", "index_price": 62629.48, "direction": "buy", "amount": 1.3}, {"trade_seq": 3349, "trade_id": "187953197", "timestamp": 1635962436237, "tick_direction": 3, "price": 0.0045, "mark_price": 0.00404793, "iv": 100.91, "instrument_name": "BTC-31DEC21-140000-C", "index_price": 60574.58, "direction": "sell", "amount": 0.2}, {"trade_seq": 3348, "trade_id": "187953170", "timestamp": 1635962436118, "tick_direction": 3, "price": 0.0045, "mark_price": 0.00404793, "iv": 100.91, "instrument_name": "BTC-31DEC21-140000-C", "index_price": 60574.58, "direction": "sell", "amount": 0.4}, {"trade_seq": 3347, "trade_id": "187953141", "timestamp": 1635962436019, "tick_direction": 3, "price": 0.0045, "mark_price": 0.00404793, "iv": 100.91, "instrument_name": "BTC-31DEC21-140000-C", "index_price": 60574.58, "direction": "sell", "amount": 0.2}, {"trade_seq": 3346, "trade_id": "187953123", "timestamp": 1635962435940, "tick_direction": 3, "price": 0.0045, "mark_price": 0.00404793, "iv": 100.91, "instrument_name": "BTC-31DEC21-140000-C", "index_price": 60574.58, "direction": "sell", "amount": 0.1}, {"trade_seq": 3345, "trade_id": "187953061", "timestamp": 1635962435625, "tick_direction": 2, "price": 0.0045, "mark_price": 0.0040445, "iv": 100.91, "instrument_name": "BTC-31DEC21-140000-C", "index_price": 60574.58, "direction": "sell", "amount": 0.1}, {"trade_seq": 3344, "trade_id": "187941218", "timestamp": 1635958721347, "tick_direction": 2, "price": 0.005, "mark_price": 0.0052466, "iv": 99.63, "instrument_name": "BTC-31DEC21-140000-C", "index_price": 62130.2, "direction": "sell", "amount": 0.5}, {"trade_seq": 3343, "trade_id": "187935312", "timestamp": 1635954211920, "tick_direction": 1, "price": 0.0055, "mark_price": 0.00469774, "iv": 101.43, "instrument_name": "BTC-31DEC21-140000-C", "index_price": 61968.09, "direction": "buy", "amount": 0.4}, {"trade_seq": 3342, "trade_id": "187935277", "timestamp": 1635954152744, "tick_direction": 1, "price": 0.0055, "mark_price": 0.00468797, "iv": 101.45, "instrument_name": "BTC-31DEC21-140000-C", "index_price": 61967.25, "direction": "buy", "amount": 5.0}, {"trade_seq": 3341, "trade_id": "187934564", "timestamp": 1635953265799, "tick_direction": 0, "price": 0.0055, "mark_price": 0.00474029, "iv": 101.21, "instrument_name": "BTC-31DEC21-140000-C", "index_price": 62096.01, "direction": "buy", "amount": 3.5}, {"trade_seq": 3340, "trade_id": "187912364", "timestamp": 1635946302389, "tick_direction": 2, "price": 0.005, "mark_price": 0.00534924, "iv": 98.89, "instrument_name": "BTC-31DEC21-140000-C", "index_price": 62406.42, "direction": "sell", "amount": 0.5}, {"trade_seq": 3339, "trade_id": "187890746", "timestamp": 1635928460393, "tick_direction": 3, "price": 0.0055, "mark_price": 0.00545859, "iv": 99.3, "instrument_name": "BTC-31DEC21-140000-C", "index_price": 62975.39, "direction": "sell", "amount": 0.3}, {"trade_seq": 3338, "trade_id": "187890745", "timestamp": 1635928453158, "tick_direction": 2, "price": 0.0055, "mark_price": 0.00545461, "iv": 99.29, "instrument_name": "BTC-31DEC21-140000-C", "index_price": 62977.77, "direction": "sell", "amount": 1.7}, {"trade_seq": 3337, "trade_id": "187888745", "timestamp": 1635927381654, "tick_direction": 1, "price": 0.006, "mark_price": 0.00547004, "iv": 100.28, "instrument_name": "BTC-31DEC21-140000-C", "index_price": 63232.24, "direction": "buy", "amount": 0.1}, {"trade_seq": 3336, "trade_id": "187885185", "timestamp": 1635925539164, "tick_direction": 1, "price": 0.006, "mark_price": 0.00546772, "iv": 100.67, "instrument_name": "BTC-31DEC21-140000-C", "index_price": 62991.36, "direction": "buy", "amount": 1.0}, {"trade_seq": 3335, "trade_id": "187885184", "timestamp": 1635925539164, "tick_direction": 0, "price": 0.006, "mark_price": 0.00546772, "iv": 100.67, "instrument_name": "BTC-31DEC21-140000-C", "index_price": 62991.36, "direction": "buy", "amount": 1.0}, {"trade_seq": 3334, "trade_id": "187880468", "timestamp": 1635917239522, "tick_direction": 3, "price": 0.005, "mark_price": 0.00550175, "iv": 97.52, "instrument_name": "BTC-31DEC21-140000-C", "index_price": 63047.46, "direction": "sell", "amount": 0.5}, {"trade_seq": 3333, "trade_id": "187880467", "timestamp": 1635917239522, "tick_direction": 2, "price": 0.005, "mark_price": 0.00550175, "iv": 97.52, "instrument_name": "BTC-31DEC21-140000-C", "index_price": 63047.46, "direction": "sell", "amount": 0.1}, {"trade_seq": 3332, "trade_id": "187871455", "timestamp": 1635907192064, "tick_direction": 0, "price": 0.007, "mark_price": 0.00651928, "iv": 102.91, "instrument_name": "BTC-31DEC21-140000-C", "index_price": 63057.0, "direction": "buy", "amount": 0.5}, {"trade_seq": 3331, "trade_id": "187869761", "timestamp": 1635905192741, "tick_direction": 2, "price": 0.0065, "mark_price": 0.0065867, "iv": 101.96, "instrument_name": "BTC-31DEC21-140000-C", "index_price": 62833.07, "direction": "sell", "amount": 1.0}, {"trade_seq": 3330, "trade_id": "187807489", "timestamp": 1635864001788, "tick_direction": 0, "price": 0.0075, "mark_price": 0.00709187, "iv": 102.95, "instrument_name": "BTC-31DEC21-140000-C", "index_price": 63447.51, "direction": "sell", "amount": 0.2}, {"trade_seq": 3329, "trade_id": "187674764", "timestamp": 1635793722413, "tick_direction": 3, "price": 0.0065, "mark_price": 0.00705039, "iv": 104.0, "instrument_name": "BTC-31DEC21-140000-C", "index_price": 61144.72, "direction": "sell", "amount": 0.1}, {"trade_seq": 3328, "trade_id": "187654687", "timestamp": 1635784825486, "tick_direction": 3, "price": 0.0065, "mark_price": 0.00695767, "iv": 103.79, "instrument_name": "BTC-31DEC21-140000-C", "index_price": 61148.61, "direction": "sell", "amount": 1.0}, {"trade_seq": 3327, "trade_id": "187654686", "timestamp": 1635784825486, "tick_direction": 2, "price": 0.0065, "mark_price": 0.00695767, "iv": 103.79, "instrument_name": "BTC-31DEC21-140000-C", "index_price": 61148.61, "direction": "sell", "amount": 2.4}, {"trade_seq": 3326, "trade_id": "187642593", "timestamp": 1635776046122, "tick_direction": 0, "price": 0.0075, "mark_price": 0.00771515, "iv": 105.09, "instrument_name": "BTC-31DEC21-140000-C", "index_price": 61801.0, "direction": "sell", "amount": 1.0}, {"trade_seq": 3325, "trade_id": "187637640", "timestamp": 1635772853111, "tick_direction": 2, "price": 0.007, "mark_price": 0.00750155, "iv": 103.67, "instrument_name": "BTC-31DEC21-140000-C", "index_price": 61847.13, "direction": "sell", "amount": 1.0}, {"trade_seq": 3324, "trade_id": "187637639", "timestamp": 1635772832894, "tick_direction": 2, "price": 0.008, "mark_price": 0.00750512, "iv": 106.09, "instrument_name": "BTC-31DEC21-140000-C", "index_price": 61847.29, "direction": "buy", "amount": 1.0}, {"trade_seq": 3323, "trade_id": "187610359", "timestamp": 1635755429262, "tick_direction": 1, "price": 0.0085, "mark_price": 0.00769374, "iv": 106.65, "instrument_name": "BTC-31DEC21-140000-C", "index_price": 62136.53, "direction": "buy", "amount": 9.9}, {"trade_seq": 3322, "trade_id": "187610358", "timestamp": 1635755429262, "tick_direction": 1, "price": 0.0085, "mark_price": 0.00769374, "iv": 106.65, "instrument_name": "BTC-31DEC21-140000-C", "index_price": 62136.53, "direction": "buy", "amount": 2.1}, {"trade_seq": 3321, "trade_id": "187610179", "timestamp": 1635755350171, "tick_direction": 1, "price": 0.0085, "mark_price": 0.00771178, "iv": 106.59, "instrument_name": "BTC-31DEC21-140000-C", "index_price": 62155.33, "direction": "buy", "amount": 9.3}, {"trade_seq": 3320, "trade_id": "187610178", "timestamp": 1635755350171, "tick_direction": 0, "price": 0.0085, "mark_price": 0.00771178, "iv": 106.59, "instrument_name": "BTC-31DEC21-140000-C", "index_price": 62155.33, "direction": "buy", "amount": 0.7}, {"trade_seq": 3319, "trade_id": "187603284", "timestamp": 1635753112564, "tick_direction": 1, "price": 0.008, "mark_price": 0.00766201, "iv": 105.41, "instrument_name": "BTC-31DEC21-140000-C", "index_price": 62186.26, "direction": "sell", "amount": 2.9}, {"trade_seq": 3318, "trade_id": "187603283", "timestamp": 1635753112544, "tick_direction": 0, "price": 0.008, "mark_price": 0.00766201, "iv": 105.41, "instrument_name": "BTC-31DEC21-140000-C", "index_price": 62186.26, "direction": "buy", "amount": 0.1}, {"trade_seq": 3317, "trade_id": "187535733", "timestamp": 1635733123211, "tick_direction": 3, "price": 0.0075, "mark_price": 0.00763205, "iv": 105.87, "instrument_name": "BTC-31DEC21-140000-C", "index_price": 61114.21, "direction": "sell", "amount": 0.1}, {"trade_seq": 3316, "trade_id": "187535732", "timestamp": 1635733123211, "tick_direction": 3, "price": 0.0075, "mark_price": 0.00763205, "iv": 105.87, "instrument_name": "BTC-31DEC21-140000-C", "index_price": 61114.21, "direction": "sell", "amount": 0.1}, {"trade_seq": 3315, "trade_id": "187535731", "timestamp": 1635733123211, "tick_direction": 2, "price": 0.0075, "mark_price": 0.00763205, "iv": 105.87, "instrument_name": "BTC-31DEC21-140000-C", "index_price": 61114.21, "direction": "sell", "amount": 0.5}, {"trade_seq": 3314, "trade_id": "187516847", "timestamp": 1635712031583, "tick_direction": 1, "price": 0.008, "mark_price": 0.00757461, "iv": 107.22, "instrument_name": "BTC-31DEC21-140000-C", "index_price": 61014.78, "direction": "buy", "amount": 4.7}, {"trade_seq": 3313, "trade_id": "187516846", "timestamp": 1635712031583, "tick_direction": 0, "price": 0.008, "mark_price": 0.00757461, "iv": 107.22, "instrument_name": "BTC-31DEC21-140000-C", "index_price": 61014.78, "direction": "buy", "amount": 0.3}, {"trade_seq": 3312, "trade_id": "187501408", "timestamp": 1635691013945, "tick_direction": 3, "price": 0.007, "mark_price": 0.00715396, "iv": 105.07, "instrument_name": "BTC-31DEC21-140000-C", "index_price": 60654.24, "direction": "buy", "amount": 6.0}, {"trade_seq": 3311, "trade_id": "187499839", "timestamp": 1635690707913, "tick_direction": 2, "price": 0.007, "mark_price": 0.00720387, "iv": 105.16, "instrument_name": "BTC-31DEC21-140000-C", "index_price": 60587.27, "direction": "buy", "amount": 6.0}, {"trade_seq": 3310, "trade_id": "187495102", "timestamp": 1635686995718, "tick_direction": 3, "price": 0.0075, "mark_price": 0.00694704, "iv": 106.73, "instrument_name": "BTC-31DEC21-140000-C", "index_price": 60363.38, "direction": "buy", "amount": 0.1}, {"trade_seq": 3309, "trade_id": "187479007", "timestamp": 1635676836284, "tick_direction": 3, "price": 0.0075, "mark_price": 0.00728084, "iv": 105.86, "instrument_name": "BTC-31DEC21-140000-C", "index_price": 60819.84, "direction": "buy", "amount": 2.0}, {"trade_seq": 3308, "trade_id": "187434361", "timestamp": 1635637543365, "tick_direction": 2, "price": 0.0075, "mark_price": 0.0079777, "iv": 103.68, "instrument_name": "BTC-31DEC21-140000-C", "index_price": 61768.02, "direction": "sell", "amount": 1.0}, {"trade_seq": 3307, "trade_id": "187427077", "timestamp": 1635626697381, "tick_direction": 0, "price": 0.0085, "mark_price": 0.00798305, "iv": 105.77, "instrument_name": "BTC-31DEC21-140000-C", "index_price": 61803.76, "direction": "buy", "amount": 0.3}, {"trade_seq": 3306, "trade_id": "187419137", "timestamp": 1635616017028, "tick_direction": 3, "price": 0.007, "mark_price": 0.00682413, "iv": 102.92, "instrument_name": "BTC-31DEC21-140000-C", "index_price": 61348.05, "direction": "buy", "amount": 3.0}, {"trade_seq": 3305, "trade_id": "187415553", "timestamp": 1635612485330, "tick_direction": 2, "price": 0.007, "mark_price": 0.00764963, "iv": 103.25, "instrument_name": "BTC-31DEC21-140000-C", "index_price": 61170.7, "direction": "sell", "amount": 1.0}, {"trade_seq": 3304, "trade_id": "187398067", "timestamp": 1635603536146, "tick_direction": 3, "price": 0.0075, "mark_price": 0.00801965, "iv": 104.08, "instrument_name": "BTC-31DEC21-140000-C", "index_price": 61351.06, "direction": "sell", "amount": 1.0}, {"trade_seq": 3303, "trade_id": "187398000", "timestamp": 1635603449104, "tick_direction": 2, "price": 0.0075, "mark_price": 0.00813442, "iv": 103.89, "instrument_name": "BTC-31DEC21-140000-C", "index_price": 61438.52, "direction": "sell", "amount": 1.0}, {"trade_seq": 3302, "trade_id": "187397514", "timestamp": 1635603160956, "tick_direction": 3, "price": 0.008, "mark_price": 0.00848297, "iv": 105.0, "instrument_name": "BTC-31DEC21-140000-C", "index_price": 61489.99, "direction": "sell", "amount": 30.0}, {"trade_seq": 3301, "trade_id": "187397513", "timestamp": 1635603160956, "tick_direction": 3, "price": 0.008, "mark_price": 0.00848297, "iv": 105.0, "instrument_name": "BTC-31DEC21-140000-C", "index_price": 61489.99, "direction": "sell", "amount": 12.0}, {"trade_seq": 3300, "trade_id": "187397512", "timestamp": 1635603160956, "tick_direction": 3, "price": 0.008, "mark_price": 0.00848297, "iv": 105.0, "instrument_name": "BTC-31DEC21-140000-C", "index_price": 61489.99, "direction": "sell", "amount": 3.0}, {"trade_seq": 3299, "trade_id": "187397511", "timestamp": 1635603160956, "tick_direction": 2, "price": 0.008, "mark_price": 0.00848297, "iv": 105.0, "instrument_name": "BTC-31DEC21-140000-C", "index_price": 61489.99, "direction": "sell", "amount": 1.0}, {"trade_seq": 3298, "trade_id": "187387984", "timestamp": 1635599068095, "tick_direction": 3, "price": 0.0085, "mark_price": 0.00893122, "iv": 105.99, "instrument_name": "BTC-31DEC21-140000-C", "index_price": 61523.81, "direction": "sell", "amount": 5.3}, {"trade_seq": 3297, "trade_id": "187387983", "timestamp": 1635599068095, "tick_direction": 2, "price": 0.0085, "mark_price": 0.00893122, "iv": 105.99, "instrument_name": "BTC-31DEC21-140000-C", "index_price": 61523.81, "direction": "sell", "amount": 12.0}, {"trade_seq": 3296, "trade_id": "187384336", "timestamp": 1635594473970, "tick_direction": 1, "price": 0.0095, "mark_price": 0.00895965, "iv": 107.93, "instrument_name": "BTC-31DEC21-140000-C", "index_price": 61638.99, "direction": "buy", "amount": 0.2}, {"trade_seq": 3295, "trade_id": "187352903", "timestamp": 1635560459808, "tick_direction": 1, "price": 0.0095, "mark_price": 0.00901922, "iv": 106.73, "instrument_name": "BTC-31DEC21-140000-C", "index_price": 62005.49, "direction": "buy", "amount": 0.2}, {"trade_seq": 3294, "trade_id": "187331839", "timestamp": 1635537556593, "tick_direction": 0, "price": 0.0095, "mark_price": 0.00943553, "iv": 105.69, "instrument_name": "BTC-31DEC21-140000-C", "index_price": 62565.88, "direction": "sell", "amount": 11.4}, {"trade_seq": 3293, "trade_id": "187234443", "timestamp": 1635503395553, "tick_direction": 0, "price": 0.009, "mark_price": 0.00922945, "iv": 107.26, "instrument_name": "BTC-31DEC21-140000-C", "index_price": 60714.36, "direction": "sell", "amount": 0.1}, {"trade_seq": 3292, "trade_id": "187026633", "timestamp": 1635446342724, "tick_direction": 2, "price": 0.0085, "mark_price": 0.00749389, "iv": 110.01, "instrument_name": "BTC-31DEC21-140000-C", "index_price": 58562.89, "direction": "sell", "amount": 0.9}, {"trade_seq": 3291, "trade_id": "187007328", "timestamp": 1635437348877, "tick_direction": 0, "price": 0.01, "mark_price": 0.00951399, "iv": 108.05, "instrument_name": "BTC-31DEC21-140000-C", "index_price": 61271.78, "direction": "buy", "amount": 5.0}, {"trade_seq": 3290, "trade_id": "186979349", "timestamp": 1635422620515, "tick_direction": 1, "price": 0.0095, "mark_price": 0.00978871, "iv": 107.33, "instrument_name": "BTC-31DEC21-140000-C", "index_price": 61029.05, "direction": "sell", "amount": 0.7}, {"trade_seq": 3289, "trade_id": "186973187", "timestamp": 1635419494577, "tick_direction": 1, "price": 0.0095, "mark_price": 0.00970514, "iv": 107.53, "instrument_name": "BTC-31DEC21-140000-C", "index_price": 60974.54, "direction": "sell", "amount": 0.3}, {"trade_seq": 3288, "trade_id": "186973186", "timestamp": 1635419494577, "tick_direction": 1, "price": 0.0095, "mark_price": 0.00970514, "iv": 107.53, "instrument_name": "BTC-31DEC21-140000-C", "index_price": 60974.54, "direction": "sell", "amount": 0.9}, {"trade_seq": 3287, "trade_id": "186969860", "timestamp": 1635417410411, "tick_direction": 1, "price": 0.0095, "mark_price": 0.00921872, "iv": 107.25, "instrument_name": "BTC-31DEC21-140000-C", "index_price": 61119.68, "direction": "buy", "amount": 0.3}, {"trade_seq": 3286, "trade_id": "186969859", "timestamp": 1635417410411, "tick_direction": 0, "price": 0.0095, "mark_price": 0.00921872, "iv": 107.25, "instrument_name": "BTC-31DEC21-140000-C", "index_price": 61119.68, "direction": "buy", "amount": 0.3}, {"trade_seq": 3285, "trade_id": "186863662", "timestamp": 1635372262548, "tick_direction": 3, "price": 0.008, "mark_price": 0.00833486, "iv": 107.79, "instrument_name": "BTC-31DEC21-140000-C", "index_price": 58767.12, "direction": "sell", "amount": 1.2}, {"trade_seq": 3284, "trade_id": "186863634", "timestamp": 1635372222647, "tick_direction": 3, "price": 0.008, "mark_price": 0.00832648, "iv": 107.78, "instrument_name": "BTC-31DEC21-140000-C", "index_price": 58766.81, "direction": "sell", "amount": 5.0}, {"trade_seq": 3283, "trade_id": "186863633", "timestamp": 1635372222647, "tick_direction": 3, "price": 0.008, "mark_price": 0.00832648, "iv": 107.78, "instrument_name": "BTC-31DEC21-140000-C", "index_price": 58766.81, "direction": "sell", "amount": 1.0}, {"trade_seq": 3282, "trade_id": "186863632", "timestamp": 1635372222647, "tick_direction": 2, "price": 0.008, "mark_price": 0.00832648, "iv": 107.78, "instrument_name": "BTC-31DEC21-140000-C", "index_price": 58766.81, "direction": "sell", "amount": 1.0}, {"trade_seq": 3281, "trade_id": "186862064", "timestamp": 1635371176668, "tick_direction": 3, "price": 0.0085, "mark_price": 0.0087265, "iv": 108.5, "instrument_name": "BTC-31DEC21-140000-C", "index_price": 59012.36, "direction": "buy", "amount": 1.0}, {"trade_seq": 3280, "trade_id": "186855643", "timestamp": 1635366876488, "tick_direction": 3, "price": 0.0085, "mark_price": 0.00901912, "iv": 108.83, "instrument_name": "BTC-31DEC21-140000-C", "index_price": 58733.63, "direction": "sell", "amount": 1.3}, {"trade_seq": 3279, "trade_id": "186855619", "timestamp": 1635366872524, "tick_direction": 3, "price": 0.0085, "mark_price": 0.00903898, "iv": 108.8, "instrument_name": "BTC-31DEC21-140000-C", "index_price": 58745.67, "direction": "sell", "amount": 1.4}, {"trade_seq": 3278, "trade_id": "186855579", "timestamp": 1635366870247, "tick_direction": 3, "price": 0.0085, "mark_price": 0.00904381, "iv": 108.79, "instrument_name": "BTC-31DEC21-140000-C", "index_price": 58756.94, "direction": "sell", "amount": 1.2}, {"trade_seq": 3277, "trade_id": "186855504", "timestamp": 1635366820026, "tick_direction": 3, "price": 0.0085, "mark_price": 0.009089, "iv": 108.83, "instrument_name": "BTC-31DEC21-140000-C", "index_price": 58745.92, "direction": "sell", "amount": 1.2}, {"trade_seq": 3276, "trade_id": "186855501", "timestamp": 1635366813985, "tick_direction": 2, "price": 0.0085, "mark_price": 0.00909597, "iv": 108.84, "instrument_name": "BTC-31DEC21-140000-C", "index_price": 58743.64, "direction": "sell", "amount": 1.2}, {"trade_seq": 3275, "trade_id": "186810775", "timestamp": 1635347942643, "tick_direction": 3, "price": 0.009, "mark_price": 0.0092703, "iv": 108.69, "instrument_name": "BTC-31DEC21-140000-C", "index_price": 59247.02, "direction": "sell", "amount": 0.2}, {"trade_seq": 3274, "trade_id": "186802625", "timestamp": 1635344612603, "tick_direction": 2, "price": 0.009, "mark_price": 0.00935682, "iv": 109.33, "instrument_name": "BTC-31DEC21-140000-C", "index_price": 58889.97, "direction": "sell", "amount": 0.2}, {"trade_seq": 3273, "trade_id": "186793285", "timestamp": 1635340503147, "tick_direction": 1, "price": 0.0095, "mark_price": 0.00956236, "iv": 109.75, "instrument_name": "BTC-31DEC21-140000-C", "index_price": 59252.71, "direction": "buy", "amount": 1.2}, {"trade_seq": 3272, "trade_id": "186791796", "timestamp": 1635339974589, "tick_direction": 1, "price": 0.0095, "mark_price": 0.00951486, "iv": 110.01, "instrument_name": "BTC-31DEC21-140000-C", "index_price": 59106.61, "direction": "buy", "amount": 1.2}, {"trade_seq": 3271, "trade_id": "186791677", "timestamp": 1635339933525, "tick_direction": 1, "price": 0.0095, "mark_price": 0.0095537, "iv": 110.0, "instrument_name": "BTC-31DEC21-140000-C", "index_price": 59109.5, "direction": "buy", "amount": 1.2}, {"trade_seq": 3270, "trade_id": "186791610", "timestamp": 1635339895013, "tick_direction": 1, "price": 0.0095, "mark_price": 0.00956631, "iv": 110.03, "instrument_name": "BTC-31DEC21-140000-C", "index_price": 59096.55, "direction": "buy", "amount": 1.7}, {"trade_seq": 3269, "trade_id": "186789494", "timestamp": 1635339076288, "tick_direction": 1, "price": 0.0095, "mark_price": 0.00950678, "iv": 110.11, "instrument_name": "BTC-31DEC21-140000-C", "index_price": 59009.39, "direction": "buy", "amount": 1.2}, {"trade_seq": 3268, "trade_id": "186789466", "timestamp": 1635339070540, "tick_direction": 0, "price": 0.0095, "mark_price": 0.00953412, "iv": 110.07, "instrument_name": "BTC-31DEC21-140000-C", "index_price": 59034.61, "direction": "buy", "amount": 1.7}, {"trade_seq": 3267, "trade_id": "186776676", "timestamp": 1635335856695, "tick_direction": 2, "price": 0.009, "mark_price": 0.00923485, "iv": 109.76, "instrument_name": "BTC-31DEC21-140000-C", "index_price": 58620.15, "direction": "sell", "amount": 6.0}, {"trade_seq": 3266, "trade_id": "186631877", "timestamp": 1635293210519, "tick_direction": 2, "price": 0.0095, "mark_price": 0.00966657, "iv": 107.45, "instrument_name": "BTC-31DEC21-140000-C", "index_price": 60187.46, "direction": "buy", "amount": 0.3}, {"trade_seq": 3265, "trade_id": "186577803", "timestamp": 1635281193577, "tick_direction": 1, "price": 0.01, "mark_price": 0.00932934, "iv": 105.01, "instrument_name": "BTC-31DEC21-140000-C", "index_price": 61951.42, "direction": "buy", "amount": 7.6}, {"trade_seq": 3264, "trade_id": "186577802", "timestamp": 1635281193577, "tick_direction": 1, "price": 0.01, "mark_price": 0.00932934, "iv": 105.01, "instrument_name": "BTC-31DEC21-140000-C", "index_price": 61951.42, "direction": "buy", "amount": 2.4}, {"trade_seq": 3263, "trade_id": "186577346", "timestamp": 1635280867671, "tick_direction": 1, "price": 0.01, "mark_price": 0.00927107, "iv": 104.77, "instrument_name": "BTC-31DEC21-140000-C", "index_price": 62087.87, "direction": "sell", "amount": 12.9}, {"trade_seq": 3262, "trade_id": "186577345", "timestamp": 1635280867660, "tick_direction": 1, "price": 0.01, "mark_price": 0.00927107, "iv": 104.77, "instrument_name": "BTC-31DEC21-140000-C", "index_price": 62087.87, "direction": "buy", "amount": 7.1}, {"trade_seq": 3261, "trade_id": "186574295", "timestamp": 1635280259231, "tick_direction": 1, "price": 0.01, "mark_price": 0.00903301, "iv": 104.49, "instrument_name": "BTC-31DEC21-140000-C", "index_price": 62250.49, "direction": "buy", "amount": 6.7}, {"trade_seq": 3260, "trade_id": "186574294", "timestamp": 1635280259231, "tick_direction": 1, "price": 0.01, "mark_price": 0.00903301, "iv": 104.49, "instrument_name": "BTC-31DEC21-140000-C", "index_price": 62250.49, "direction": "buy", "amount": 18.0}, {"trade_seq": 3259, "trade_id": "186574293", "timestamp": 1635280259231, "tick_direction": 1, "price": 0.01, "mark_price": 0.00903301, "iv": 104.49, "instrument_name": "BTC-31DEC21-140000-C", "index_price": 62250.49, "direction": "buy", "amount": 3.3}, {"trade_seq": 3258, "trade_id": "186574292", "timestamp": 1635280259231, "tick_direction": 1, "price": 0.01, "mark_price": 0.00903301, "iv": 104.49, "instrument_name": "BTC-31DEC21-140000-C", "index_price": 62250.49, "direction": "buy", "amount": 12.0}, {"trade_seq": 3257, "trade_id": "186573945", "timestamp": 1635280211399, "tick_direction": 0, "price": 0.01, "mark_price": 0.00901692, "iv": 104.44, "instrument_name": "BTC-31DEC21-140000-C", "index_price": 62277.55, "direction": "buy", "amount": 15.0}, {"trade_seq": 3256, "trade_id": "186573900", "timestamp": 1635280092874, "tick_direction": 1, "price": 0.0095, "mark_price": 0.0088364, "iv": 103.47, "instrument_name": "BTC-31DEC21-140000-C", "index_price": 62278.93, "direction": "buy", "amount": 8.0}, {"trade_seq": 3255, "trade_id": "186573843", "timestamp": 1635280065472, "tick_direction": 1, "price": 0.0095, "mark_price": 0.00879803, "iv": 103.51, "instrument_name": "BTC-31DEC21-140000-C", "index_price": 62271.31, "direction": "buy", "amount": 4.0}, {"trade_seq": 3254, "trade_id": "186509170", "timestamp": 1635249431765, "tick_direction": 0, "price": 0.0095, "mark_price": 0.01001571, "iv": 102.17, "instrument_name": "BTC-31DEC21-140000-C", "index_price": 62796.4, "direction": "sell", "amount": 0.2}, {"trade_seq": 3253, "trade_id": "186490875", "timestamp": 1635233688232, "tick_direction": 3, "price": 0.009, "mark_price": 0.00880036, "iv": 101.76, "instrument_name": "BTC-31DEC21-140000-C", "index_price": 62402.17, "direction": "buy", "amount": 0.8}, {"trade_seq": 3252, "trade_id": "186490682", "timestamp": 1635233643075, "tick_direction": 3, "price": 0.009, "mark_price": 0.00879104, "iv": 101.8, "instrument_name": "BTC-31DEC21-140000-C", "index_price": 62388.95, "direction": "buy", "amount": 1.2}, {"trade_seq": 3251, "trade_id": "186461000", "timestamp": 1635207463874, "tick_direction": 2, "price": 0.009, "mark_price": 0.00950997, "iv": 100.6, "instrument_name": "BTC-31DEC21-140000-C", "index_price": 62958.64, "direction": "sell", "amount": 1.0}, {"trade_seq": 3250, "trade_id": "186454364", "timestamp": 1635201675374, "tick_direction": 3, "price": 0.0095, "mark_price": 0.00946009, "iv": 101.57, "instrument_name": "BTC-31DEC21-140000-C", "index_price": 62929.14, "direction": "sell", "amount": 1.4}, {"trade_seq": 3249, "trade_id": "186454360", "timestamp": 1635201667301, "tick_direction": 3, "price": 0.0095, "mark_price": 0.00944873, "iv": 101.57, "instrument_name": "BTC-31DEC21-140000-C", "index_price": 62924.88, "direction": "sell", "amount": 1.5}, {"trade_seq": 3248, "trade_id": "186454359", "timestamp": 1635201666527, "tick_direction": 3, "price": 0.0095, "mark_price": 0.00944873, "iv": 101.57, "instrument_name": "BTC-31DEC21-140000-C", "index_price": 62924.88, "direction": "sell", "amount": 2.3}, {"trade_seq": 3247, "trade_id": "186454358", "timestamp": 1635201666483, "tick_direction": 2, "price": 0.0095, "mark_price": 0.00944873, "iv": 101.57, "instrument_name": "BTC-31DEC21-140000-C", "index_price": 62924.88, "direction": "buy", "amount": 2.0}, {"trade_seq": 3246, "trade_id": "186453657", "timestamp": 1635201138621, "tick_direction": 2, "price": 0.01, "mark_price": 0.01048428, "iv": 102.71, "instrument_name": "BTC-31DEC21-140000-C", "index_price": 62803.03, "direction": "sell", "amount": 0.1}, {"trade_seq": 3245, "trade_id": "186450759", "timestamp": 1635198350800, "tick_direction": 2, "price": 0.011, "mark_price": 0.01122533, "iv": 104.46, "instrument_name": "BTC-31DEC21-140000-C", "index_price": 62895.72, "direction": "sell", "amount": 1.0}, {"trade_seq": 3244, "trade_id": "186434414", "timestamp": 1635188403157, "tick_direction": 3, "price": 0.012, "mark_price": 0.0115599, "iv": 105.7, "instrument_name": "BTC-31DEC21-140000-C", "index_price": 63123.77, "direction": "buy", "amount": 3.3}