{"trades": [{"trade_seq": 1473, "trade_id": "248402924", "timestamp": 1679916218064, "tick_direction": 1, "price": 0.322, "mark_price": 0.32118859, "iv": 176.85, "instrument_name": "BTC-31MAR23-19000-C", "index_price": 27980.48, "direction": "sell", "amount": 2.0}, {"trade_seq": 1472, "trade_id": "248402919", "timestamp": 1679916194033, "tick_direction": 1, "price": 0.322, "mark_price": 0.32118454, "iv": 176.85, "instrument_name": "BTC-31MAR23-19000-C", "index_price": 27980.95, "direction": "sell", "amount": 2.0}, {"trade_seq": 1471, "trade_id": "248402854", "timestamp": 1679916142963, "tick_direction": 0, "price": 0.322, "mark_price": 0.32117251, "iv": 176.95, "instrument_name": "BTC-31MAR23-19000-C", "index_price": 27981.95, "direction": "sell", "amount": 1.0}, {"trade_seq": 1470, "trade_id": "248031795", "timestamp": 1679670434567, "tick_direction": 2, "price": 0.3215, "mark_price": 0.32205115, "iv": 105.45, "instrument_name": "BTC-31MAR23-19000-C", "index_price": 27978.54, "direction": "sell", "amount": 0.1}, {"trade_seq": 1469, "trade_id": "247315626", "timestamp": 1679485838660, "tick_direction": 0, "price": 0.3275, "mark_price": 0.32740026, "iv": 117.63, "instrument_name": "BTC-31MAR23-19000-C", "index_price": 28204.12, "direction": "sell", "amount": 0.2}, {"trade_seq": 1468, "trade_id": "246553598", "timestamp": 1679243920922, "tick_direction": 0, "price": 0.326, "mark_price": 0.32401536, "iv": 126.44, "instrument_name": "BTC-31MAR23-19000-C", "index_price": 28006.17, "direction": "sell", "amount": 0.5}, {"trade_seq": 1467, "trade_id": "246159925", "timestamp": 1679093156961, "tick_direction": 0, "price": 0.32, "mark_price": 0.31964267, "iv": 104.55, "instrument_name": "BTC-31MAR23-19000-C", "index_price": 27792.56, "direction": "buy", "amount": 0.1}, {"trade_seq": 1466, "trade_id": "246040525", "timestamp": 1679070297214, "tick_direction": 2, "price": 0.2855, "mark_price": 0.2852293, "iv": 98.06, "instrument_name": "BTC-31MAR23-19000-C", "index_price": 26454.08, "direction": "sell", "amount": 5.0}, {"trade_seq": 1465, "trade_id": "246036939", "timestamp": 1679069341483, "tick_direction": 0, "price": 0.286, "mark_price": 0.28604836, "iv": 95.11, "instrument_name": "BTC-31MAR23-19000-C", "index_price": 26485.46, "direction": "sell", "amount": 5.0}, {"trade_seq": 1464, "trade_id": "245894865", "timestamp": 1679040469046, "tick_direction": 0, "price": 0.2845, "mark_price": 0.27700276, "iv": 126.47, "instrument_name": "BTC-31MAR23-19000-C", "index_price": 26195.32, "direction": "buy", "amount": 0.5}, {"trade_seq": 1463, "trade_id": "245133332", "timestamp": 1678811118853, "tick_direction": 2, "price": 0.2695, "mark_price": 0.26980357, "iv": 87.81, "instrument_name": "BTC-31MAR23-19000-C", "index_price": 25862.11, "direction": "sell", "amount": 0.1}, {"trade_seq": 1462, "trade_id": "245064047", "timestamp": 1678798909454, "tick_direction": 0, "price": 0.28, "mark_price": 0.28139068, "iv": 79.61, "instrument_name": "BTC-31MAR23-19000-C", "index_price": 26273.34, "direction": "sell", "amount": 0.2}, {"trade_seq": 1461, "trade_id": "244921035", "timestamp": 1678764573674, "tick_direction": 0, "price": 0.235, "mark_price": 0.2252197, "iv": 104.74, "instrument_name": "BTC-31MAR23-19000-C", "index_price": 24423.62, "direction": "sell", "amount": 0.2}, {"trade_seq": 1460, "trade_id": "244901300", "timestamp": 1678753045526, "tick_direction": 2, "price": 0.2185, "mark_price": 0.21934622, "iv": 73.99, "instrument_name": "BTC-31MAR23-19000-C", "index_price": 24210.58, "direction": "sell", "amount": 0.1}, {"trade_seq": 1459, "trade_id": "244890990", "timestamp": 1678748834626, "tick_direction": 2, "price": 0.22, "mark_price": 0.22150213, "iv": 72.78, "instrument_name": "BTC-31MAR23-19000-C", "index_price": 24249.64, "direction": "buy", "amount": 1.0}, {"trade_seq": 1458, "trade_id": "244858488", "timestamp": 1678733033127, "tick_direction": 2, "price": 0.225, "mark_price": 0.22319031, "iv": 83.86, "instrument_name": "BTC-31MAR23-19000-C", "index_price": 24291.13, "direction": "sell", "amount": 1.0}, {"trade_seq": 1457, "trade_id": "244798436", "timestamp": 1678720914485, "tick_direction": 0, "price": 0.228, "mark_price": 0.22690499, "iv": 89.09, "instrument_name": "BTC-31MAR23-19000-C", "index_price": 24354.81, "direction": "sell", "amount": 4.0}, {"trade_seq": 1456, "trade_id": "244797769", "timestamp": 1678720842577, "tick_direction": 0, "price": 0.225, "mark_price": 0.22461757, "iv": 87.07, "instrument_name": "BTC-31MAR23-19000-C", "index_price": 24279.44, "direction": "sell", "amount": 1.0}, {"trade_seq": 1455, "trade_id": "244467361", "timestamp": 1678649111333, "tick_direction": 1, "price": 0.1165, "mark_price": 0.11825192, "iv": 65.41, "instrument_name": "BTC-31MAR23-19000-C", "index_price": 21301.16, "direction": "buy", "amount": 5.0}, {"trade_seq": 1454, "trade_id": "244467345", "timestamp": 1678649110592, "tick_direction": 1, "price": 0.1165, "mark_price": 0.1182642, "iv": 65.39, "instrument_name": "BTC-31MAR23-19000-C", "index_price": 21299.58, "direction": "buy", "amount": 2.0}, {"trade_seq": 1453, "trade_id": "244467320", "timestamp": 1678649108203, "tick_direction": 1, "price": 0.1165, "mark_price": 0.11789128, "iv": 65.45, "instrument_name": "BTC-31MAR23-19000-C", "index_price": 21296.74, "direction": "buy", "amount": 1.6}, {"trade_seq": 1452, "trade_id": "244467296", "timestamp": 1678649103288, "tick_direction": 0, "price": 0.1165, "mark_price": 0.1178778, "iv": 65.93, "instrument_name": "BTC-31MAR23-19000-C", "index_price": 21285.33, "direction": "buy", "amount": 1.4}, {"trade_seq": 1451, "trade_id": "244396561", "timestamp": 1678629744486, "tick_direction": 0, "price": 0.095, "mark_price": 0.09597518, "iv": 61.12, "instrument_name": "BTC-31MAR23-19000-C", "index_price": 20570.66, "direction": "sell", "amount": 1.9}, {"trade_seq": 1450, "trade_id": "244356591", "timestamp": 1678606574729, "tick_direction": 3, "price": 0.093, "mark_price": 0.09273577, "iv": 58.19, "instrument_name": "BTC-31MAR23-19000-C", "index_price": 20537.95, "direction": "sell", "amount": 0.3}, {"trade_seq": 1449, "trade_id": "244356433", "timestamp": 1678606555339, "tick_direction": 2, "price": 0.093, "mark_price": 0.09290533, "iv": 58.0, "instrument_name": "BTC-31MAR23-19000-C", "index_price": 20542.56, "direction": "sell", "amount": 0.2}, {"trade_seq": 1448, "trade_id": "244349393", "timestamp": 1678602650984, "tick_direction": 0, "price": 0.095, "mark_price": 0.09253431, "iv": 61.38, "instrument_name": "BTC-31MAR23-19000-C", "index_price": 20601.65, "direction": "sell", "amount": 1.0}, {"trade_seq": 1447, "trade_id": "244180174", "timestamp": 1678523410148, "tick_direction": 1, "price": 0.0855, "mark_price": 0.08622904, "iv": 63.43, "instrument_name": "BTC-31MAR23-19000-C", "index_price": 20067.96, "direction": "sell", "amount": 0.6}, {"trade_seq": 1446, "trade_id": "244180161", "timestamp": 1678523403838, "tick_direction": 0, "price": 0.0855, "mark_price": 0.08644118, "iv": 63.23, "instrument_name": "BTC-31MAR23-19000-C", "index_price": 20074.04, "direction": "sell", "amount": 0.2}, {"trade_seq": 1445, "trade_id": "244175231", "timestamp": 1678522349997, "tick_direction": 0, "price": 0.083, "mark_price": 0.08297741, "iv": 62.01, "instrument_name": "BTC-31MAR23-19000-C", "index_price": 20017.27, "direction": "buy", "amount": 2.7}, {"trade_seq": 1444, "trade_id": "244062150", "timestamp": 1678481839317, "tick_direction": 0, "price": 0.079, "mark_price": 0.07830974, "iv": 54.93, "instrument_name": "BTC-31MAR23-19000-C", "index_price": 19978.25, "direction": "buy", "amount": 4.8}, {"trade_seq": 1443, "trade_id": "244003463", "timestamp": 1678457340709, "tick_direction": 2, "price": 0.0775, "mark_price": 0.07788337, "iv": 52.27, "instrument_name": "BTC-31MAR23-19000-C", "index_price": 19985.83, "direction": "sell", "amount": 0.4}, {"trade_seq": 1442, "trade_id": "244002789", "timestamp": 1678457236737, "tick_direction": 3, "price": 0.079, "mark_price": 0.07918382, "iv": 52.26, "instrument_name": "BTC-31MAR23-19000-C", "index_price": 20032.42, "direction": "sell", "amount": 0.1}, {"trade_seq": 1441, "trade_id": "244002753", "timestamp": 1678457231574, "tick_direction": 2, "price": 0.079, "mark_price": 0.07950659, "iv": 52.07, "instrument_name": "BTC-31MAR23-19000-C", "index_price": 20033.35, "direction": "sell", "amount": 1.1}, {"trade_seq": 1440, "trade_id": "244002340", "timestamp": 1678457187556, "tick_direction": 2, "price": 0.0805, "mark_price": 0.08105529, "iv": 52.16, "instrument_name": "BTC-31MAR23-19000-C", "index_price": 20085.43, "direction": "sell", "amount": 0.2}, {"trade_seq": 1439, "trade_id": "244002137", "timestamp": 1678457158311, "tick_direction": 0, "price": 0.0815, "mark_price": 0.08172647, "iv": 51.98, "instrument_name": "BTC-31MAR23-19000-C", "index_price": 20124.36, "direction": "sell", "amount": 3.0}, {"trade_seq": 1438, "trade_id": "243970867", "timestamp": 1678445736918, "tick_direction": 2, "price": 0.071, "mark_price": 0.07120602, "iv": 55.74, "instrument_name": "BTC-31MAR23-19000-C", "index_price": 19655.77, "direction": "buy", "amount": 5.0}, {"trade_seq": 1437, "trade_id": "243965489", "timestamp": 1678444953552, "tick_direction": 2, "price": 0.072, "mark_price": 0.07293171, "iv": 55.05, "instrument_name": "BTC-31MAR23-19000-C", "index_price": 19710.0, "direction": "sell", "amount": 0.3}, {"trade_seq": 1436, "trade_id": "243956996", "timestamp": 1678441096937, "tick_direction": 3, "price": 0.077, "mark_price": 0.07706446, "iv": 55.24, "instrument_name": "BTC-31MAR23-19000-C", "index_price": 19878.56, "direction": "buy", "amount": 1.0}, {"trade_seq": 1435, "trade_id": "243951296", "timestamp": 1678436123243, "tick_direction": 2, "price": 0.077, "mark_price": 0.07707709, "iv": 54.33, "instrument_name": "BTC-31MAR23-19000-C", "index_price": 19905.63, "direction": "sell", "amount": 10.2}, {"trade_seq": 1434, "trade_id": "243950760", "timestamp": 1678435949693, "tick_direction": 2, "price": 0.078, "mark_price": 0.07828251, "iv": 54.7, "instrument_name": "BTC-31MAR23-19000-C", "index_price": 19927.62, "direction": "sell", "amount": 4.8}, {"trade_seq": 1433, "trade_id": "243947652", "timestamp": 1678435099744, "tick_direction": 3, "price": 0.08, "mark_price": 0.08076647, "iv": 56.52, "instrument_name": "BTC-31MAR23-19000-C", "index_price": 19947.59, "direction": "sell", "amount": 0.2}, {"trade_seq": 1432, "trade_id": "243946373", "timestamp": 1678434823138, "tick_direction": 2, "price": 0.08, "mark_price": 0.08084666, "iv": 56.47, "instrument_name": "BTC-31MAR23-19000-C", "index_price": 19948.4, "direction": "buy", "amount": 1.0}, {"trade_seq": 1431, "trade_id": "243942253", "timestamp": 1678434022024, "tick_direction": 0, "price": 0.083, "mark_price": 0.08307027, "iv": 57.76, "instrument_name": "BTC-31MAR23-19000-C", "index_price": 20006.96, "direction": "buy", "amount": 3.4}, {"trade_seq": 1430, "trade_id": "243932380", "timestamp": 1678431225597, "tick_direction": 3, "price": 0.079, "mark_price": 0.07949173, "iv": 57.34, "instrument_name": "BTC-31MAR23-19000-C", "index_price": 19876.92, "direction": "sell", "amount": 0.1}, {"trade_seq": 1429, "trade_id": "243932379", "timestamp": 1678431225564, "tick_direction": 3, "price": 0.079, "mark_price": 0.07949173, "iv": 57.34, "instrument_name": "BTC-31MAR23-19000-C", "index_price": 19876.92, "direction": "sell", "amount": 0.1}, {"trade_seq": 1428, "trade_id": "243932378", "timestamp": 1678431224447, "tick_direction": 3, "price": 0.079, "mark_price": 0.07946604, "iv": 57.37, "instrument_name": "BTC-31MAR23-19000-C", "index_price": 19877.05, "direction": "sell", "amount": 0.2}, {"trade_seq": 1427, "trade_id": "243932377", "timestamp": 1678431223603, "tick_direction": 3, "price": 0.079, "mark_price": 0.07946604, "iv": 57.4, "instrument_name": "BTC-31MAR23-19000-C", "index_price": 19875.84, "direction": "sell", "amount": 0.5}, {"trade_seq": 1426, "trade_id": "243932349", "timestamp": 1678431215078, "tick_direction": 3, "price": 0.079, "mark_price": 0.07950505, "iv": 57.32, "instrument_name": "BTC-31MAR23-19000-C", "index_price": 19877.35, "direction": "sell", "amount": 0.1}, {"trade_seq": 1425, "trade_id": "243932348", "timestamp": 1678431215053, "tick_direction": 3, "price": 0.079, "mark_price": 0.07950505, "iv": 57.32, "instrument_name": "BTC-31MAR23-19000-C", "index_price": 19877.35, "direction": "sell", "amount": 0.1}, {"trade_seq": 1424, "trade_id": "243932346", "timestamp": 1678431213523, "tick_direction": 2, "price": 0.079, "mark_price": 0.07950348, "iv": 57.35, "instrument_name": "BTC-31MAR23-19000-C", "index_price": 19876.59, "direction": "sell", "amount": 0.2}, {"trade_seq": 1423, "trade_id": "243931654", "timestamp": 1678430716734, "tick_direction": 1, "price": 0.0805, "mark_price": 0.08106154, "iv": 57.23, "instrument_name": "BTC-31MAR23-19000-C", "index_price": 19932.49, "direction": "sell", "amount": 0.1}, {"trade_seq": 1422, "trade_id": "243931651", "timestamp": 1678430711755, "tick_direction": 0, "price": 0.0805, "mark_price": 0.08105287, "iv": 57.24, "instrument_name": "BTC-31MAR23-19000-C", "index_price": 19932.77, "direction": "sell", "amount": 0.3}, {"trade_seq": 1421, "trade_id": "243920812", "timestamp": 1678421273229, "tick_direction": 3, "price": 0.079, "mark_price": 0.08015703, "iv": 52.41, "instrument_name": "BTC-31MAR23-19000-C", "index_price": 20006.81, "direction": "sell", "amount": 0.1}, {"trade_seq": 1420, "trade_id": "243920811", "timestamp": 1678421273218, "tick_direction": 2, "price": 0.079, "mark_price": 0.08015703, "iv": 52.41, "instrument_name": "BTC-31MAR23-19000-C", "index_price": 20006.81, "direction": "sell", "amount": 0.2}, {"trade_seq": 1419, "trade_id": "243915338", "timestamp": 1678414657045, "tick_direction": 1, "price": 0.0825, "mark_price": 0.08267511, "iv": 53.95, "instrument_name": "BTC-31MAR23-19000-C", "index_price": 20079.91, "direction": "sell", "amount": 0.9}, {"trade_seq": 1418, "trade_id": "243913819", "timestamp": 1678413891618, "tick_direction": 0, "price": 0.0825, "mark_price": 0.08275357, "iv": 53.87, "instrument_name": "BTC-31MAR23-19000-C", "index_price": 20079.6, "direction": "sell", "amount": 3.2}, {"trade_seq": 1417, "trade_id": "243907049", "timestamp": 1678411205747, "tick_direction": 3, "price": 0.0745, "mark_price": 0.07505106, "iv": 53.29, "instrument_name": "BTC-31MAR23-19000-C", "index_price": 19823.65, "direction": "sell", "amount": 0.4}, {"trade_seq": 1416, "trade_id": "243907048", "timestamp": 1678411205695, "tick_direction": 2, "price": 0.0745, "mark_price": 0.07505106, "iv": 53.29, "instrument_name": "BTC-31MAR23-19000-C", "index_price": 19823.65, "direction": "sell", "amount": 0.2}, {"trade_seq": 1415, "trade_id": "243904133", "timestamp": 1678410950172, "tick_direction": 0, "price": 0.0805, "mark_price": 0.08079776, "iv": 53.63, "instrument_name": "BTC-31MAR23-19000-C", "index_price": 20010.78, "direction": "sell", "amount": 0.5}, {"trade_seq": 1414, "trade_id": "243900360", "timestamp": 1678410278602, "tick_direction": 2, "price": 0.0795, "mark_price": 0.0798152, "iv": 53.41, "instrument_name": "BTC-31MAR23-19000-C", "index_price": 19992.49, "direction": "buy", "amount": 0.5}, {"trade_seq": 1413, "trade_id": "243885740", "timestamp": 1678402445064, "tick_direction": 3, "price": 0.0925, "mark_price": 0.09259904, "iv": 54.61, "instrument_name": "BTC-31MAR23-19000-C", "index_price": 20362.33, "direction": "buy", "amount": 0.8}, {"trade_seq": 1412, "trade_id": "243885625", "timestamp": 1678402414663, "tick_direction": 2, "price": 0.0925, "mark_price": 0.09231736, "iv": 54.92, "instrument_name": "BTC-31MAR23-19000-C", "index_price": 20363.74, "direction": "buy", "amount": 0.3}, {"trade_seq": 1411, "trade_id": "243881828", "timestamp": 1678399990624, "tick_direction": 0, "price": 0.096, "mark_price": 0.09634478, "iv": 54.74, "instrument_name": "BTC-31MAR23-19000-C", "index_price": 20476.2, "direction": "sell", "amount": 0.5}, {"trade_seq": 1410, "trade_id": "243871612", "timestamp": 1678396930813, "tick_direction": 3, "price": 0.0925, "mark_price": 0.09272916, "iv": 54.71, "instrument_name": "BTC-31MAR23-19000-C", "index_price": 20390.32, "direction": "sell", "amount": 0.2}, {"trade_seq": 1409, "trade_id": "243871611", "timestamp": 1678396930808, "tick_direction": 2, "price": 0.0925, "mark_price": 0.09272916, "iv": 54.71, "instrument_name": "BTC-31MAR23-19000-C", "index_price": 20390.32, "direction": "sell", "amount": 0.4}, {"trade_seq": 1408, "trade_id": "243871164", "timestamp": 1678396853931, "tick_direction": 0, "price": 0.093, "mark_price": 0.09227641, "iv": 55.94, "instrument_name": "BTC-31MAR23-19000-C", "index_price": 20375.47, "direction": "buy", "amount": 1.0}, {"trade_seq": 1407, "trade_id": "243870112", "timestamp": 1678396668416, "tick_direction": 0, "price": 0.0925, "mark_price": 0.09303717, "iv": 54.04, "instrument_name": "BTC-31MAR23-19000-C", "index_price": 20386.72, "direction": "buy", "amount": 1.0}, {"trade_seq": 1406, "trade_id": "243860879", "timestamp": 1678395585006, "tick_direction": 3, "price": 0.0815, "mark_price": 0.08136082, "iv": 53.37, "instrument_name": "BTC-31MAR23-19000-C", "index_price": 20061.48, "direction": "buy", "amount": 0.2}, {"trade_seq": 1405, "trade_id": "243860860", "timestamp": 1678395584185, "tick_direction": 2, "price": 0.0815, "mark_price": 0.08121547, "iv": 53.55, "instrument_name": "BTC-31MAR23-19000-C", "index_price": 20058.66, "direction": "buy", "amount": 0.3}, {"trade_seq": 1404, "trade_id": "243827790", "timestamp": 1678389006613, "tick_direction": 2, "price": 0.109, "mark_price": 0.1088321, "iv": 53.25, "instrument_name": "BTC-31MAR23-19000-C", "index_price": 20921.83, "direction": "buy", "amount": 1.0}, {"trade_seq": 1403, "trade_id": "243773868", "timestamp": 1678371640761, "tick_direction": 2, "price": 0.14, "mark_price": 0.13991941, "iv": 54.94, "instrument_name": "BTC-31MAR23-19000-C", "index_price": 21807.22, "direction": "sell", "amount": 0.3}, {"trade_seq": 1402, "trade_id": "243771379", "timestamp": 1678370472395, "tick_direction": 2, "price": 0.141, "mark_price": 0.13587654, "iv": 63.05, "instrument_name": "BTC-31MAR23-19000-C", "index_price": 21696.79, "direction": "sell", "amount": 0.2}, {"trade_seq": 1401, "trade_id": "243703840", "timestamp": 1678302182878, "tick_direction": 0, "price": 0.1475, "mark_price": 0.14759152, "iv": 54.69, "instrument_name": "BTC-31MAR23-19000-C", "index_price": 22021.84, "direction": "sell", "amount": 1.3}, {"trade_seq": 1400, "trade_id": "243696768", "timestamp": 1678300050630, "tick_direction": 2, "price": 0.146, "mark_price": 0.14621327, "iv": 54.58, "instrument_name": "BTC-31MAR23-19000-C", "index_price": 21977.03, "direction": "sell", "amount": 0.1}, {"trade_seq": 1399, "trade_id": "243675527", "timestamp": 1678285273464, "tick_direction": 2, "price": 0.1473, "mark_price": 0.14683328, "iv": 56.56, "instrument_name": "BTC-31MAR23-19000-C", "index_price": 21992.36, "direction": "buy", "combo_id": "BTC-CS-31MAR23-19000_21000", "block_trade_id": "66920", "amount": 15.0}, {"trade_seq": 1398, "trade_id": "243671152", "timestamp": 1678281683527, "tick_direction": 2, "price": 0.1485, "mark_price": 0.14822275, "iv": 56.9, "instrument_name": "BTC-31MAR23-19000-C", "index_price": 22023.94, "direction": "sell", "amount": 3.0}, {"trade_seq": 1397, "trade_id": "243597949", "timestamp": 1678204508144, "tick_direction": 1, "price": 0.159, "mark_price": 0.15895362, "iv": 55.73, "instrument_name": "BTC-31MAR23-19000-C", "index_price": 22341.39, "direction": "sell", "amount": 1.4}, {"trade_seq": 1396, "trade_id": "243597948", "timestamp": 1678204507181, "tick_direction": 0, "price": 0.159, "mark_price": 0.15885212, "iv": 55.7, "instrument_name": "BTC-31MAR23-19000-C", "index_price": 22341.87, "direction": "sell", "amount": 0.7}, {"trade_seq": 1395, "trade_id": "243586894", "timestamp": 1678202078235, "tick_direction": 2, "price": 0.148, "mark_price": 0.14824242, "iv": 55.39, "instrument_name": "BTC-31MAR23-19000-C", "index_price": 22027.25, "direction": "buy", "amount": 0.1}, {"trade_seq": 1394, "trade_id": "243565773", "timestamp": 1678190252967, "tick_direction": 2, "price": 0.1585, "mark_price": 0.15917664, "iv": 53.71, "instrument_name": "BTC-31MAR23-19000-C", "index_price": 22343.44, "direction": "sell", "amount": 0.1}, {"trade_seq": 1393, "trade_id": "243531448", "timestamp": 1678130304033, "tick_direction": 0, "price": 0.1635, "mark_price": 0.16333901, "iv": 57.07, "instrument_name": "BTC-31MAR23-19000-C", "index_price": 22439.86, "direction": "sell", "amount": 0.1}, {"trade_seq": 1392, "trade_id": "243510762", "timestamp": 1678100179884, "tick_direction": 0, "price": 0.1625, "mark_price": 0.1618176, "iv": 57.63, "instrument_name": "BTC-31MAR23-19000-C", "index_price": 22396.7, "direction": "sell", "amount": 1.9}, {"trade_seq": 1391, "trade_id": "243439614", "timestamp": 1677946356129, "tick_direction": 2, "price": 0.159, "mark_price": 0.15921682, "iv": 53.77, "instrument_name": "BTC-31MAR23-19000-C", "index_price": 22315.05, "direction": "buy", "amount": 0.3}, {"trade_seq": 1390, "trade_id": "243362737", "timestamp": 1677828838358, "tick_direction": 2, "price": 0.18, "mark_price": 0.16371793, "iv": 80.81, "instrument_name": "BTC-31MAR23-19000-C", "index_price": 22380.35, "direction": "buy", "amount": 0.2}, {"trade_seq": 1389, "trade_id": "243237354", "timestamp": 1677738769322, "tick_direction": 2, "price": 0.2005, "mark_price": 0.20057018, "iv": 59.6, "instrument_name": "BTC-31MAR23-19000-C", "index_price": 23453.69, "direction": "sell", "amount": 0.1}, {"trade_seq": 1388, "trade_id": "243024021", "timestamp": 1677512583950, "tick_direction": 0, "price": 0.2035, "mark_price": 0.20383448, "iv": 56.01, "instrument_name": "BTC-31MAR23-19000-C", "index_price": 23567.36, "direction": "sell", "amount": 0.1}, {"trade_seq": 1387, "trade_id": "242934544", "timestamp": 1677377649688, "tick_direction": 2, "price": 0.1881, "mark_price": 0.18806332, "iv": 54.54, "instrument_name": "BTC-31MAR23-19000-C", "index_price": 23071.81, "direction": "sell", "block_trade_id": "66148", "amount": 0.3}, {"trade_seq": 1386, "trade_id": "242934311", "timestamp": 1677377360797, "tick_direction": 0, "price": 0.1887, "mark_price": 0.18839914, "iv": 55.11, "instrument_name": "BTC-31MAR23-19000-C", "index_price": 23079.8, "direction": "buy", "block_trade_id": "66147", "amount": 4.2}, {"trade_seq": 1385, "trade_id": "242856336", "timestamp": 1677262162233, "tick_direction": 2, "price": 0.167, "mark_price": 0.18946086, "iv": 0.0, "instrument_name": "BTC-31MAR23-19000-C", "index_price": 23054.74, "direction": "sell", "amount": 0.1}, {"trade_seq": 1384, "trade_id": "242850387", "timestamp": 1677257514716, "tick_direction": 2, "price": 0.199, "mark_price": 0.19607543, "iv": 63.02, "instrument_name": "BTC-31MAR23-19000-C", "index_price": 23247.05, "direction": "buy", "amount": 0.1}, {"trade_seq": 1383, "trade_id": "242800538", "timestamp": 1677231887553, "tick_direction": 3, "price": 0.214, "mark_price": 0.21470576, "iv": 57.03, "instrument_name": "BTC-31MAR23-19000-C", "index_price": 23837.68, "direction": "buy", "amount": 1.7}, {"trade_seq": 1382, "trade_id": "242800537", "timestamp": 1677231887552, "tick_direction": 3, "price": 0.214, "mark_price": 0.21470576, "iv": 57.03, "instrument_name": "BTC-31MAR23-19000-C", "index_price": 23837.68, "direction": "buy", "amount": 5.0}, {"trade_seq": 1381, "trade_id": "242800536", "timestamp": 1677231887552, "tick_direction": 2, "price": 0.214, "mark_price": 0.21470576, "iv": 57.03, "instrument_name": "BTC-31MAR23-19000-C", "index_price": 23837.68, "direction": "buy", "amount": 8.3}, {"trade_seq": 1380, "trade_id": "242788018", "timestamp": 1677225151981, "tick_direction": 2, "price": 0.2155, "mark_price": 0.21575434, "iv": 59.08, "instrument_name": "BTC-31MAR23-19000-C", "index_price": 23857.49, "direction": "buy", "amount": 1.0}, {"trade_seq": 1379, "trade_id": "242679778", "timestamp": 1677139899149, "tick_direction": 0, "price": 0.25, "mark_price": 0.23374628, "iv": 89.25, "instrument_name": "BTC-31MAR23-19000-C", "index_price": 24393.36, "direction": "buy", "amount": 0.4}, {"trade_seq": 1378, "trade_id": "242514486", "timestamp": 1677023478148, "tick_direction": 2, "price": 0.237, "mark_price": 0.23724836, "iv": 66.02, "instrument_name": "BTC-31MAR23-19000-C", "index_price": 24402.84, "direction": "buy", "amount": 1.0}, {"trade_seq": 1377, "trade_id": "242331003", "timestamp": 1676886892884, "tick_direction": 0, "price": 0.2525, "mark_price": 0.25113289, "iv": 67.92, "instrument_name": "BTC-31MAR23-19000-C", "index_price": 24914.22, "direction": "buy", "amount": 1.0}, {"trade_seq": 1376, "trade_id": "242258951", "timestamp": 1676826342593, "tick_direction": 2, "price": 0.244, "mark_price": 0.2443492, "iv": 65.28, "instrument_name": "BTC-31MAR23-19000-C", "index_price": 24639.55, "direction": "sell", "amount": 0.5}, {"trade_seq": 1375, "trade_id": "242115952", "timestamp": 1676665681315, "tick_direction": 1, "price": 0.253, "mark_price": 0.25334135, "iv": 67.26, "instrument_name": "BTC-31MAR23-19000-C", "index_price": 24919.97, "direction": "buy", "amount": 0.3}, {"trade_seq": 1374, "trade_id": "242115951", "timestamp": 1676665681288, "tick_direction": 1, "price": 0.253, "mark_price": 0.25334135, "iv": 67.26, "instrument_name": "BTC-31MAR23-19000-C", "index_price": 24919.97, "direction": "buy", "amount": 0.7}, {"trade_seq": 1373, "trade_id": "241923476", "timestamp": 1676574604794, "tick_direction": 0, "price": 0.253, "mark_price": 0.25292103, "iv": 65.16, "instrument_name": "BTC-31MAR23-19000-C", "index_price": 24956.32, "direction": "sell", "amount": 0.3}, {"trade_seq": 1372, "trade_id": "241854297", "timestamp": 1676550689556, "tick_direction": 2, "price": 0.239, "mark_price": 0.23935079, "iv": 61.09, "instrument_name": "BTC-31MAR23-19000-C", "index_price": 24531.02, "direction": "buy", "amount": 0.2}, {"trade_seq": 1371, "trade_id": "241845377", "timestamp": 1676539598181, "tick_direction": 2, "price": 0.242, "mark_price": 0.24128637, "iv": 63.0, "instrument_name": "BTC-31MAR23-19000-C", "index_price": 24609.47, "direction": "sell", "amount": 0.1}, {"trade_seq": 1370, "trade_id": "241845333", "timestamp": 1676539538367, "tick_direction": 0, "price": 0.243, "mark_price": 0.24130533, "iv": 64.71, "instrument_name": "BTC-31MAR23-19000-C", "index_price": 24609.2, "direction": "sell", "amount": 0.1}, {"trade_seq": 1369, "trade_id": "241784227", "timestamp": 1676500498701, "tick_direction": 1, "price": 0.23, "mark_price": 0.22996521, "iv": 59.35, "instrument_name": "BTC-31MAR23-19000-C", "index_price": 24275.17, "direction": "buy", "amount": 0.5}, {"trade_seq": 1368, "trade_id": "241784073", "timestamp": 1676500302179, "tick_direction": 0, "price": 0.23, "mark_price": 0.22988399, "iv": 59.76, "instrument_name": "BTC-31MAR23-19000-C", "index_price": 24265.25, "direction": "buy", "amount": 1.5}, {"trade_seq": 1367, "trade_id": "241638395", "timestamp": 1676397795008, "tick_direction": 0, "price": 0.16, "mark_price": 0.15997463, "iv": 50.94, "instrument_name": "BTC-31MAR23-19000-C", "index_price": 22107.65, "direction": "buy", "amount": 0.2}, {"trade_seq": 1366, "trade_id": "241523892", "timestamp": 1676296169577, "tick_direction": 2, "price": 0.1465, "mark_price": 0.14646658, "iv": 51.58, "instrument_name": "BTC-31MAR23-19000-C", "index_price": 21632.47, "direction": "sell", "amount": 0.1}, {"trade_seq": 1365, "trade_id": "241369665", "timestamp": 1676051247569, "tick_direction": 2, "price": 0.15, "mark_price": 0.15030827, "iv": 51.64, "instrument_name": "BTC-31MAR23-19000-C", "index_price": 21651.63, "direction": "buy", "amount": 0.5}, {"trade_seq": 1364, "trade_id": "241330759", "timestamp": 1676023768284, "tick_direction": 2, "price": 0.156, "mark_price": 0.15459682, "iv": 52.45, "instrument_name": "BTC-31MAR23-19000-C", "index_price": 21828.51, "direction": "buy", "amount": 0.2}, {"trade_seq": 1363, "trade_id": "241295860", "timestamp": 1675991325740, "tick_direction": 2, "price": 0.1575, "mark_price": 0.15720461, "iv": 52.35, "instrument_name": "BTC-31MAR23-19000-C", "index_price": 21861.02, "direction": "sell", "amount": 0.2}, {"trade_seq": 1362, "trade_id": "241230930", "timestamp": 1675960012448, "tick_direction": 2, "price": 0.1755, "mark_price": 0.17842291, "iv": 50.21, "instrument_name": "BTC-31MAR23-19000-C", "index_price": 22508.8, "direction": "buy", "amount": 0.4}, {"trade_seq": 1361, "trade_id": "241229270", "timestamp": 1675958385931, "tick_direction": 2, "price": 0.1813, "mark_price": 0.18130581, "iv": 53.59, "instrument_name": "BTC-31MAR23-19000-C", "index_price": 22608.53, "direction": "sell", "block_trade_id": "64284", "amount": 50.0}, {"trade_seq": 1360, "trade_id": "240977588", "timestamp": 1675682452538, "tick_direction": 2, "price": 0.1945, "mark_price": 0.19094111, "iv": 59.18, "instrument_name": "BTC-31MAR23-19000-C", "index_price": 22801.35, "direction": "buy", "amount": 0.1}, {"trade_seq": 1359, "trade_id": "240773676", "timestamp": 1675381372457, "tick_direction": 2, "price": 0.215, "mark_price": 0.2161597, "iv": 57.28, "instrument_name": "BTC-31MAR23-19000-C", "index_price": 23495.63, "direction": "buy", "amount": 1.0}, {"trade_seq": 1358, "trade_id": "240773656", "timestamp": 1675381337801, "tick_direction": 0, "price": 0.2325, "mark_price": 0.21627129, "iv": 75.26, "instrument_name": "BTC-31MAR23-19000-C", "index_price": 23499.93, "direction": "buy", "amount": 1.0}, {"trade_seq": 1357, "trade_id": "240701850", "timestamp": 1675332710042, "tick_direction": 3, "price": 0.225, "mark_price": 0.22471172, "iv": 58.18, "instrument_name": "BTC-31MAR23-19000-C", "index_price": 23814.89, "direction": "sell", "amount": 2.0}, {"trade_seq": 1356, "trade_id": "240701831", "timestamp": 1675332628342, "tick_direction": 3, "price": 0.225, "mark_price": 0.22455246, "iv": 58.27, "instrument_name": "BTC-31MAR23-19000-C", "index_price": 23814.98, "direction": "sell", "amount": 0.2}, {"trade_seq": 1355, "trade_id": "240701829", "timestamp": 1675332628326, "tick_direction": 3, "price": 0.225, "mark_price": 0.22455246, "iv": 58.27, "instrument_name": "BTC-31MAR23-19000-C", "index_price": 23814.98, "direction": "sell", "amount": 0.1}, {"trade_seq": 1354, "trade_id": "240701827", "timestamp": 1675332628304, "tick_direction": 3, "price": 0.225, "mark_price": 0.22455246, "iv": 58.27, "instrument_name": "BTC-31MAR23-19000-C", "index_price": 23814.98, "direction": "sell", "amount": 0.2}, {"trade_seq": 1353, "trade_id": "240701826", "timestamp": 1675332628299, "tick_direction": 3, "price": 0.225, "mark_price": 0.22455246, "iv": 58.27, "instrument_name": "BTC-31MAR23-19000-C", "index_price": 23814.98, "direction": "sell", "amount": 0.6}, {"trade_seq": 1352, "trade_id": "240701825", "timestamp": 1675332628288, "tick_direction": 3, "price": 0.225, "mark_price": 0.22455246, "iv": 58.27, "instrument_name": "BTC-31MAR23-19000-C", "index_price": 23814.98, "direction": "sell", "amount": 0.3}, {"trade_seq": 1351, "trade_id": "240701823", "timestamp": 1675332628205, "tick_direction": 3, "price": 0.225, "mark_price": 0.22455246, "iv": 58.27, "instrument_name": "BTC-31MAR23-19000-C", "index_price": 23814.98, "direction": "sell", "amount": 0.7}, {"trade_seq": 1350, "trade_id": "240701815", "timestamp": 1675332627456, "tick_direction": 3, "price": 0.225, "mark_price": 0.2245522, "iv": 58.27, "instrument_name": "BTC-31MAR23-19000-C", "index_price": 23815.13, "direction": "sell", "amount": 0.5}, {"trade_seq": 1349, "trade_id": "240701812", "timestamp": 1675332625303, "tick_direction": 3, "price": 0.225, "mark_price": 0.2245733, "iv": 58.27, "instrument_name": "BTC-31MAR23-19000-C", "index_price": 23815.32, "direction": "sell", "amount": 0.2}, {"trade_seq": 1348, "trade_id": "240701807", "timestamp": 1675332622703, "tick_direction": 3, "price": 0.225, "mark_price": 0.22457017, "iv": 58.24, "instrument_name": "BTC-31MAR23-19000-C", "index_price": 23816.29, "direction": "sell", "amount": 0.2}, {"trade_seq": 1347, "trade_id": "240701787", "timestamp": 1675332574569, "tick_direction": 3, "price": 0.225, "mark_price": 0.22468389, "iv": 58.1, "instrument_name": "BTC-31MAR23-19000-C", "index_price": 23820.43, "direction": "sell", "amount": 0.3}, {"trade_seq": 1346, "trade_id": "240701784", "timestamp": 1675332556368, "tick_direction": 2, "price": 0.225, "mark_price": 0.22473296, "iv": 58.03, "instrument_name": "BTC-31MAR23-19000-C", "index_price": 23819.52, "direction": "sell", "amount": 0.5}, {"trade_seq": 1345, "trade_id": "240701778", "timestamp": 1675332529732, "tick_direction": 0, "price": 0.2255, "mark_price": 0.22476536, "iv": 58.6, "instrument_name": "BTC-31MAR23-19000-C", "index_price": 23821.04, "direction": "sell", "amount": 1.0}, {"trade_seq": 1344, "trade_id": "240701765", "timestamp": 1675332492965, "tick_direction": 3, "price": 0.225, "mark_price": 0.22490365, "iv": 57.82, "instrument_name": "BTC-31MAR23-19000-C", "index_price": 23827.78, "direction": "sell", "amount": 0.1}, {"trade_seq": 1343, "trade_id": "240701764", "timestamp": 1675332492940, "tick_direction": 2, "price": 0.225, "mark_price": 0.22490365, "iv": 57.82, "instrument_name": "BTC-31MAR23-19000-C", "index_price": 23827.78, "direction": "sell", "amount": 0.1}, {"trade_seq": 1342, "trade_id": "240701746", "timestamp": 1675332491844, "tick_direction": 0, "price": 0.2255, "mark_price": 0.22490321, "iv": 58.43, "instrument_name": "BTC-31MAR23-19000-C", "index_price": 23827.76, "direction": "sell", "amount": 1.0}, {"trade_seq": 1341, "trade_id": "240701717", "timestamp": 1675332426341, "tick_direction": 1, "price": 0.225, "mark_price": 0.22483852, "iv": 57.9, "instrument_name": "BTC-31MAR23-19000-C", "index_price": 23825.3, "direction": "sell", "amount": 0.4}, {"trade_seq": 1340, "trade_id": "240701716", "timestamp": 1675332424114, "tick_direction": 1, "price": 0.225, "mark_price": 0.22485473, "iv": 57.89, "instrument_name": "BTC-31MAR23-19000-C", "index_price": 23825.34, "direction": "sell", "amount": 0.4}, {"trade_seq": 1339, "trade_id": "240701715", "timestamp": 1675332423329, "tick_direction": 0, "price": 0.225, "mark_price": 0.22485473, "iv": 57.87, "instrument_name": "BTC-31MAR23-19000-C", "index_price": 23825.78, "direction": "sell", "amount": 0.2}, {"trade_seq": 1338, "trade_id": "240588133", "timestamp": 1675258384333, "tick_direction": 0, "price": 0.2045, "mark_price": 0.20447665, "iv": 57.29, "instrument_name": "BTC-31MAR23-19000-C", "index_price": 23113.34, "direction": "sell", "amount": 0.1}, {"trade_seq": 1337, "trade_id": "240580723", "timestamp": 1675243357334, "tick_direction": 3, "price": 0.2005, "mark_price": 0.20138296, "iv": 56.34, "instrument_name": "BTC-31MAR23-19000-C", "index_price": 23009.86, "direction": "buy", "amount": 22.6}, {"trade_seq": 1336, "trade_id": "240580720", "timestamp": 1675243355468, "tick_direction": 3, "price": 0.2005, "mark_price": 0.2013855, "iv": 56.34, "instrument_name": "BTC-31MAR23-19000-C", "index_price": 23009.97, "direction": "buy", "amount": 0.5}, {"trade_seq": 1335, "trade_id": "240580719", "timestamp": 1675243355009, "tick_direction": 3, "price": 0.2005, "mark_price": 0.2013855, "iv": 56.34, "instrument_name": "BTC-31MAR23-19000-C", "index_price": 23009.97, "direction": "buy", "amount": 0.2}, {"trade_seq": 1334, "trade_id": "240580717", "timestamp": 1675243354292, "tick_direction": 3, "price": 0.2005, "mark_price": 0.20136948, "iv": 56.36, "instrument_name": "BTC-31MAR23-19000-C", "index_price": 23009.28, "direction": "buy", "amount": 0.1}, {"trade_seq": 1333, "trade_id": "240580716", "timestamp": 1675243354259, "tick_direction": 3, "price": 0.2005, "mark_price": 0.20136948, "iv": 56.36, "instrument_name": "BTC-31MAR23-19000-C", "index_price": 23009.28, "direction": "buy", "amount": 0.1}, {"trade_seq": 1332, "trade_id": "240580715", "timestamp": 1675243354220, "tick_direction": 3, "price": 0.2005, "mark_price": 0.20136948, "iv": 56.36, "instrument_name": "BTC-31MAR23-19000-C", "index_price": 23009.28, "direction": "buy", "amount": 0.1}, {"trade_seq": 1331, "trade_id": "240580714", "timestamp": 1675243353149, "tick_direction": 3, "price": 0.2005, "mark_price": 0.20132329, "iv": 56.4, "instrument_name": "BTC-31MAR23-19000-C", "index_price": 23007.59, "direction": "buy", "amount": 10.0}, {"trade_seq": 1330, "trade_id": "240580713", "timestamp": 1675243353146, "tick_direction": 3, "price": 0.2005, "mark_price": 0.20132329, "iv": 56.4, "instrument_name": "BTC-31MAR23-19000-C", "index_price": 23007.59, "direction": "buy", "amount": 0.2}, {"trade_seq": 1329, "trade_id": "240580689", "timestamp": 1675243352427, "tick_direction": 3, "price": 0.2005, "mark_price": 0.20118711, "iv": 56.54, "instrument_name": "BTC-31MAR23-19000-C", "index_price": 23002.78, "direction": "buy", "amount": 0.2}, {"trade_seq": 1328, "trade_id": "240580687", "timestamp": 1675243352361, "tick_direction": 3, "price": 0.2005, "mark_price": 0.20118711, "iv": 56.54, "instrument_name": "BTC-31MAR23-19000-C", "index_price": 23002.78, "direction": "buy", "amount": 0.5}, {"trade_seq": 1327, "trade_id": "240580686", "timestamp": 1675243352346, "tick_direction": 3, "price": 0.2005, "mark_price": 0.20118711, "iv": 56.54, "instrument_name": "BTC-31MAR23-19000-C", "index_price": 23002.78, "direction": "buy", "amount": 12.7}, {"trade_seq": 1326, "trade_id": "240580685", "timestamp": 1675243352345, "tick_direction": 3, "price": 0.2005, "mark_price": 0.20118711, "iv": 56.54, "instrument_name": "BTC-31MAR23-19000-C", "index_price": 23002.78, "direction": "buy", "amount": 0.2}, {"trade_seq": 1325, "trade_id": "240580678", "timestamp": 1675243352246, "tick_direction": 3, "price": 0.2005, "mark_price": 0.20118711, "iv": 56.54, "instrument_name": "BTC-31MAR23-19000-C", "index_price": 23002.78, "direction": "buy", "amount": 0.5}, {"trade_seq": 1324, "trade_id": "240580677", "timestamp": 1675243352240, "tick_direction": 3, "price": 0.2005, "mark_price": 0.20118711, "iv": 56.54, "instrument_name": "BTC-31MAR23-19000-C", "index_price": 23002.78, "direction": "buy", "amount": 0.6}, {"trade_seq": 1323, "trade_id": "240580663", "timestamp": 1675243350489, "tick_direction": 3, "price": 0.2005, "mark_price": 0.20109532, "iv": 56.64, "instrument_name": "BTC-31MAR23-19000-C", "index_price": 22999.68, "direction": "buy", "amount": 0.1}, {"trade_seq": 1322, "trade_id": "240580662", "timestamp": 1675243350189, "tick_direction": 2, "price": 0.2005, "mark_price": 0.20109532, "iv": 56.64, "instrument_name": "BTC-31MAR23-19000-C", "index_price": 22999.88, "direction": "buy", "amount": 0.8}, {"trade_seq": 1321, "trade_id": "240580622", "timestamp": 1675243213637, "tick_direction": 1, "price": 0.201, "mark_price": 0.20138514, "iv": 56.85, "instrument_name": "BTC-31MAR23-19000-C", "index_price": 23012.39, "direction": "buy", "amount": 0.6}, {"trade_seq": 1320, "trade_id": "240580603", "timestamp": 1675243170720, "tick_direction": 1, "price": 0.201, "mark_price": 0.2013254, "iv": 56.9, "instrument_name": "BTC-31MAR23-19000-C", "index_price": 23011.19, "direction": "buy", "amount": 9.9}, {"trade_seq": 1319, "trade_id": "240580595", "timestamp": 1675243168153, "tick_direction": 1, "price": 0.201, "mark_price": 0.20112292, "iv": 57.11, "instrument_name": "BTC-31MAR23-19000-C", "index_price": 23009.39, "direction": "buy", "amount": 0.6}, {"trade_seq": 1318, "trade_id": "240580503", "timestamp": 1675243130320, "tick_direction": 0, "price": 0.201, "mark_price": 0.2008645, "iv": 57.38, "instrument_name": "BTC-31MAR23-19000-C", "index_price": 22995.31, "direction": "buy", "amount": 5.0}, {"trade_seq": 1317, "trade_id": "240580288", "timestamp": 1675242753391, "tick_direction": 0, "price": 0.2, "mark_price": 0.20026204, "iv": 57.13, "instrument_name": "BTC-31MAR23-19000-C", "index_price": 22971.43, "direction": "buy", "amount": 17.3}, {"trade_seq": 1316, "trade_id": "240580287", "timestamp": 1675242753135, "tick_direction": 1, "price": 0.1995, "mark_price": 0.20026204, "iv": 56.62, "instrument_name": "BTC-31MAR23-19000-C", "index_price": 22971.43, "direction": "buy", "amount": 22.1}, {"trade_seq": 1315, "trade_id": "240580280", "timestamp": 1675242747627, "tick_direction": 1, "price": 0.1995, "mark_price": 0.20022862, "iv": 56.66, "instrument_name": "BTC-31MAR23-19000-C", "index_price": 22968.35, "direction": "buy", "amount": 1.8}, {"trade_seq": 1314, "trade_id": "240580278", "timestamp": 1675242746873, "tick_direction": 1, "price": 0.1995, "mark_price": 0.20020994, "iv": 56.66, "instrument_name": "BTC-31MAR23-19000-C", "index_price": 22968.35, "direction": "buy", "amount": 0.1}, {"trade_seq": 1313, "trade_id": "240580274", "timestamp": 1675242743385, "tick_direction": 0, "price": 0.1995, "mark_price": 0.20020025, "iv": 56.69, "instrument_name": "BTC-31MAR23-19000-C", "index_price": 22966.28, "direction": "buy", "amount": 2.0}, {"trade_seq": 1312, "trade_id": "240580220", "timestamp": 1675242718832, "tick_direction": 1, "price": 0.199, "mark_price": 0.19991948, "iv": 56.47, "instrument_name": "BTC-31MAR23-19000-C", "index_price": 22952.39, "direction": "buy", "amount": 9.9}, {"trade_seq": 1311, "trade_id": "240580219", "timestamp": 1675242718827, "tick_direction": 1, "price": 0.199, "mark_price": 0.19991948, "iv": 56.47, "instrument_name": "BTC-31MAR23-19000-C", "index_price": 22952.39, "direction": "buy", "amount": 0.7}, {"trade_seq": 1310, "trade_id": "240580218", "timestamp": 1675242718807, "tick_direction": 1, "price": 0.199, "mark_price": 0.19991948, "iv": 56.47, "instrument_name": "BTC-31MAR23-19000-C", "index_price": 22952.39, "direction": "buy", "amount": 12.8}, {"trade_seq": 1309, "trade_id": "240580216", "timestamp": 1675242718760, "tick_direction": 1, "price": 0.199, "mark_price": 0.19991948, "iv": 56.47, "instrument_name": "BTC-31MAR23-19000-C", "index_price": 22952.39, "direction": "buy", "amount": 0.4}, {"trade_seq": 1308, "trade_id": "240580209", "timestamp": 1675242715140, "tick_direction": 1, "price": 0.199, "mark_price": 0.19987375, "iv": 56.51, "instrument_name": "BTC-31MAR23-19000-C", "index_price": 22950.54, "direction": "buy", "amount": 0.3}, {"trade_seq": 1307, "trade_id": "240580205", "timestamp": 1675242714754, "tick_direction": 1, "price": 0.199, "mark_price": 0.19987375, "iv": 56.51, "instrument_name": "BTC-31MAR23-19000-C", "index_price": 22950.54, "direction": "buy", "amount": 1.8}, {"trade_seq": 1306, "trade_id": "240580188", "timestamp": 1675242685996, "tick_direction": 1, "price": 0.199, "mark_price": 0.1998848, "iv": 56.51, "instrument_name": "BTC-31MAR23-19000-C", "index_price": 22949.66, "direction": "buy", "amount": 0.1}, {"trade_seq": 1305, "trade_id": "240580163", "timestamp": 1675242645226, "tick_direction": 1, "price": 0.199, "mark_price": 0.19997053, "iv": 56.45, "instrument_name": "BTC-31MAR23-19000-C", "index_price": 22952.61, "direction": "buy", "amount": 26.0}, {"trade_seq": 1304, "trade_id": "240580152", "timestamp": 1675242634557, "tick_direction": 1, "price": 0.199, "mark_price": 0.20000221, "iv": 56.42, "instrument_name": "BTC-31MAR23-19000-C", "index_price": 22954.11, "direction": "buy", "amount": 26.0}, {"trade_seq": 1303, "trade_id": "240580122", "timestamp": 1675242598600, "tick_direction": 1, "price": 0.199, "mark_price": 0.20001455, "iv": 56.41, "instrument_name": "BTC-31MAR23-19000-C", "index_price": 22952.25, "direction": "buy", "amount": 26.0}, {"trade_seq": 1302, "trade_id": "240580088", "timestamp": 1675242590744, "tick_direction": 1, "price": 0.199, "mark_price": 0.19985135, "iv": 56.56, "instrument_name": "BTC-31MAR23-19000-C", "index_price": 22946.46, "direction": "buy", "amount": 2.2}, {"trade_seq": 1301, "trade_id": "240580087", "timestamp": 1675242590738, "tick_direction": 1, "price": 0.199, "mark_price": 0.19985135, "iv": 56.56, "instrument_name": "BTC-31MAR23-19000-C", "index_price": 22946.46, "direction": "buy", "amount": 15.0}, {"trade_seq": 1300, "trade_id": "240580086", "timestamp": 1675242590730, "tick_direction": 1, "price": 0.199, "mark_price": 0.19985135, "iv": 56.56, "instrument_name": "BTC-31MAR23-19000-C", "index_price": 22946.46, "direction": "buy", "amount": 0.1}, {"trade_seq": 1299, "trade_id": "240580085", "timestamp": 1675242586607, "tick_direction": 1, "price": 0.199, "mark_price": 0.19990244, "iv": 56.53, "instrument_name": "BTC-31MAR23-19000-C", "index_price": 22947.75, "direction": "buy", "amount": 5.0}, {"trade_seq": 1298, "trade_id": "240580084", "timestamp": 1675242584936, "tick_direction": 1, "price": 0.199, "mark_price": 0.19984681, "iv": 56.59, "instrument_name": "BTC-31MAR23-19000-C", "index_price": 22945.83, "direction": "buy", "amount": 1.9}, {"trade_seq": 1297, "trade_id": "240580074", "timestamp": 1675242580733, "tick_direction": 1, "price": 0.199, "mark_price": 0.19978236, "iv": 56.65, "instrument_name": "BTC-31MAR23-19000-C", "index_price": 22943.32, "direction": "buy", "amount": 0.1}, {"trade_seq": 1296, "trade_id": "240580073", "timestamp": 1675242580308, "tick_direction": 1, "price": 0.199, "mark_price": 0.19978236, "iv": 56.65, "instrument_name": "BTC-31MAR23-19000-C", "index_price": 22943.21, "direction": "buy", "amount": 1.3}, {"trade_seq": 1295, "trade_id": "240580070", "timestamp": 1675242577603, "tick_direction": 1, "price": 0.199, "mark_price": 0.19967707, "iv": 56.72, "instrument_name": "BTC-31MAR23-19000-C", "index_price": 22940.64, "direction": "buy", "amount": 0.4}, {"trade_seq": 1294, "trade_id": "240580057", "timestamp": 1675242566906, "tick_direction": 0, "price": 0.199, "mark_price": 0.19941149, "iv": 56.93, "instrument_name": "BTC-31MAR23-19000-C", "index_price": 22934.46, "direction": "buy", "amount": 0.6}, {"trade_seq": 1293, "trade_id": "240579818", "timestamp": 1675242509164, "tick_direction": 3, "price": 0.195, "mark_price": 0.19976733, "iv": 52.54, "instrument_name": "BTC-31MAR23-19000-C", "index_price": 22940.27, "direction": "sell", "amount": 5.8}, {"trade_seq": 1292, "trade_id": "240579817", "timestamp": 1675242509164, "tick_direction": 2, "price": 0.195, "mark_price": 0.19976733, "iv": 52.54, "instrument_name": "BTC-31MAR23-19000-C", "index_price": 22940.27, "direction": "sell", "amount": 11.0}, {"trade_seq": 1291, "trade_id": "240579816", "timestamp": 1675242509164, "tick_direction": 2, "price": 0.1975, "mark_price": 0.19976733, "iv": 55.17, "instrument_name": "BTC-31MAR23-19000-C", "index_price": 22940.27, "direction": "sell", "amount": 4.6}, {"trade_seq": 1290, "trade_id": "240579815", "timestamp": 1675242509164, "tick_direction": 2, "price": 0.198, "mark_price": 0.19976733, "iv": 55.69, "instrument_name": "BTC-31MAR23-19000-C", "index_price": 22940.27, "direction": "sell", "amount": 4.6}, {"trade_seq": 1289, "trade_id": "240579784", "timestamp": 1675242505770, "tick_direction": 2, "price": 0.1995, "mark_price": 0.19989682, "iv": 57.08, "instrument_name": "BTC-31MAR23-19000-C", "index_price": 22945.36, "direction": "buy", "amount": 0.2}, {"trade_seq": 1288, "trade_id": "240579426", "timestamp": 1675242257073, "tick_direction": 1, "price": 0.2, "mark_price": 0.20044937, "iv": 57.09, "instrument_name": "BTC-31MAR23-19000-C", "index_price": 22963.72, "direction": "buy", "amount": 5.0}, {"trade_seq": 1287, "trade_id": "240579382", "timestamp": 1675242206910, "tick_direction": 1, "price": 0.2, "mark_price": 0.20053526, "iv": 57.01, "instrument_name": "BTC-31MAR23-19000-C", "index_price": 22971.0, "direction": "buy", "amount": 2.0}, {"trade_seq": 1286, "trade_id": "240579379", "timestamp": 1675242176373, "tick_direction": 1, "price": 0.2, "mark_price": 0.20051273, "iv": 57.03, "instrument_name": "BTC-31MAR23-19000-C", "index_price": 22969.47, "direction": "buy", "amount": 20.0}, {"trade_seq": 1285, "trade_id": "240579370", "timestamp": 1675242136931, "tick_direction": 0, "price": 0.2, "mark_price": 0.20052908, "iv": 57.03, "instrument_name": "BTC-31MAR23-19000-C", "index_price": 22969.61, "direction": "buy", "amount": 10.0}, {"trade_seq": 1284, "trade_id": "240579250", "timestamp": 1675241991732, "tick_direction": 3, "price": 0.199, "mark_price": 0.20082278, "iv": 55.75, "instrument_name": "BTC-31MAR23-19000-C", "index_price": 22981.44, "direction": "sell", "amount": 5.2}, {"trade_seq": 1283, "trade_id": "240579249", "timestamp": 1675241991732, "tick_direction": 2, "price": 0.199, "mark_price": 0.20082278, "iv": 55.75, "instrument_name": "BTC-31MAR23-19000-C", "index_price": 22981.44, "direction": "sell", "amount": 4.8}, {"trade_seq": 1282, "trade_id": "240579231", "timestamp": 1675241976221, "tick_direction": 3, "price": 0.2, "mark_price": 0.20069918, "iv": 56.79, "instrument_name": "BTC-31MAR23-19000-C", "index_price": 22980.2, "direction": "buy", "amount": 2.5}, {"trade_seq": 1281, "trade_id": "240579227", "timestamp": 1675241975262, "tick_direction": 3, "price": 0.2, "mark_price": 0.20069587, "iv": 56.9, "instrument_name": "BTC-31MAR23-19000-C", "index_price": 22976.27, "direction": "buy", "amount": 0.1}, {"trade_seq": 1280, "trade_id": "240579225", "timestamp": 1675241975251, "tick_direction": 3, "price": 0.2, "mark_price": 0.20069587, "iv": 56.9, "instrument_name": "BTC-31MAR23-19000-C", "index_price": 22976.27, "direction": "buy", "amount": 0.2}, {"trade_seq": 1279, "trade_id": "240579224", "timestamp": 1675241975222, "tick_direction": 3, "price": 0.2, "mark_price": 0.20069587, "iv": 56.9, "instrument_name": "BTC-31MAR23-19000-C", "index_price": 22976.27, "direction": "buy", "amount": 0.5}, {"trade_seq": 1278, "trade_id": "240579220", "timestamp": 1675241975201, "tick_direction": 3, "price": 0.2, "mark_price": 0.20069587, "iv": 56.9, "instrument_name": "BTC-31MAR23-19000-C", "index_price": 22976.27, "direction": "buy", "amount": 0.2}, {"trade_seq": 1277, "trade_id": "240579213", "timestamp": 1675241975134, "tick_direction": 3, "price": 0.2, "mark_price": 0.20069587, "iv": 56.9, "instrument_name": "BTC-31MAR23-19000-C", "index_price": 22976.27, "direction": "buy", "amount": 0.3}, {"trade_seq": 1276, "trade_id": "240579212", "timestamp": 1675241975132, "tick_direction": 3, "price": 0.2, "mark_price": 0.20069587, "iv": 56.9, "instrument_name": "BTC-31MAR23-19000-C", "index_price": 22976.27, "direction": "buy", "amount": 0.4}, {"trade_seq": 1275, "trade_id": "240579196", "timestamp": 1675241942468, "tick_direction": 3, "price": 0.2, "mark_price": 0.20060598, "iv": 57.01, "instrument_name": "BTC-31MAR23-19000-C", "index_price": 22972.94, "direction": "buy", "amount": 5.0}, {"trade_seq": 1274, "trade_id": "240579188", "timestamp": 1675241923107, "tick_direction": 3, "price": 0.2, "mark_price": 0.20079552, "iv": 56.82, "instrument_name": "BTC-31MAR23-19000-C", "index_price": 22979.23, "direction": "buy", "amount": 15.0}, {"trade_seq": 1273, "trade_id": "240579186", "timestamp": 1675241921836, "tick_direction": 3, "price": 0.2, "mark_price": 0.20071197, "iv": 56.91, "instrument_name": "BTC-31MAR23-19000-C", "index_price": 22976.09, "direction": "buy", "amount": 0.4}, {"trade_seq": 1272, "trade_id": "240579185", "timestamp": 1675241921807, "tick_direction": 3, "price": 0.2, "mark_price": 0.20071197, "iv": 56.91, "instrument_name": "BTC-31MAR23-19000-C", "index_price": 22976.09, "direction": "buy", "amount": 0.2}, {"trade_seq": 1271, "trade_id": "240579153", "timestamp": 1675241872158, "tick_direction": 3, "price": 0.2, "mark_price": 0.20062188, "iv": 57.03, "instrument_name": "BTC-31MAR23-19000-C", "index_price": 22970.57, "direction": "buy", "amount": 0.2}, {"trade_seq": 1270, "trade_id": "240579145", "timestamp": 1675241857614, "tick_direction": 3, "price": 0.2, "mark_price": 0.20062859, "iv": 57.02, "instrument_name": "BTC-31MAR23-19000-C", "index_price": 22970.53, "direction": "buy", "amount": 2.5}, {"trade_seq": 1269, "trade_id": "240579141", "timestamp": 1675241849586, "tick_direction": 2, "price": 0.2, "mark_price": 0.2006715, "iv": 56.97, "instrument_name": "BTC-31MAR23-19000-C", "index_price": 22971.66, "direction": "buy", "amount": 0.5}, {"trade_seq": 1268, "trade_id": "240579096", "timestamp": 1675241732089, "tick_direction": 3, "price": 0.2005, "mark_price": 0.20102986, "iv": 57.15, "instrument_name": "BTC-31MAR23-19000-C", "index_price": 22984.83, "direction": "buy", "amount": 0.1}, {"trade_seq": 1267, "trade_id": "240579095", "timestamp": 1675241729350, "tick_direction": 3, "price": 0.2005, "mark_price": 0.20111901, "iv": 57.07, "instrument_name": "BTC-31MAR23-19000-C", "index_price": 22987.86, "direction": "buy", "amount": 1.4}, {"trade_seq": 1266, "trade_id": "240579094", "timestamp": 1675241727661, "tick_direction": 3, "price": 0.2005, "mark_price": 0.20111288, "iv": 57.07, "instrument_name": "BTC-31MAR23-19000-C", "index_price": 22987.45, "direction": "buy", "amount": 1.5}, {"trade_seq": 1265, "trade_id": "240579089", "timestamp": 1675241693917, "tick_direction": 3, "price": 0.2005, "mark_price": 0.20089832, "iv": 57.19, "instrument_name": "BTC-31MAR23-19000-C", "index_price": 22982.52, "direction": "buy", "amount": 0.4}, {"trade_seq": 1264, "trade_id": "240579086", "timestamp": 1675241693294, "tick_direction": 3, "price": 0.2005, "mark_price": 0.20085025, "iv": 57.3, "instrument_name": "BTC-31MAR23-19000-C", "index_price": 22978.67, "direction": "buy", "amount": 0.3}, {"trade_seq": 1263, "trade_id": "240579020", "timestamp": 1675241571606, "tick_direction": 3, "price": 0.2005, "mark_price": 0.20124681, "iv": 56.99, "instrument_name": "BTC-31MAR23-19000-C", "index_price": 22988.97, "direction": "buy", "amount": 26.0}, {"trade_seq": 1262, "trade_id": "240578985", "timestamp": 1675241499405, "tick_direction": 2, "price": 0.2005, "mark_price": 0.20115574, "iv": 57.19, "instrument_name": "BTC-31MAR23-19000-C", "index_price": 22980.44, "direction": "buy", "amount": 2.0}, {"trade_seq": 1261, "trade_id": "240578825", "timestamp": 1675241177227, "tick_direction": 3, "price": 0.201, "mark_price": 0.2020487, "iv": 57.05, "instrument_name": "BTC-31MAR23-19000-C", "index_price": 23002.39, "direction": "buy", "amount": 8.3}, {"trade_seq": 1260, "trade_id": "240578819", "timestamp": 1675241175681, "tick_direction": 3, "price": 0.201, "mark_price": 0.2020944, "iv": 57.02, "instrument_name": "BTC-31MAR23-19000-C", "index_price": 23003.46, "direction": "buy", "amount": 4.2}, {"trade_seq": 1259, "trade_id": "240578798", "timestamp": 1675241166509, "tick_direction": 3, "price": 0.201, "mark_price": 0.20227961, "iv": 56.82, "instrument_name": "BTC-31MAR23-19000-C", "index_price": 23009.4, "direction": "buy", "amount": 22.1}, {"trade_seq": 1258, "trade_id": "240578797", "timestamp": 1675241166504, "tick_direction": 3, "price": 0.201, "mark_price": 0.20227961, "iv": 56.82, "instrument_name": "BTC-31MAR23-19000-C", "index_price": 23009.4, "direction": "buy", "amount": 4.4}, {"trade_seq": 1257, "trade_id": "240578796", "timestamp": 1675241166502, "tick_direction": 3, "price": 0.201, "mark_price": 0.20227961, "iv": 56.82, "instrument_name": "BTC-31MAR23-19000-C", "index_price": 23009.4, "direction": "sell", "amount": 10.0}, {"trade_seq": 1256, "trade_id": "240578795", "timestamp": 1675241166502, "tick_direction": 2, "price": 0.201, "mark_price": 0.20227961, "iv": 56.82, "instrument_name": "BTC-31MAR23-19000-C", "index_price": 23009.4, "direction": "sell", "amount": 1.0}, {"trade_seq": 1255, "trade_id": "240578787", "timestamp": 1675241151741, "tick_direction": 0, "price": 0.2015, "mark_price": 0.20228517, "iv": 57.36, "instrument_name": "BTC-31MAR23-19000-C", "index_price": 23008.27, "direction": "buy", "amount": 1.1}, {"trade_seq": 1254, "trade_id": "240578666", "timestamp": 1675241111796, "tick_direction": 3, "price": 0.201, "mark_price": 0.20189867, "iv": 57.28, "instrument_name": "BTC-31MAR23-19000-C", "index_price": 22994.44, "direction": "buy", "amount": 13.3}, {"trade_seq": 1253, "trade_id": "240578665", "timestamp": 1675241109249, "tick_direction": 3, "price": 0.201, "mark_price": 0.20194823, "iv": 57.28, "instrument_name": "BTC-31MAR23-19000-C", "index_price": 22995.03, "direction": "buy", "amount": 16.8}, {"trade_seq": 1252, "trade_id": "240578663", "timestamp": 1675241105787, "tick_direction": 2, "price": 0.201, "mark_price": 0.20193711, "iv": 57.24, "instrument_name": "BTC-31MAR23-19000-C", "index_price": 22996.8, "direction": "buy", "amount": 19.9}, {"trade_seq": 1251, "trade_id": "240578652", "timestamp": 1675241073345, "tick_direction": 0, "price": 0.2015, "mark_price": 0.20213446, "iv": 57.6, "instrument_name": "BTC-31MAR23-19000-C", "index_price": 23002.05, "direction": "buy", "amount": 10.0}, {"trade_seq": 1250, "trade_id": "240578590", "timestamp": 1675241059139, "tick_direction": 3, "price": 0.201, "mark_price": 0.20211233, "iv": 57.14, "instrument_name": "BTC-31MAR23-19000-C", "index_price": 23000.11, "direction": "buy", "amount": 22.0}, {"trade_seq": 1249, "trade_id": "240578589", "timestamp": 1675241059107, "tick_direction": 3, "price": 0.201, "mark_price": 0.20211233, "iv": 57.14, "instrument_name": "BTC-31MAR23-19000-C", "index_price": 23000.11, "direction": "buy", "amount": 2.0}, {"trade_seq": 1248, "trade_id": "240578588", "timestamp": 1675241059105, "tick_direction": 2, "price": 0.201, "mark_price": 0.20211233, "iv": 57.14, "instrument_name": "BTC-31MAR23-19000-C", "index_price": 23000.11, "direction": "sell", "amount": 1.0}, {"trade_seq": 1247, "trade_id": "240578587", "timestamp": 1675241058128, "tick_direction": 1, "price": 0.2015, "mark_price": 0.20208792, "iv": 57.68, "instrument_name": "BTC-31MAR23-19000-C", "index_price": 22999.33, "direction": "buy", "amount": 15.0}, {"trade_seq": 1246, "trade_id": "240578579", "timestamp": 1675241031423, "tick_direction": 0, "price": 0.2015, "mark_price": 0.20211353, "iv": 57.65, "instrument_name": "BTC-31MAR23-19000-C", "index_price": 22999.66, "direction": "buy", "amount": 25.0}, {"trade_seq": 1245, "trade_id": "240578542", "timestamp": 1675241024248, "tick_direction": 3, "price": 0.201, "mark_price": 0.20213643, "iv": 57.12, "instrument_name": "BTC-31MAR23-19000-C", "index_price": 23000.61, "direction": "buy", "amount": 23.7}, {"trade_seq": 1244, "trade_id": "240578541", "timestamp": 1675241024248, "tick_direction": 3, "price": 0.201, "mark_price": 0.20213643, "iv": 57.12, "instrument_name": "BTC-31MAR23-19000-C", "index_price": 23000.61, "direction": "buy", "amount": 0.3}, {"trade_seq": 1243, "trade_id": "240578540", "timestamp": 1675241024247, "tick_direction": 2, "price": 0.201, "mark_price": 0.20213643, "iv": 57.12, "instrument_name": "BTC-31MAR23-19000-C", "index_price": 23000.61, "direction": "buy", "amount": 1.0}, {"trade_seq": 1242, "trade_id": "240578461", "timestamp": 1675240966975, "tick_direction": 1, "price": 0.2015, "mark_price": 0.20221152, "iv": 57.56, "instrument_name": "BTC-31MAR23-19000-C", "index_price": 23004.16, "direction": "buy", "amount": 25.0}, {"trade_seq": 1241, "trade_id": "240578451", "timestamp": 1675240943648, "tick_direction": 1, "price": 0.2015, "mark_price": 0.2022208, "iv": 57.55, "instrument_name": "BTC-31MAR23-19000-C", "index_price": 23004.04, "direction": "buy", "amount": 1.4}, {"trade_seq": 1240, "trade_id": "240578436", "timestamp": 1675240934222, "tick_direction": 1, "price": 0.2015, "mark_price": 0.20228279, "iv": 57.49, "instrument_name": "BTC-31MAR23-19000-C", "index_price": 23005.39, "direction": "buy", "amount": 8.9}, {"trade_seq": 1239, "trade_id": "240578435", "timestamp": 1675240934220, "tick_direction": 1, "price": 0.2015, "mark_price": 0.20228279, "iv": 57.49, "instrument_name": "BTC-31MAR23-19000-C", "index_price": 23005.39, "direction": "buy", "amount": 13.4}, {"trade_seq": 1238, "trade_id": "240578434", "timestamp": 1675240934220, "tick_direction": 0, "price": 0.2015, "mark_price": 0.20228279, "iv": 57.49, "instrument_name": "BTC-31MAR23-19000-C", "index_price": 23005.39, "direction": "buy", "amount": 1.3}, {"trade_seq": 1237, "trade_id": "240578417", "timestamp": 1675240902163, "tick_direction": 1, "price": 0.201, "mark_price": 0.20225318, "iv": 57.01, "instrument_name": "BTC-31MAR23-19000-C", "index_price": 23000.94, "direction": "buy", "amount": 8.0}, {"trade_seq": 1236, "trade_id": "240578416", "timestamp": 1675240902163, "tick_direction": 1, "price": 0.201, "mark_price": 0.20225318, "iv": 57.01, "instrument_name": "BTC-31MAR23-19000-C", "index_price": 23000.94, "direction": "buy", "amount": 17.0}, {"trade_seq": 1235, "trade_id": "240577911", "timestamp": 1675240200095, "tick_direction": 0, "price": 0.201, "mark_price": 0.20141778, "iv": 58.01, "instrument_name": "BTC-31MAR23-19000-C", "index_price": 22966.53, "direction": "buy", "amount": 1.3}, {"trade_seq": 1234, "trade_id": "240577575", "timestamp": 1675240068286, "tick_direction": 2, "price": 0.2003, "mark_price": 0.20224508, "iv": 56.6, "instrument_name": "BTC-31MAR23-19000-C", "index_price": 22986.08, "direction": "sell", "block_trade_id": "63341", "amount": 25.0}, {"trade_seq": 1233, "trade_id": "240577351", "timestamp": 1675239926135, "tick_direction": 2, "price": 0.2023, "mark_price": 0.20280963, "iv": 58.11, "instrument_name": "BTC-31MAR23-19000-C", "index_price": 23004.52, "direction": "buy", "block_trade_id": "63340", "amount": 25.0}, {"trade_seq": 1232, "trade_id": "240577145", "timestamp": 1675239759253, "tick_direction": 1, "price": 0.2025, "mark_price": 0.20294431, "iv": 58.15, "instrument_name": "BTC-31MAR23-19000-C", "index_price": 23009.43, "direction": "buy", "amount": 0.8}, {"trade_seq": 1231, "trade_id": "240577144", "timestamp": 1675239759249, "tick_direction": 1, "price": 0.2025, "mark_price": 0.20294431, "iv": 58.15, "instrument_name": "BTC-31MAR23-19000-C", "index_price": 23009.43, "direction": "buy", "amount": 0.2}, {"trade_seq": 1230, "trade_id": "240577143", "timestamp": 1675239759246, "tick_direction": 1, "price": 0.2025, "mark_price": 0.20294431, "iv": 58.15, "instrument_name": "BTC-31MAR23-19000-C", "index_price": 23009.43, "direction": "buy", "amount": 0.9}, {"trade_seq": 1229, "trade_id": "240577115", "timestamp": 1675239754036, "tick_direction": 1, "price": 0.2025, "mark_price": 0.20278802, "iv": 58.32, "instrument_name": "BTC-31MAR23-19000-C", "index_price": 23003.64, "direction": "buy", "amount": 1.3}, {"trade_seq": 1228, "trade_id": "240577111", "timestamp": 1675239753986, "tick_direction": 1, "price": 0.2025, "mark_price": 0.20278802, "iv": 58.45, "instrument_name": "BTC-31MAR23-19000-C", "index_price": 22998.58, "direction": "buy", "amount": 0.6}, {"trade_seq": 1227, "trade_id": "240577110", "timestamp": 1675239753983, "tick_direction": 1, "price": 0.2025, "mark_price": 0.20278802, "iv": 58.45, "instrument_name": "BTC-31MAR23-19000-C", "index_price": 22998.58, "direction": "buy", "amount": 0.1}, {"trade_seq": 1226, "trade_id": "240577109", "timestamp": 1675239753978, "tick_direction": 0, "price": 0.2025, "mark_price": 0.20278802, "iv": 58.45, "instrument_name": "BTC-31MAR23-19000-C", "index_price": 22998.58, "direction": "buy", "amount": 1.0}, {"trade_seq": 1225, "trade_id": "240577077", "timestamp": 1675239750636, "tick_direction": 1, "price": 0.202, "mark_price": 0.20246548, "iv": 58.28, "instrument_name": "BTC-31MAR23-19000-C", "index_price": 22985.67, "direction": "buy", "amount": 18.3}, {"trade_seq": 1224, "trade_id": "240577076", "timestamp": 1675239750565, "tick_direction": 1, "price": 0.202, "mark_price": 0.20246548, "iv": 58.28, "instrument_name": "BTC-31MAR23-19000-C", "index_price": 22985.67, "direction": "buy", "amount": 0.2}, {"trade_seq": 1223, "trade_id": "240577073", "timestamp": 1675239750492, "tick_direction": 1, "price": 0.202, "mark_price": 0.20246548, "iv": 58.28, "instrument_name": "BTC-31MAR23-19000-C", "index_price": 22985.67, "direction": "buy", "amount": 0.1}, {"trade_seq": 1222, "trade_id": "240577072", "timestamp": 1675239750486, "tick_direction": 1, "price": 0.202, "mark_price": 0.20246548, "iv": 58.28, "instrument_name": "BTC-31MAR23-19000-C", "index_price": 22985.67, "direction": "buy", "amount": 0.6}, {"trade_seq": 1221, "trade_id": "240577071", "timestamp": 1675239750479, "tick_direction": 1, "price": 0.202, "mark_price": 0.20246548, "iv": 58.28, "instrument_name": "BTC-31MAR23-19000-C", "index_price": 22985.67, "direction": "buy", "amount": 0.5}, {"trade_seq": 1220, "trade_id": "240577070", "timestamp": 1675239750462, "tick_direction": 1, "price": 0.202, "mark_price": 0.20246548, "iv": 58.28, "instrument_name": "BTC-31MAR23-19000-C", "index_price": 22985.67, "direction": "buy", "amount": 0.1}, {"trade_seq": 1219, "trade_id": "240577064", "timestamp": 1675239749576, "tick_direction": 1, "price": 0.202, "mark_price": 0.20240369, "iv": 58.35, "instrument_name": "BTC-31MAR23-19000-C", "index_price": 22982.77, "direction": "buy", "amount": 0.3}, {"trade_seq": 1218, "trade_id": "240577063", "timestamp": 1675239749574, "tick_direction": 1, "price": 0.202, "mark_price": 0.20240369, "iv": 58.35, "instrument_name": "BTC-31MAR23-19000-C", "index_price": 22982.77, "direction": "buy", "amount": 0.8}, {"trade_seq": 1217, "trade_id": "240577062", "timestamp": 1675239749572, "tick_direction": 1, "price": 0.202, "mark_price": 0.20240369, "iv": 58.35, "instrument_name": "BTC-31MAR23-19000-C", "index_price": 22982.77, "direction": "buy", "amount": 1.2}, {"trade_seq": 1216, "trade_id": "240577060", "timestamp": 1675239749568, "tick_direction": 1, "price": 0.202, "mark_price": 0.20240369, "iv": 58.35, "instrument_name": "BTC-31MAR23-19000-C", "index_price": 22982.77, "direction": "buy", "amount": 1.4}, {"trade_seq": 1215, "trade_id": "240577059", "timestamp": 1675239749560, "tick_direction": 1, "price": 0.202, "mark_price": 0.20240369, "iv": 58.35, "instrument_name": "BTC-31MAR23-19000-C", "index_price": 22982.77, "direction": "buy", "amount": 0.2}, {"trade_seq": 1214, "trade_id": "240577056", "timestamp": 1675239748885, "tick_direction": 1, "price": 0.202, "mark_price": 0.20221503, "iv": 58.53, "instrument_name": "BTC-31MAR23-19000-C", "index_price": 22975.33, "direction": "buy", "amount": 0.4}, {"trade_seq": 1213, "trade_id": "240577055", "timestamp": 1675239748880, "tick_direction": 0, "price": 0.202, "mark_price": 0.20221503, "iv": 58.53, "instrument_name": "BTC-31MAR23-19000-C", "index_price": 22975.33, "direction": "buy", "amount": 0.9}, {"trade_seq": 1212, "trade_id": "240518109", "timestamp": 1675151771397, "tick_direction": 0, "price": 0.2, "mark_price": 0.19939049, "iv": 56.8, "instrument_name": "BTC-31MAR23-19000-C", "index_price": 22964.25, "direction": "sell", "amount": 3.1}, {"trade_seq": 1211, "trade_id": "240493907", "timestamp": 1675109790312, "tick_direction": 3, "price": 0.194, "mark_price": 0.19391281, "iv": 56.24, "instrument_name": "BTC-31MAR23-19000-C", "index_price": 22748.44, "direction": "sell", "amount": 0.3}, {"trade_seq": 1210, "trade_id": "240493906", "timestamp": 1675109790295, "tick_direction": 3, "price": 0.194, "mark_price": 0.19391281, "iv": 56.24, "instrument_name": "BTC-31MAR23-19000-C", "index_price": 22748.44, "direction": "sell", "amount": 0.2}, {"trade_seq": 1209, "trade_id": "240493900", "timestamp": 1675109788373, "tick_direction": 3, "price": 0.194, "mark_price": 0.19402765, "iv": 56.13, "instrument_name": "BTC-31MAR23-19000-C", "index_price": 22752.84, "direction": "sell", "amount": 0.1}, {"trade_seq": 1208, "trade_id": "240493899", "timestamp": 1675109788361, "tick_direction": 3, "price": 0.194, "mark_price": 0.19402765, "iv": 56.13, "instrument_name": "BTC-31MAR23-19000-C", "index_price": 22752.84, "direction": "sell", "amount": 0.3}, {"trade_seq": 1207, "trade_id": "240493895", "timestamp": 1675109788219, "tick_direction": 2, "price": 0.194, "mark_price": 0.19402765, "iv": 56.13, "instrument_name": "BTC-31MAR23-19000-C", "index_price": 22752.84, "direction": "sell", "amount": 0.1}, {"trade_seq": 1206, "trade_id": "240474815", "timestamp": 1675091697833, "tick_direction": 0, "price": 0.2075, "mark_price": 0.20825434, "iv": 55.96, "instrument_name": "BTC-31MAR23-19000-C", "index_price": 23236.68, "direction": "buy", "amount": 0.1}, {"trade_seq": 1205, "trade_id": "240467228", "timestamp": 1675082439345, "tick_direction": 3, "price": 0.2005, "mark_price": 0.20108066, "iv": 55.53, "instrument_name": "BTC-31MAR23-19000-C", "index_price": 22991.29, "direction": "sell", "amount": 0.5}, {"trade_seq": 1204, "trade_id": "240467226", "timestamp": 1675082439316, "tick_direction": 3, "price": 0.2005, "mark_price": 0.20108066, "iv": 55.53, "instrument_name": "BTC-31MAR23-19000-C", "index_price": 22991.29, "direction": "sell", "amount": 0.3}, {"trade_seq": 1203, "trade_id": "240467225", "timestamp": 1675082439288, "tick_direction": 3, "price": 0.2005, "mark_price": 0.20108066, "iv": 55.53, "instrument_name": "BTC-31MAR23-19000-C", "index_price": 22991.29, "direction": "sell", "amount": 0.1}, {"trade_seq": 1202, "trade_id": "240467223", "timestamp": 1675082439278, "tick_direction": 2, "price": 0.2005, "mark_price": 0.20108066, "iv": 55.53, "instrument_name": "BTC-31MAR23-19000-C", "index_price": 22991.29, "direction": "sell", "amount": 0.1}, {"trade_seq": 1201, "trade_id": "240451145", "timestamp": 1675070363412, "tick_direction": 2, "price": 0.208, "mark_price": 0.21181572, "iv": 52.92, "instrument_name": "BTC-31MAR23-19000-C", "index_price": 23335.29, "direction": "sell", "amount": 0.1}, {"trade_seq": 1200, "trade_id": "240400340", "timestamp": 1675006817437, "tick_direction": 0, "price": 0.2185, "mark_price": 0.21833555, "iv": 58.54, "instrument_name": "BTC-31MAR23-19000-C", "index_price": 23514.69, "direction": "sell", "amount": 0.6}, {"trade_seq": 1199, "trade_id": "240389918", "timestamp": 1674995689517, "tick_direction": 0, "price": 0.2145, "mark_price": 0.2143269, "iv": 57.93, "instrument_name": "BTC-31MAR23-19000-C", "index_price": 23388.51, "direction": "sell", "amount": 0.5}, {"trade_seq": 1198, "trade_id": "240389917", "timestamp": 1674995689330, "tick_direction": 2, "price": 0.214, "mark_price": 0.2143269, "iv": 57.41, "instrument_name": "BTC-31MAR23-19000-C", "index_price": 23388.51, "direction": "sell", "amount": 0.5}, {"trade_seq": 1197, "trade_id": "240312746", "timestamp": 1674849992448, "tick_direction": 0, "price": 0.215, "mark_price": 0.21492638, "iv": 58.35, "instrument_name": "BTC-31MAR23-19000-C", "index_price": 23377.63, "direction": "buy", "amount": 0.9}, {"trade_seq": 1196, "trade_id": "240266267", "timestamp": 1674806459926, "tick_direction": 3, "price": 0.2075, "mark_price": 0.20714763, "iv": 58.42, "instrument_name": "BTC-31MAR23-19000-C", "index_price": 23070.1, "direction": "sell", "amount": 0.1}, {"trade_seq": 1195, "trade_id": "240265580", "timestamp": 1674806287381, "tick_direction": 3, "price": 0.2075, "mark_price": 0.2070585, "iv": 58.5, "instrument_name": "BTC-31MAR23-19000-C", "index_price": 23070.0, "direction": "sell", "amount": 0.9}, {"trade_seq": 1194, "trade_id": "240265531", "timestamp": 1674806282025, "tick_direction": 2, "price": 0.2075, "mark_price": 0.20704251, "iv": 58.52, "instrument_name": "BTC-31MAR23-19000-C", "index_price": 23069.31, "direction": "sell", "amount": 1.0}, {"trade_seq": 1193, "trade_id": "240265470", "timestamp": 1674806258325, "tick_direction": 0, "price": 0.208, "mark_price": 0.20705778, "iv": 58.99, "instrument_name": "BTC-31MAR23-19000-C", "index_price": 23068.68, "direction": "sell", "amount": 1.0}, {"trade_seq": 1192, "trade_id": "240211362", "timestamp": 1674747906626, "tick_direction": 3, "price": 0.2075, "mark_price": 0.20748754, "iv": 58.73, "instrument_name": "BTC-31MAR23-19000-C", "index_price": 23053.58, "direction": "sell", "amount": 0.2}, {"trade_seq": 1191, "trade_id": "240211359", "timestamp": 1674747904930, "tick_direction": 2, "price": 0.2075, "mark_price": 0.20764799, "iv": 58.58, "instrument_name": "BTC-31MAR23-19000-C", "index_price": 23059.23, "direction": "sell", "amount": 0.8}, {"trade_seq": 1190, "trade_id": "240176040", "timestamp": 1674703948087, "tick_direction": 3, "price": 0.2135, "mark_price": 0.21334516, "iv": 60.96, "instrument_name": "BTC-31MAR23-19000-C", "index_price": 23162.39, "direction": "sell", "amount": 0.3}, {"trade_seq": 1189, "trade_id": "240176039", "timestamp": 1674703945961, "tick_direction": 3, "price": 0.2135, "mark_price": 0.21342668, "iv": 60.9, "instrument_name": "BTC-31MAR23-19000-C", "index_price": 23164.64, "direction": "sell", "amount": 0.2}, {"trade_seq": 1188, "trade_id": "240176037", "timestamp": 1674703942730, "tick_direction": 3, "price": 0.2135, "mark_price": 0.21335586, "iv": 60.95, "instrument_name": "BTC-31MAR23-19000-C", "index_price": 23162.16, "direction": "sell", "amount": 0.1}, {"trade_seq": 1187, "trade_id": "240176036", "timestamp": 1674703939243, "tick_direction": 3, "price": 0.2135, "mark_price": 0.21344868, "iv": 60.86, "instrument_name": "BTC-31MAR23-19000-C", "index_price": 23166.03, "direction": "sell", "amount": 0.3}, {"trade_seq": 1186, "trade_id": "240176034", "timestamp": 1674703938969, "tick_direction": 3, "price": 0.2135, "mark_price": 0.2134434, "iv": 60.86, "instrument_name": "BTC-31MAR23-19000-C", "index_price": 23166.03, "direction": "sell", "amount": 0.1}, {"trade_seq": 1185, "trade_id": "240176033", "timestamp": 1674703936622, "tick_direction": 3, "price": 0.2135, "mark_price": 0.21341765, "iv": 60.89, "instrument_name": "BTC-31MAR23-19000-C", "index_price": 23165.2, "direction": "sell", "amount": 0.2}, {"trade_seq": 1184, "trade_id": "240176032", "timestamp": 1674703934225, "tick_direction": 2, "price": 0.2135, "mark_price": 0.21354391, "iv": 60.78, "instrument_name": "BTC-31MAR23-19000-C", "index_price": 23170.32, "direction": "sell", "amount": 0.8}, {"trade_seq": 1183, "trade_id": "240175607", "timestamp": 1674703163683, "tick_direction": 3, "price": 0.215, "mark_price": 0.21489733, "iv": 60.91, "instrument_name": "BTC-31MAR23-19000-C", "index_price": 23216.98, "direction": "sell", "amount": 1.0}, {"trade_seq": 1182, "trade_id": "240175513", "timestamp": 1674702770471, "tick_direction": 2, "price": 0.215, "mark_price": 0.21497738, "iv": 60.91, "instrument_name": "BTC-31MAR23-19000-C", "index_price": 23217.67, "direction": "sell", "amount": 1.0}, {"trade_seq": 1181, "trade_id": "240175419", "timestamp": 1674702439287, "tick_direction": 0, "price": 0.2155, "mark_price": 0.21521169, "iv": 61.2, "instrument_name": "BTC-31MAR23-19000-C", "index_price": 23225.31, "direction": "sell", "amount": 1.0}, {"trade_seq": 1180, "trade_id": "240175245", "timestamp": 1674701848570, "tick_direction": 3, "price": 0.2145, "mark_price": 0.21427087, "iv": 61.11, "instrument_name": "BTC-31MAR23-19000-C", "index_price": 23189.64, "direction": "sell", "amount": 0.8}, {"trade_seq": 1179, "trade_id": "240175244", "timestamp": 1674701836262, "tick_direction": 3, "price": 0.2145, "mark_price": 0.21428636, "iv": 61.1, "instrument_name": "BTC-31MAR23-19000-C", "index_price": 23191.37, "direction": "sell", "amount": 0.1}, {"trade_seq": 1178, "trade_id": "240175243", "timestamp": 1674701836252, "tick_direction": 2, "price": 0.2145, "mark_price": 0.21428636, "iv": 61.1, "instrument_name": "BTC-31MAR23-19000-C", "index_price": 23191.37, "direction": "sell", "amount": 0.1}, {"trade_seq": 1177, "trade_id": "240165935", "timestamp": 1674689843036, "tick_direction": 0, "price": 0.23, "mark_price": 0.21344058, "iv": 74.83, "instrument_name": "BTC-31MAR23-19000-C", "index_price": 23184.89, "direction": "sell", "amount": 1.0}, {"trade_seq": 1176, "trade_id": "240163205", "timestamp": 1674688247943, "tick_direction": 2, "price": 0.21, "mark_price": 0.20873594, "iv": 61.63, "instrument_name": "BTC-31MAR23-19000-C", "index_price": 23006.57, "direction": "sell", "amount": 1.0}, {"trade_seq": 1175, "trade_id": "240146730", "timestamp": 1674684396399, "tick_direction": 0, "price": 0.23, "mark_price": 0.22867993, "iv": 62.23, "instrument_name": "BTC-31MAR23-19000-C", "index_price": 23738.71, "direction": "sell", "amount": 2.0}, {"trade_seq": 1174, "trade_id": "240099238", "timestamp": 1674648961698, "tick_direction": 0, "price": 0.2, "mark_price": 0.19987392, "iv": 59.78, "instrument_name": "BTC-31MAR23-19000-C", "index_price": 22701.56, "direction": "sell", "amount": 3.0}, {"trade_seq": 1173, "trade_id": "240093311", "timestamp": 1674639873143, "tick_direction": 3, "price": 0.1995, "mark_price": 0.1995065, "iv": 59.6, "instrument_name": "BTC-31MAR23-19000-C", "index_price": 22704.7, "direction": "buy", "amount": 0.3}, {"trade_seq": 1172, "trade_id": "240093310", "timestamp": 1674639873141, "tick_direction": 3, "price": 0.1995, "mark_price": 0.1995065, "iv": 59.6, "instrument_name": "BTC-31MAR23-19000-C", "index_price": 22704.7, "direction": "buy", "amount": 0.3}, {"trade_seq": 1171, "trade_id": "240093308", "timestamp": 1674639872885, "tick_direction": 3, "price": 0.1995, "mark_price": 0.1995065, "iv": 59.6, "instrument_name": "BTC-31MAR23-19000-C", "index_price": 22704.7, "direction": "buy", "amount": 0.3}, {"trade_seq": 1170, "trade_id": "240093307", "timestamp": 1674639872883, "tick_direction": 3, "price": 0.1995, "mark_price": 0.1995065, "iv": 59.6, "instrument_name": "BTC-31MAR23-19000-C", "index_price": 22704.7, "direction": "buy", "amount": 0.2}, {"trade_seq": 1169, "trade_id": "240093306", "timestamp": 1674639872881, "tick_direction": 3, "price": 0.1995, "mark_price": 0.1995065, "iv": 59.6, "instrument_name": "BTC-31MAR23-19000-C", "index_price": 22704.7, "direction": "buy", "amount": 0.8}, {"trade_seq": 1168, "trade_id": "240093305", "timestamp": 1674639872880, "tick_direction": 3, "price": 0.1995, "mark_price": 0.1995065, "iv": 59.6, "instrument_name": "BTC-31MAR23-19000-C", "index_price": 22704.7, "direction": "buy", "amount": 0.3}, {"trade_seq": 1167, "trade_id": "240093303", "timestamp": 1674639872593, "tick_direction": 3, "price": 0.1995, "mark_price": 0.1995065, "iv": 59.6, "instrument_name": "BTC-31MAR23-19000-C", "index_price": 22704.7, "direction": "buy", "amount": 0.2}, {"trade_seq": 1166, "trade_id": "240093302", "timestamp": 1674639872573, "tick_direction": 3, "price": 0.1995, "mark_price": 0.1995065, "iv": 59.6, "instrument_name": "BTC-31MAR23-19000-C", "index_price": 22704.7, "direction": "buy", "amount": 0.2}, {"trade_seq": 1165, "trade_id": "240093258", "timestamp": 1674639854918, "tick_direction": 3, "price": 0.1995, "mark_price": 0.19959295, "iv": 59.64, "instrument_name": "BTC-31MAR23-19000-C", "index_price": 22702.69, "direction": "buy", "amount": 0.2}, {"trade_seq": 1164, "trade_id": "240093257", "timestamp": 1674639854911, "tick_direction": 3, "price": 0.1995, "mark_price": 0.19959295, "iv": 59.64, "instrument_name": "BTC-31MAR23-19000-C", "index_price": 22702.69, "direction": "buy", "amount": 0.4}, {"trade_seq": 1163, "trade_id": "240093256", "timestamp": 1674639854910, "tick_direction": 3, "price": 0.1995, "mark_price": 0.19959295, "iv": 59.64, "instrument_name": "BTC-31MAR23-19000-C", "index_price": 22702.69, "direction": "buy", "amount": 1.8}, {"trade_seq": 1162, "trade_id": "240093255", "timestamp": 1674639842668, "tick_direction": 3, "price": 0.1995, "mark_price": 0.19962024, "iv": 59.59, "instrument_name": "BTC-31MAR23-19000-C", "index_price": 22701.83, "direction": "buy", "amount": 1.0}, {"trade_seq": 1161, "trade_id": "240093241", "timestamp": 1674639837902, "tick_direction": 3, "price": 0.1995, "mark_price": 0.19951758, "iv": 59.69, "instrument_name": "BTC-31MAR23-19000-C", "index_price": 22696.96, "direction": "buy", "amount": 1.0}, {"trade_seq": 1160, "trade_id": "240093240", "timestamp": 1674639832063, "tick_direction": 3, "price": 0.1995, "mark_price": 0.19950157, "iv": 59.7, "instrument_name": "BTC-31MAR23-19000-C", "index_price": 22696.47, "direction": "buy", "amount": 1.0}, {"trade_seq": 1159, "trade_id": "240093231", "timestamp": 1674639801132, "tick_direction": 2, "price": 0.1995, "mark_price": 0.19949534, "iv": 59.7, "instrument_name": "BTC-31MAR23-19000-C", "index_price": 22697.97, "direction": "buy", "amount": 1.0}, {"trade_seq": 1158, "trade_id": "240014390", "timestamp": 1674550954539, "tick_direction": 3, "price": 0.2125, "mark_price": 0.21191031, "iv": 62.54, "instrument_name": "BTC-31MAR23-19000-C", "index_price": 23035.7, "direction": "sell", "amount": 4.2}, {"trade_seq": 1157, "trade_id": "240014383", "timestamp": 1674550949874, "tick_direction": 3, "price": 0.2125, "mark_price": 0.21200942, "iv": 62.46, "instrument_name": "BTC-31MAR23-19000-C", "index_price": 23039.4, "direction": "sell", "amount": 0.2}, {"trade_seq": 1156, "trade_id": "240014381", "timestamp": 1674550949828, "tick_direction": 3, "price": 0.2125, "mark_price": 0.21200942, "iv": 62.46, "instrument_name": "BTC-31MAR23-19000-C", "index_price": 23039.4, "direction": "sell", "amount": 0.1}, {"trade_seq": 1155, "trade_id": "240014375", "timestamp": 1674550949793, "tick_direction": 3, "price": 0.2125, "mark_price": 0.21200942, "iv": 62.46, "instrument_name": "BTC-31MAR23-19000-C", "index_price": 23039.4, "direction": "sell", "amount": 0.1}, {"trade_seq": 1154, "trade_id": "240014351", "timestamp": 1674550937405, "tick_direction": 3, "price": 0.2125, "mark_price": 0.2119731, "iv": 62.46, "instrument_name": "BTC-31MAR23-19000-C", "index_price": 23040.78, "direction": "sell", "amount": 0.1}, {"trade_seq": 1153, "trade_id": "240014350", "timestamp": 1674550935127, "tick_direction": 3, "price": 0.2125, "mark_price": 0.21197134, "iv": 62.46, "instrument_name": "BTC-31MAR23-19000-C", "index_price": 23040.98, "direction": "sell", "amount": 0.1}, {"trade_seq": 1152, "trade_id": "240014349", "timestamp": 1674550932832, "tick_direction": 3, "price": 0.2125, "mark_price": 0.21196388, "iv": 62.46, "instrument_name": "BTC-31MAR23-19000-C", "index_price": 23040.99, "direction": "sell", "amount": 0.1}, {"trade_seq": 1151, "trade_id": "240014340", "timestamp": 1674550911156, "tick_direction": 3, "price": 0.2125, "mark_price": 0.21193962, "iv": 62.44, "instrument_name": "BTC-31MAR23-19000-C", "index_price": 23042.72, "direction": "sell", "amount": 0.2}, {"trade_seq": 1150, "trade_id": "240014339", "timestamp": 1674550911155, "tick_direction": 3, "price": 0.2125, "mark_price": 0.21193962, "iv": 62.44, "instrument_name": "BTC-31MAR23-19000-C", "index_price": 23042.72, "direction": "sell", "amount": 1.9}, {"trade_seq": 1149, "trade_id": "240014328", "timestamp": 1674550885228, "tick_direction": 3, "price": 0.2125, "mark_price": 0.21196723, "iv": 62.42, "instrument_name": "BTC-31MAR23-19000-C", "index_price": 23044.26, "direction": "sell", "amount": 1.0}, {"trade_seq": 1148, "trade_id": "240014327", "timestamp": 1674550881326, "tick_direction": 2, "price": 0.2125, "mark_price": 0.21203193, "iv": 62.38, "instrument_name": "BTC-31MAR23-19000-C", "index_price": 23045.13, "direction": "sell", "amount": 1.0}, {"trade_seq": 1147, "trade_id": "240014288", "timestamp": 1674550857295, "tick_direction": 0, "price": 0.213, "mark_price": 0.21225761, "iv": 62.62, "instrument_name": "BTC-31MAR23-19000-C", "index_price": 23052.31, "direction": "sell", "amount": 1.0}, {"trade_seq": 1146, "trade_id": "239907167", "timestamp": 1674422046977, "tick_direction": 3, "price": 0.1915, "mark_price": 0.19125167, "iv": 59.01, "instrument_name": "BTC-31MAR23-19000-C", "index_price": 22395.58, "direction": "buy", "amount": 0.1}, {"trade_seq": 1145, "trade_id": "239907164", "timestamp": 1674422046420, "tick_direction": 2, "price": 0.1915, "mark_price": 0.19125167, "iv": 59.14, "instrument_name": "BTC-31MAR23-19000-C", "index_price": 22389.29, "direction": "buy", "amount": 0.3}, {"trade_seq": 1144, "trade_id": "239906228", "timestamp": 1674421387472, "tick_direction": 1, "price": 0.1935, "mark_price": 0.19343539, "iv": 59.06, "instrument_name": "BTC-31MAR23-19000-C", "index_price": 22474.71, "direction": "buy", "amount": 0.3}, {"trade_seq": 1143, "trade_id": "239906227", "timestamp": 1674421387462, "tick_direction": 1, "price": 0.1935, "mark_price": 0.19343539, "iv": 59.06, "instrument_name": "BTC-31MAR23-19000-C", "index_price": 22474.71, "direction": "buy", "amount": 1.0}, {"trade_seq": 1142, "trade_id": "239906226", "timestamp": 1674421387459, "tick_direction": 1, "price": 0.1935, "mark_price": 0.19343539, "iv": 59.06, "instrument_name": "BTC-31MAR23-19000-C", "index_price": 22474.71, "direction": "buy", "amount": 0.2}, {"trade_seq": 1141, "trade_id": "239906222", "timestamp": 1674421387441, "tick_direction": 0, "price": 0.1935, "mark_price": 0.19343539, "iv": 59.06, "instrument_name": "BTC-31MAR23-19000-C", "index_price": 22474.71, "direction": "buy", "amount": 1.1}, {"trade_seq": 1140, "trade_id": "239906142", "timestamp": 1674421355089, "tick_direction": 3, "price": 0.193, "mark_price": 0.19298515, "iv": 59.01, "instrument_name": "BTC-31MAR23-19000-C", "index_price": 22459.87, "direction": "buy", "amount": 1.1}, {"trade_seq": 1139, "trade_id": "239906120", "timestamp": 1674421348458, "tick_direction": 3, "price": 0.193, "mark_price": 0.19295234, "iv": 59.02, "instrument_name": "BTC-31MAR23-19000-C", "index_price": 22459.58, "direction": "buy", "amount": 0.1}, {"trade_seq": 1138, "trade_id": "239906117", "timestamp": 1674421348451, "tick_direction": 3, "price": 0.193, "mark_price": 0.19295234, "iv": 59.02, "instrument_name": "BTC-31MAR23-19000-C", "index_price": 22459.58, "direction": "buy", "amount": 0.9}, {"trade_seq": 1137, "trade_id": "239906105", "timestamp": 1674421348254, "tick_direction": 3, "price": 0.193, "mark_price": 0.19295234, "iv": 59.03, "instrument_name": "BTC-31MAR23-19000-C", "index_price": 22459.58, "direction": "buy", "amount": 1.1}, {"trade_seq": 1136, "trade_id": "239906067", "timestamp": 1674421346002, "tick_direction": 2, "price": 0.193, "mark_price": 0.19290812, "iv": 59.07, "instrument_name": "BTC-31MAR23-19000-C", "index_price": 22457.24, "direction": "buy", "amount": 0.8}, {"trade_seq": 1135, "trade_id": "239903309", "timestamp": 1674420577916, "tick_direction": 2, "price": 0.194, "mark_price": 0.1948326, "iv": 58.31, "instrument_name": "BTC-31MAR23-19000-C", "index_price": 22519.36, "direction": "buy", "amount": 0.1}, {"trade_seq": 1134, "trade_id": "239871624", "timestamp": 1674380531292, "tick_direction": 2, "price": 0.204, "mark_price": 0.20456517, "iv": 57.95, "instrument_name": "BTC-31MAR23-19000-C", "index_price": 22880.46, "direction": "buy", "amount": 0.1}, {"trade_seq": 1133, "trade_id": "239840139", "timestamp": 1674333031709, "tick_direction": 0, "price": 0.2165, "mark_price": 0.21645383, "iv": 61.4, "instrument_name": "BTC-31MAR23-19000-C", "index_price": 23185.17, "direction": "sell", "amount": 1.0}, {"trade_seq": 1132, "trade_id": "239808933", "timestamp": 1674305837707, "tick_direction": 0, "price": 0.21, "mark_price": 0.21027807, "iv": 58.76, "instrument_name": "BTC-31MAR23-19000-C", "index_price": 23045.68, "direction": "buy", "amount": 0.1}, {"trade_seq": 1131, "trade_id": "239767101", "timestamp": 1674286236953, "tick_direction": 0, "price": 0.2, "mark_price": 0.19917179, "iv": 59.08, "instrument_name": "BTC-31MAR23-19000-C", "index_price": 22639.78, "direction": "sell", "amount": 0.7}, {"trade_seq": 1130, "trade_id": "239757021", "timestamp": 1674265530160, "tick_direction": 0, "price": 0.195, "mark_price": 0.19561264, "iv": 56.6, "instrument_name": "BTC-31MAR23-19000-C", "index_price": 22593.63, "direction": "buy", "amount": 0.1}, {"trade_seq": 1129, "trade_id": "239719410", "timestamp": 1674247579207, "tick_direction": 2, "price": 0.18, "mark_price": 0.1804234, "iv": 55.35, "instrument_name": "BTC-31MAR23-19000-C", "index_price": 22100.54, "direction": "buy", "amount": 0.2}, {"trade_seq": 1128, "trade_id": "239715300", "timestamp": 1674247130857, "tick_direction": 0, "price": 0.182, "mark_price": 0.18160312, "iv": 56.02, "instrument_name": "BTC-31MAR23-19000-C", "index_price": 22138.73, "direction": "buy", "amount": 2.5}, {"trade_seq": 1127, "trade_id": "239715238", "timestamp": 1674247130298, "tick_direction": 1, "price": 0.181, "mark_price": 0.18078951, "iv": 55.76, "instrument_name": "BTC-31MAR23-19000-C", "index_price": 22114.62, "direction": "buy", "amount": 0.1}, {"trade_seq": 1126, "trade_id": "239715237", "timestamp": 1674247130290, "tick_direction": 1, "price": 0.181, "mark_price": 0.18078951, "iv": 55.76, "instrument_name": "BTC-31MAR23-19000-C", "index_price": 22114.62, "direction": "buy", "amount": 1.4}, {"trade_seq": 1125, "trade_id": "239715227", "timestamp": 1674247130242, "tick_direction": 1, "price": 0.181, "mark_price": 0.18078951, "iv": 55.76, "instrument_name": "BTC-31MAR23-19000-C", "index_price": 22114.62, "direction": "buy", "amount": 0.5}, {"trade_seq": 1124, "trade_id": "239715223", "timestamp": 1674247130236, "tick_direction": 1, "price": 0.181, "mark_price": 0.18078951, "iv": 55.76, "instrument_name": "BTC-31MAR23-19000-C", "index_price": 22114.62, "direction": "buy", "amount": 6.7}, {"trade_seq": 1123, "trade_id": "239715222", "timestamp": 1674247130232, "tick_direction": 1, "price": 0.181, "mark_price": 0.18078951, "iv": 55.76, "instrument_name": "BTC-31MAR23-19000-C", "index_price": 22114.62, "direction": "buy", "amount": 12.5}, {"trade_seq": 1122, "trade_id": "239715216", "timestamp": 1674247130212, "tick_direction": 1, "price": 0.181, "mark_price": 0.18078951, "iv": 55.76, "instrument_name": "BTC-31MAR23-19000-C", "index_price": 22114.62, "direction": "buy", "amount": 1.0}, {"trade_seq": 1121, "trade_id": "239715214", "timestamp": 1674247130206, "tick_direction": 1, "price": 0.181, "mark_price": 0.18078951, "iv": 55.76, "instrument_name": "BTC-31MAR23-19000-C", "index_price": 22114.62, "direction": "buy", "amount": 0.7}, {"trade_seq": 1120, "trade_id": "239715212", "timestamp": 1674247130144, "tick_direction": 1, "price": 0.181, "mark_price": 0.18078951, "iv": 55.76, "instrument_name": "BTC-31MAR23-19000-C", "index_price": 22114.62, "direction": "buy", "amount": 0.5}, {"trade_seq": 1119, "trade_id": "239715191", "timestamp": 1674247129993, "tick_direction": 1, "price": 0.181, "mark_price": 0.18078951, "iv": 55.76, "instrument_name": "BTC-31MAR23-19000-C", "index_price": 22114.62, "direction": "buy", "amount": 0.1}, {"trade_seq": 1118, "trade_id": "239715189", "timestamp": 1674247129980, "tick_direction": 1, "price": 0.181, "mark_price": 0.18078951, "iv": 55.76, "instrument_name": "BTC-31MAR23-19000-C", "index_price": 22114.62, "direction": "buy", "amount": 0.4}, {"trade_seq": 1117, "trade_id": "239715181", "timestamp": 1674247129909, "tick_direction": 1, "price": 0.181, "mark_price": 0.18078951, "iv": 55.76, "instrument_name": "BTC-31MAR23-19000-C", "index_price": 22114.62, "direction": "buy", "amount": 1.0}, {"trade_seq": 1116, "trade_id": "239715178", "timestamp": 1674247129893, "tick_direction": 0, "price": 0.181, "mark_price": 0.18078951, "iv": 55.76, "instrument_name": "BTC-31MAR23-19000-C", "index_price": 22114.62, "direction": "buy", "amount": 0.8}, {"trade_seq": 1115, "trade_id": "239699834", "timestamp": 1674241509775, "tick_direction": 1, "price": 0.159, "mark_price": 0.15929477, "iv": 54.48, "instrument_name": "BTC-31MAR23-19000-C", "index_price": 21382.44, "direction": "buy", "amount": 0.3}, {"trade_seq": 1114, "trade_id": "239699752", "timestamp": 1674241319518, "tick_direction": 1, "price": 0.159, "mark_price": 0.15926759, "iv": 54.48, "instrument_name": "BTC-31MAR23-19000-C", "index_price": 21378.07, "direction": "buy", "amount": 0.8}, {"trade_seq": 1113, "trade_id": "239699732", "timestamp": 1674241306250, "tick_direction": 1, "price": 0.159, "mark_price": 0.15938629, "iv": 54.46, "instrument_name": "BTC-31MAR23-19000-C", "index_price": 21378.24, "direction": "buy", "amount": 0.1}, {"trade_seq": 1112, "trade_id": "239699731", "timestamp": 1674241306249, "tick_direction": 0, "price": 0.159, "mark_price": 0.15938629, "iv": 54.46, "instrument_name": "BTC-31MAR23-19000-C", "index_price": 21378.24, "direction": "buy", "amount": 2.3}, {"trade_seq": 1111, "trade_id": "239669208", "timestamp": 1674201802429, "tick_direction": 2, "price": 0.144, "mark_price": 0.14721204, "iv": 51.85, "instrument_name": "BTC-31MAR23-19000-C", "index_price": 20958.43, "direction": "sell", "amount": 0.1}, {"trade_seq": 1110, "trade_id": "239604063", "timestamp": 1674118925900, "tick_direction": 2, "price": 0.148, "mark_price": 0.14851993, "iv": 57.48, "instrument_name": "BTC-31MAR23-19000-C", "index_price": 20772.05, "direction": "buy", "amount": 2.0}, {"trade_seq": 1109, "trade_id": "239580055", "timestamp": 1674073834485, "tick_direction": 1, "price": 0.1545, "mark_price": 0.15386651, "iv": 59.83, "instrument_name": "BTC-31MAR23-19000-C", "index_price": 20851.73, "direction": "sell", "amount": 2.6}, {"trade_seq": 1108, "trade_id": "239580047", "timestamp": 1674073826414, "tick_direction": 1, "price": 0.1545, "mark_price": 0.15387193, "iv": 59.83, "instrument_name": "BTC-31MAR23-19000-C", "index_price": 20852.41, "direction": "sell", "amount": 0.1}, {"trade_seq": 1107, "trade_id": "239580045", "timestamp": 1674073826399, "tick_direction": 1, "price": 0.1545, "mark_price": 0.15387193, "iv": 59.83, "instrument_name": "BTC-31MAR23-19000-C", "index_price": 20852.41, "direction": "sell", "amount": 0.1}, {"trade_seq": 1106, "trade_id": "239580025", "timestamp": 1674073821975, "tick_direction": 1, "price": 0.1545, "mark_price": 0.15398447, "iv": 59.76, "instrument_name": "BTC-31MAR23-19000-C", "index_price": 20855.91, "direction": "sell", "amount": 0.1}, {"trade_seq": 1105, "trade_id": "239580023", "timestamp": 1674073821961, "tick_direction": 1, "price": 0.1545, "mark_price": 0.15398447, "iv": 59.76, "instrument_name": "BTC-31MAR23-19000-C", "index_price": 20855.91, "direction": "sell", "amount": 0.1}, {"trade_seq": 1104, "trade_id": "239580014", "timestamp": 1674073814857, "tick_direction": 1, "price": 0.1545, "mark_price": 0.15388781, "iv": 59.82, "instrument_name": "BTC-31MAR23-19000-C", "index_price": 20853.27, "direction": "sell", "amount": 0.1}, {"trade_seq": 1103, "trade_id": "239580012", "timestamp": 1674073812547, "tick_direction": 1, "price": 0.1545, "mark_price": 0.15390376, "iv": 59.8, "instrument_name": "BTC-31MAR23-19000-C", "index_price": 20854.32, "direction": "sell", "amount": 0.1}, {"trade_seq": 1102, "trade_id": "239580002", "timestamp": 1674073803242, "tick_direction": 1, "price": 0.1545, "mark_price": 0.15397023, "iv": 59.76, "instrument_name": "BTC-31MAR23-19000-C", "index_price": 20857.4, "direction": "sell", "amount": 0.2}, {"trade_seq": 1101, "trade_id": "239579950", "timestamp": 1674073792109, "tick_direction": 1, "price": 0.1545, "mark_price": 0.15407439, "iv": 59.7, "instrument_name": "BTC-31MAR23-19000-C", "index_price": 20861.5, "direction": "sell", "amount": 1.0}, {"trade_seq": 1100, "trade_id": "239579949", "timestamp": 1674073791956, "tick_direction": 0, "price": 0.1545, "mark_price": 0.15407439, "iv": 59.7, "instrument_name": "BTC-31MAR23-19000-C", "index_price": 20861.5, "direction": "sell", "amount": 0.3}, {"trade_seq": 1099, "trade_id": "239579697", "timestamp": 1674073590764, "tick_direction": 3, "price": 0.154, "mark_price": 0.15382586, "iv": 59.55, "instrument_name": "BTC-31MAR23-19000-C", "index_price": 20854.14, "direction": "sell", "amount": 0.1}, {"trade_seq": 1098, "trade_id": "239579696", "timestamp": 1674073590610, "tick_direction": 3, "price": 0.154, "mark_price": 0.15382586, "iv": 59.55, "instrument_name": "BTC-31MAR23-19000-C", "index_price": 20854.14, "direction": "sell", "amount": 0.1}, {"trade_seq": 1097, "trade_id": "239579695", "timestamp": 1674073590553, "tick_direction": 3, "price": 0.154, "mark_price": 0.15382586, "iv": 59.55, "instrument_name": "BTC-31MAR23-19000-C", "index_price": 20854.14, "direction": "sell", "amount": 0.1}, {"trade_seq": 1096, "trade_id": "239579686", "timestamp": 1674073589979, "tick_direction": 2, "price": 0.154, "mark_price": 0.15382586, "iv": 59.55, "instrument_name": "BTC-31MAR23-19000-C", "index_price": 20854.14, "direction": "sell", "amount": 0.2}, {"trade_seq": 1095, "trade_id": "239499072", "timestamp": 1674027853116, "tick_direction": 0, "price": 0.163, "mark_price": 0.16365317, "iv": 57.95, "instrument_name": "BTC-31MAR23-19000-C", "index_price": 21272.46, "direction": "buy", "amount": 1.0}, {"trade_seq": 1094, "trade_id": "239497666", "timestamp": 1674024606479, "tick_direction": 2, "price": 0.1625, "mark_price": 0.16367288, "iv": 57.7, "instrument_name": "BTC-31MAR23-19000-C", "index_price": 21267.62, "direction": "buy", "amount": 1.0}, {"trade_seq": 1093, "trade_id": "239490441", "timestamp": 1674008777595, "tick_direction": 0, "price": 0.1645, "mark_price": 0.16415989, "iv": 59.55, "instrument_name": "BTC-31MAR23-19000-C", "index_price": 21233.13, "direction": "sell", "amount": 1.0}, {"trade_seq": 1092, "trade_id": "239487272", "timestamp": 1674001004784, "tick_direction": 2, "price": 0.16, "mark_price": 0.16110981, "iv": 58.47, "instrument_name": "BTC-31MAR23-19000-C", "index_price": 21113.88, "direction": "buy", "amount": 1.9}, {"trade_seq": 1091, "trade_id": "239477540", "timestamp": 1673984636658, "tick_direction": 2, "price": 0.1685, "mark_price": 0.16827647, "iv": 59.88, "instrument_name": "BTC-31MAR23-19000-C", "index_price": 21358.08, "direction": "buy", "amount": 0.1}, {"trade_seq": 1090, "trade_id": "239477336", "timestamp": 1673984208617, "tick_direction": 0, "price": 0.169, "mark_price": 0.16892345, "iv": 59.84, "instrument_name": "BTC-31MAR23-19000-C", "index_price": 21378.23, "direction": "buy", "amount": 0.1}, {"trade_seq": 1089, "trade_id": "239459438", "timestamp": 1673968294250, "tick_direction": 0, "price": 0.1675, "mark_price": 0.16730923, "iv": 59.63, "instrument_name": "BTC-31MAR23-19000-C", "index_price": 21297.72, "direction": "sell", "amount": 0.1}, {"trade_seq": 1088, "trade_id": "239434960", "timestamp": 1673953942932, "tick_direction": 1, "price": 0.162, "mark_price": 0.16215339, "iv": 59.36, "instrument_name": "BTC-31MAR23-19000-C", "index_price": 21138.42, "direction": "sell", "amount": 0.1}, {"trade_seq": 1087, "trade_id": "239434559", "timestamp": 1673953189402, "tick_direction": 0, "price": 0.162, "mark_price": 0.16193866, "iv": 59.46, "instrument_name": "BTC-31MAR23-19000-C", "index_price": 21133.67, "direction": "sell", "amount": 0.1}, {"trade_seq": 1086, "trade_id": "239350328", "timestamp": 1673872548555, "tick_direction": 3, "price": 0.1575, "mark_price": 0.16046461, "iv": 61.21, "instrument_name": "BTC-31MAR23-19000-C", "index_price": 20824.57, "direction": "buy", "amount": 1.9}, {"trade_seq": 1085, "trade_id": "239350327", "timestamp": 1673872548543, "tick_direction": 2, "price": 0.1575, "mark_price": 0.16046461, "iv": 61.21, "instrument_name": "BTC-31MAR23-19000-C", "index_price": 20824.57, "direction": "sell", "amount": 8.0}, {"trade_seq": 1084, "trade_id": "239350326", "timestamp": 1673872548543, "tick_direction": 2, "price": 0.1595, "mark_price": 0.16046461, "iv": 62.47, "instrument_name": "BTC-31MAR23-19000-C", "index_price": 20824.57, "direction": "sell", "amount": 0.1}, {"trade_seq": 1083, "trade_id": "239313504", "timestamp": 1673836280552, "tick_direction": 2, "price": 0.17, "mark_price": 0.17470939, "iv": 60.05, "instrument_name": "BTC-31MAR23-19000-C", "index_price": 21324.91, "direction": "buy", "amount": 0.1}, {"trade_seq": 1082, "trade_id": "239304664", "timestamp": 1673831728319, "tick_direction": 1, "price": 0.1715, "mark_price": 0.17215614, "iv": 62.35, "instrument_name": "BTC-31MAR23-19000-C", "index_price": 21258.87, "direction": "buy", "amount": 6.7}, {"trade_seq": 1081, "trade_id": "239304649", "timestamp": 1673831727880, "tick_direction": 1, "price": 0.1715, "mark_price": 0.17215614, "iv": 62.35, "instrument_name": "BTC-31MAR23-19000-C", "index_price": 21258.87, "direction": "buy", "amount": 0.3}, {"trade_seq": 1080, "trade_id": "239304647", "timestamp": 1673831727864, "tick_direction": 1, "price": 0.1715, "mark_price": 0.17215614, "iv": 62.35, "instrument_name": "BTC-31MAR23-19000-C", "index_price": 21258.87, "direction": "buy", "amount": 0.2}, {"trade_seq": 1079, "trade_id": "239304646", "timestamp": 1673831727845, "tick_direction": 1, "price": 0.1715, "mark_price": 0.17215614, "iv": 62.35, "instrument_name": "BTC-31MAR23-19000-C", "index_price": 21258.87, "direction": "buy", "amount": 0.3}