{"trades": [{"trade_seq": 172, "trade_id": "3409843", "timestamp": 1514526554935, "tick_direction": 0, "price": 0.1235, "mark_price": 0.13029226, "iv": 0.0, "instrument_name": "BTC-29DEC17-13000-C", "index_price": 14973.98, "direction": "sell", "amount": 0.1}, {"trade_seq": 171, "trade_id": "3379074", "timestamp": 1514469807876, "tick_direction": 2, "price": 0.089, "mark_price": 0.08181295, "iv": 217.66, "instrument_name": "BTC-29DEC17-13000-C", "index_price": 14228.23, "direction": "sell", "amount": 1.0}, {"trade_seq": 170, "trade_id": "3349118", "timestamp": 1514429350188, "tick_direction": 2, "price": 0.1165, "mark_price": 0.10749587, "iv": 220.53, "instrument_name": "BTC-29DEC17-13000-C", "index_price": 14571.12, "direction": "sell", "amount": 0.1}, {"trade_seq": 169, "trade_id": "3294297", "timestamp": 1514289418703, "tick_direction": 0, "price": 0.1536, "mark_price": 0.14791491, "iv": 180.06, "instrument_name": "BTC-29DEC17-13000-C", "index_price": 15025.01, "direction": "buy", "amount": 1.0}, {"trade_seq": 168, "trade_id": "3157559", "timestamp": 1513969967132, "tick_direction": 0, "price": 0.142, "mark_price": 0.09794526, "iv": 244.87, "instrument_name": "BTC-29DEC17-13000-C", "index_price": 13563.41, "direction": "sell", "amount": 0.1}, {"trade_seq": 167, "trade_id": "3145989", "timestamp": 1513957816226, "tick_direction": 2, "price": 0.13, "mark_price": 0.09256793, "iv": 230.59, "instrument_name": "BTC-29DEC17-13000-C", "index_price": 13352.76, "direction": "sell", "amount": 0.2}, {"trade_seq": 166, "trade_id": "3143706", "timestamp": 1513956211620, "tick_direction": 0, "price": 0.1322, "mark_price": 0.07329689, "iv": 249.77, "instrument_name": "BTC-29DEC17-13000-C", "index_price": 12991.68, "direction": "sell", "amount": 0.1}, {"trade_seq": 165, "trade_id": "3142339", "timestamp": 1513955205679, "tick_direction": 0, "price": 0.07, "mark_price": 0.04796837, "iv": 181.64, "instrument_name": "BTC-29DEC17-13000-C", "index_price": 12080.92, "direction": "buy", "amount": 0.1}, {"trade_seq": 164, "trade_id": "3142216", "timestamp": 1513955106116, "tick_direction": 0, "price": 0.06, "mark_price": 0.04119751, "iv": 176.48, "instrument_name": "BTC-29DEC17-13000-C", "index_price": 11896.27, "direction": "buy", "amount": 0.1}, {"trade_seq": 163, "trade_id": "3134422", "timestamp": 1513952123768, "tick_direction": 2, "price": 0.0565, "mark_price": 0.02769562, "iv": 200.05, "instrument_name": "BTC-29DEC17-13000-C", "index_price": 11448.39, "direction": "sell", "amount": 0.7}, {"trade_seq": 162, "trade_id": "3131287", "timestamp": 1513951822169, "tick_direction": 0, "price": 0.0573, "mark_price": 0.03129482, "iv": 192.9, "instrument_name": "BTC-29DEC17-13000-C", "index_price": 11632.65, "direction": "sell", "amount": 0.6}, {"trade_seq": 161, "trade_id": "3131281", "timestamp": 1513951820755, "tick_direction": 2, "price": 0.0558, "mark_price": 0.03129482, "iv": 189.97, "instrument_name": "BTC-29DEC17-13000-C", "index_price": 11632.65, "direction": "sell", "amount": 0.1}, {"trade_seq": 160, "trade_id": "3131154", "timestamp": 1513951800153, "tick_direction": 2, "price": 0.0569, "mark_price": 0.0334574, "iv": 187.14, "instrument_name": "BTC-29DEC17-13000-C", "index_price": 11699.6, "direction": "sell", "amount": 0.6}, {"trade_seq": 159, "trade_id": "3116829", "timestamp": 1513933995109, "tick_direction": 2, "price": 0.0964, "mark_price": 0.09901284, "iv": 134.99, "instrument_name": "BTC-29DEC17-13000-C", "index_price": 13459.08, "direction": "sell", "amount": 0.2}, {"trade_seq": 158, "trade_id": "3116828", "timestamp": 1513933995109, "tick_direction": 2, "price": 0.098, "mark_price": 0.09901284, "iv": 138.06, "instrument_name": "BTC-29DEC17-13000-C", "index_price": 13459.08, "direction": "buy", "amount": 1.0}, {"trade_seq": 157, "trade_id": "3114690", "timestamp": 1513931701992, "tick_direction": 0, "price": 0.125, "mark_price": 0.10876345, "iv": 171.86, "instrument_name": "BTC-29DEC17-13000-C", "index_price": 13482.86, "direction": "sell", "amount": 0.1}, {"trade_seq": 156, "trade_id": "3113274", "timestamp": 1513930363212, "tick_direction": 2, "price": 0.0922, "mark_price": 0.08953448, "iv": 144.96, "instrument_name": "BTC-29DEC17-13000-C", "index_price": 13146.14, "direction": "buy", "amount": 0.1}, {"trade_seq": 155, "trade_id": "3082836", "timestamp": 1513912810651, "tick_direction": 2, "price": 0.101, "mark_price": 0.0848704, "iv": 169.23, "instrument_name": "BTC-29DEC17-13000-C", "index_price": 13223.0, "direction": "sell", "amount": 0.1}, {"trade_seq": 154, "trade_id": "3082832", "timestamp": 1513912810059, "tick_direction": 0, "price": 0.1012, "mark_price": 0.0848704, "iv": 169.6, "instrument_name": "BTC-29DEC17-13000-C", "index_price": 13223.0, "direction": "sell", "amount": 0.1}, {"trade_seq": 153, "trade_id": "3082811", "timestamp": 1513912802301, "tick_direction": 2, "price": 0.101, "mark_price": 0.0863306, "iv": 166.65, "instrument_name": "BTC-29DEC17-13000-C", "index_price": 13226.25, "direction": "sell", "amount": 0.2}, {"trade_seq": 152, "trade_id": "3082807", "timestamp": 1513912800285, "tick_direction": 3, "price": 0.1012, "mark_price": 0.08566908, "iv": 168.18, "instrument_name": "BTC-29DEC17-13000-C", "index_price": 13226.25, "direction": "sell", "amount": 1.0}, {"trade_seq": 151, "trade_id": "3082297", "timestamp": 1513912684864, "tick_direction": 3, "price": 0.1012, "mark_price": 0.09070431, "iv": 159.23, "instrument_name": "BTC-29DEC17-13000-C", "index_price": 13402.59, "direction": "sell", "amount": 0.2}, {"trade_seq": 150, "trade_id": "3080285", "timestamp": 1513912567095, "tick_direction": 2, "price": 0.1012, "mark_price": 0.09720601, "iv": 147.44, "instrument_name": "BTC-29DEC17-13000-C", "index_price": 13564.28, "direction": "sell", "amount": 0.4}, {"trade_seq": 149, "trade_id": "3035765", "timestamp": 1513868928349, "tick_direction": 2, "price": 0.2023, "mark_price": 0.19955241, "iv": 148.47, "instrument_name": "BTC-29DEC17-13000-C", "index_price": 15821.02, "direction": "buy", "amount": 0.1}, {"trade_seq": 148, "trade_id": "2980268", "timestamp": 1513729597845, "tick_direction": 2, "price": 0.2433, "mark_price": 0.24632874, "iv": 127.99, "instrument_name": "BTC-29DEC17-13000-C", "index_price": 16829.38, "direction": "buy", "amount": 0.1}, {"trade_seq": 147, "trade_id": "2788614", "timestamp": 1513512541811, "tick_direction": 1, "price": 0.3888, "mark_price": 0.38860845, "iv": 132.93, "instrument_name": "BTC-29DEC17-13000-C", "index_price": 19728.36, "direction": "buy", "amount": 0.4}, {"trade_seq": 146, "trade_id": "2788613", "timestamp": 1513512534204, "tick_direction": 1, "price": 0.3888, "mark_price": 0.38860845, "iv": 132.93, "instrument_name": "BTC-29DEC17-13000-C", "index_price": 18855.58, "direction": "buy", "amount": 0.4}, {"trade_seq": 145, "trade_id": "2779419", "timestamp": 1513495932171, "tick_direction": 0, "price": 0.3888, "mark_price": 0.3881, "iv": 148.7, "instrument_name": "BTC-29DEC17-13000-C", "index_price": 19590.52, "direction": "buy", "amount": 1.5}, {"trade_seq": 144, "trade_id": "2774452", "timestamp": 1513481003999, "tick_direction": 0, "price": 0.3734, "mark_price": 0.37487495, "iv": 137.87, "instrument_name": "BTC-29DEC17-13000-C", "index_price": 19317.11, "direction": "sell", "amount": 0.4}, {"trade_seq": 143, "trade_id": "2774446", "timestamp": 1513480972216, "tick_direction": 2, "price": 0.3733, "mark_price": 0.3752425, "iv": 133.08, "instrument_name": "BTC-29DEC17-13000-C", "index_price": 19322.16, "direction": "sell", "amount": 0.3}, {"trade_seq": 142, "trade_id": "2773965", "timestamp": 1513477667050, "tick_direction": 0, "price": 0.38, "mark_price": 0.37351303, "iv": 185.13, "instrument_name": "BTC-29DEC17-13000-C", "index_price": 19282.67, "direction": "sell", "amount": 1.0}, {"trade_seq": 141, "trade_id": "2768480", "timestamp": 1513463844143, "tick_direction": 0, "price": 0.3745, "mark_price": 0.37241961, "iv": 162.79, "instrument_name": "BTC-29DEC17-13000-C", "index_price": 19387.65, "direction": "buy", "amount": 1.1}, {"trade_seq": 140, "trade_id": "2627233", "timestamp": 1513133145163, "tick_direction": 2, "price": 0.2735, "mark_price": 0.26387165, "iv": 168.15, "instrument_name": "BTC-29DEC17-13000-C", "index_price": 16740.43, "direction": "buy", "amount": 1.0}, {"trade_seq": 139, "trade_id": "2585351", "timestamp": 1513037990076, "tick_direction": 2, "price": 0.2814, "mark_price": 0.27728481, "iv": 153.23, "instrument_name": "BTC-29DEC17-13000-C", "index_price": 16570.23, "direction": "buy", "amount": 2.0}, {"trade_seq": 138, "trade_id": "2570031", "timestamp": 1513017152876, "tick_direction": 2, "price": 0.2818, "mark_price": 0.27844504, "iv": 151.68, "instrument_name": "BTC-29DEC17-13000-C", "index_price": 16623.21, "direction": "buy", "amount": 1.0}, {"trade_seq": 137, "trade_id": "2562451", "timestamp": 1512997616027, "tick_direction": 0, "price": 0.2893, "mark_price": 0.27583508, "iv": 170.05, "instrument_name": "BTC-29DEC17-13000-C", "index_price": 16641.64, "direction": "buy", "amount": 0.6}, {"trade_seq": 136, "trade_id": "2445021", "timestamp": 1512872072028, "tick_direction": 2, "price": 0.2, "mark_price": 0.18387228, "iv": 160.09, "instrument_name": "BTC-29DEC17-13000-C", "index_price": 14241.01, "direction": "buy", "amount": 1.0}, {"trade_seq": 135, "trade_id": "2424025", "timestamp": 1512841751914, "tick_direction": 0, "price": 0.2002, "mark_price": 0.15814798, "iv": 188.53, "instrument_name": "BTC-29DEC17-13000-C", "index_price": 13589.72, "direction": "sell", "amount": 0.4}, {"trade_seq": 134, "trade_id": "2424022", "timestamp": 1512841750643, "tick_direction": 0, "price": 0.1949, "mark_price": 0.15814798, "iv": 182.4, "instrument_name": "BTC-29DEC17-13000-C", "index_price": 13589.72, "direction": "sell", "amount": 0.1}, {"trade_seq": 133, "trade_id": "2424021", "timestamp": 1512841747189, "tick_direction": 2, "price": 0.1945, "mark_price": 0.15827322, "iv": 181.81, "instrument_name": "BTC-29DEC17-13000-C", "index_price": 13569.6, "direction": "sell", "amount": 0.5}, {"trade_seq": 132, "trade_id": "2423176", "timestamp": 1512841361216, "tick_direction": 0, "price": 0.2087, "mark_price": 0.16625713, "iv": 189.8, "instrument_name": "BTC-29DEC17-13000-C", "index_price": 13719.96, "direction": "buy", "amount": 0.3}, {"trade_seq": 131, "trade_id": "2423175", "timestamp": 1512841361216, "tick_direction": 2, "price": 0.2021, "mark_price": 0.16625713, "iv": 182.06, "instrument_name": "BTC-29DEC17-13000-C", "index_price": 13719.96, "direction": "sell", "amount": 0.3}, {"trade_seq": 130, "trade_id": "2422735", "timestamp": 1512841037452, "tick_direction": 0, "price": 0.2097, "mark_price": 0.16746697, "iv": 189.68, "instrument_name": "BTC-29DEC17-13000-C", "index_price": 13798.44, "direction": "sell", "amount": 0.1}, {"trade_seq": 129, "trade_id": "2422732", "timestamp": 1512841036760, "tick_direction": 2, "price": 0.2035, "mark_price": 0.16746697, "iv": 182.39, "instrument_name": "BTC-29DEC17-13000-C", "index_price": 13798.44, "direction": "sell", "amount": 0.3}, {"trade_seq": 128, "trade_id": "2422275", "timestamp": 1512840731199, "tick_direction": 0, "price": 0.2124, "mark_price": 0.17035167, "iv": 189.78, "instrument_name": "BTC-29DEC17-13000-C", "index_price": 13895.97, "direction": "buy", "amount": 0.6}, {"trade_seq": 127, "trade_id": "2422274", "timestamp": 1512840731199, "tick_direction": 2, "price": 0.2065, "mark_price": 0.17035167, "iv": 182.8, "instrument_name": "BTC-29DEC17-13000-C", "index_price": 13895.97, "direction": "sell", "amount": 0.4}, {"trade_seq": 126, "trade_id": "2405484", "timestamp": 1512817741276, "tick_direction": 0, "price": 0.216, "mark_price": 0.1738596, "iv": 169.1, "instrument_name": "BTC-29DEC17-13000-C", "index_price": 14871.89, "direction": "sell", "amount": 1.0}, {"trade_seq": 125, "trade_id": "2404868", "timestamp": 1512816822268, "tick_direction": 0, "price": 0.2127, "mark_price": 0.18244737, "iv": 155.46, "instrument_name": "BTC-29DEC17-13000-C", "index_price": 15035.45, "direction": "sell", "amount": 1.2}, {"trade_seq": 124, "trade_id": "2404144", "timestamp": 1512816135120, "tick_direction": 0, "price": 0.2113, "mark_price": 0.18640403, "iv": 149.07, "instrument_name": "BTC-29DEC17-13000-C", "index_price": 15077.75, "direction": "sell", "amount": 1.2}, {"trade_seq": 123, "trade_id": "2403936", "timestamp": 1512815958590, "tick_direction": 2, "price": 0.2108, "mark_price": 0.18759052, "iv": 147.01, "instrument_name": "BTC-29DEC17-13000-C", "index_price": 15134.07, "direction": "sell", "amount": 1.2}, {"trade_seq": 122, "trade_id": "2392210", "timestamp": 1512792514963, "tick_direction": 0, "price": 0.2438, "mark_price": 0.22577486, "iv": 140.89, "instrument_name": "BTC-29DEC17-13000-C", "index_price": 15796.17, "direction": "buy", "amount": 1.2}, {"trade_seq": 121, "trade_id": "2387079", "timestamp": 1512781625793, "tick_direction": 2, "price": 0.2331, "mark_price": 0.23462562, "iv": 109.21, "instrument_name": "BTC-29DEC17-13000-C", "index_price": 15923.9, "direction": "buy", "amount": 3.0}, {"trade_seq": 120, "trade_id": "2387078", "timestamp": 1512781625743, "tick_direction": 2, "price": 0.2395, "mark_price": 0.2326, "iv": 120.57, "instrument_name": "BTC-29DEC17-13000-C", "index_price": 15923.9, "direction": "buy", "amount": 1.5}, {"trade_seq": 119, "trade_id": "2356491", "timestamp": 1512745879756, "tick_direction": 0, "price": 0.246, "mark_price": 0.22859764, "iv": 139.66, "instrument_name": "BTC-29DEC17-13000-C", "index_price": 15664.64, "direction": "buy", "amount": 0.1}, {"trade_seq": 118, "trade_id": "2339477", "timestamp": 1512731455771, "tick_direction": 2, "price": 0.21, "mark_price": 0.1889028, "iv": 139.88, "instrument_name": "BTC-29DEC17-13000-C", "index_price": 14783.33, "direction": "sell", "amount": 0.1}, {"trade_seq": 117, "trade_id": "2339362", "timestamp": 1512731254886, "tick_direction": 2, "price": 0.2102, "mark_price": 0.19732395, "iv": 129.82, "instrument_name": "BTC-29DEC17-13000-C", "index_price": 14877.91, "direction": "sell", "amount": 2.5}, {"trade_seq": 116, "trade_id": "2330768", "timestamp": 1512724921064, "tick_direction": 2, "price": 0.24, "mark_price": 0.20921217, "iv": 155.33, "instrument_name": "BTC-29DEC17-13000-C", "index_price": 15466.24, "direction": "sell", "amount": 0.1}, {"trade_seq": 115, "trade_id": "2290791", "timestamp": 1512701363522, "tick_direction": 2, "price": 0.2799, "mark_price": 0.27714911, "iv": 118.13, "instrument_name": "BTC-29DEC17-13000-C", "index_price": 16828.67, "direction": "buy", "amount": 0.1}, {"trade_seq": 114, "trade_id": "2285240", "timestamp": 1512698672216, "tick_direction": 1, "price": 0.2816, "mark_price": 0.26673611, "iv": 140.26, "instrument_name": "BTC-29DEC17-13000-C", "index_price": 16794.64, "direction": "sell", "amount": 0.1}, {"trade_seq": 113, "trade_id": "2284740", "timestamp": 1512698596054, "tick_direction": 0, "price": 0.2816, "mark_price": 0.27010974, "iv": 134.71, "instrument_name": "BTC-29DEC17-13000-C", "index_price": 16893.84, "direction": "sell", "amount": 1.4}, {"trade_seq": 112, "trade_id": "2218334", "timestamp": 1512665675371, "tick_direction": 3, "price": 0.225, "mark_price": 0.19857665, "iv": 143.73, "instrument_name": "BTC-29DEC17-13000-C", "index_price": 15221.19, "direction": "sell", "amount": 0.5}, {"trade_seq": 111, "trade_id": "2218177", "timestamp": 1512665666988, "tick_direction": 3, "price": 0.225, "mark_price": 0.18749471, "iv": 156.07, "instrument_name": "BTC-29DEC17-13000-C", "index_price": 15718.35, "direction": "sell", "amount": 1.0}, {"trade_seq": 110, "trade_id": "2218156", "timestamp": 1512665665785, "tick_direction": 2, "price": 0.225, "mark_price": 0.1981971, "iv": 144.17, "instrument_name": "BTC-29DEC17-13000-C", "index_price": 15413.18, "direction": "sell", "amount": 1.5}, {"trade_seq": 109, "trade_id": "2198499", "timestamp": 1512662895234, "tick_direction": 0, "price": 0.24, "mark_price": 0.2226345, "iv": 134.52, "instrument_name": "BTC-29DEC17-13000-C", "index_price": 15838.64, "direction": "buy", "amount": 1.2}, {"trade_seq": 108, "trade_id": "2194147", "timestamp": 1512660891422, "tick_direction": 1, "price": 0.23, "mark_price": 0.21833201, "iv": 125.73, "instrument_name": "BTC-29DEC17-13000-C", "index_price": 15764.06, "direction": "buy", "amount": 0.3}, {"trade_seq": 107, "trade_id": "2194143", "timestamp": 1512660879483, "tick_direction": 0, "price": 0.23, "mark_price": 0.2183339, "iv": 125.73, "instrument_name": "BTC-29DEC17-13000-C", "index_price": 15751.09, "direction": "buy", "amount": 0.2}, {"trade_seq": 106, "trade_id": "2194142", "timestamp": 1512660879483, "tick_direction": 0, "price": 0.2292, "mark_price": 0.2183339, "iv": 124.56, "instrument_name": "BTC-29DEC17-13000-C", "index_price": 15751.09, "direction": "sell", "amount": 0.3}, {"trade_seq": 105, "trade_id": "2194046", "timestamp": 1512660735502, "tick_direction": 2, "price": 0.228, "mark_price": 0.21777708, "iv": 123.56, "instrument_name": "BTC-29DEC17-13000-C", "index_price": 15745.3, "direction": "buy", "amount": 0.5}, {"trade_seq": 104, "trade_id": "2193899", "timestamp": 1512660691186, "tick_direction": 0, "price": 0.23, "mark_price": 0.21766564, "iv": 126.65, "instrument_name": "BTC-29DEC17-13000-C", "index_price": 15733.95, "direction": "buy", "amount": 0.5}, {"trade_seq": 103, "trade_id": "2193812", "timestamp": 1512660626286, "tick_direction": 1, "price": 0.228, "mark_price": 0.21452723, "iv": 127.99, "instrument_name": "BTC-29DEC17-13000-C", "index_price": 15686.07, "direction": "buy", "amount": 0.4}, {"trade_seq": 102, "trade_id": "2193805", "timestamp": 1512660611371, "tick_direction": 0, "price": 0.228, "mark_price": 0.21452609, "iv": 127.99, "instrument_name": "BTC-29DEC17-13000-C", "index_price": 15702.79, "direction": "buy", "amount": 0.5}, {"trade_seq": 101, "trade_id": "2193804", "timestamp": 1512660611371, "tick_direction": 2, "price": 0.2268, "mark_price": 0.21452609, "iv": 126.28, "instrument_name": "BTC-29DEC17-13000-C", "index_price": 15702.79, "direction": "sell", "amount": 0.4}, {"trade_seq": 100, "trade_id": "2193459", "timestamp": 1512660272901, "tick_direction": 1, "price": 0.2275, "mark_price": 0.21344215, "iv": 128.72, "instrument_name": "BTC-29DEC17-13000-C", "index_price": 15671.29, "direction": "buy", "amount": 0.6}, {"trade_seq": 99, "trade_id": "2193458", "timestamp": 1512660272901, "tick_direction": 0, "price": 0.2275, "mark_price": 0.21344215, "iv": 128.72, "instrument_name": "BTC-29DEC17-13000-C", "index_price": 15671.29, "direction": "buy", "amount": 0.5}, {"trade_seq": 98, "trade_id": "2193457", "timestamp": 1512660272901, "tick_direction": 0, "price": 0.2243, "mark_price": 0.21344215, "iv": 124.14, "instrument_name": "BTC-29DEC17-13000-C", "index_price": 15671.29, "direction": "sell", "amount": 0.4}, {"trade_seq": 97, "trade_id": "2193455", "timestamp": 1512660272034, "tick_direction": 1, "price": 0.2235, "mark_price": 0.21344215, "iv": 122.99, "instrument_name": "BTC-29DEC17-13000-C", "index_price": 15671.29, "direction": "buy", "amount": 0.4}, {"trade_seq": 96, "trade_id": "2193162", "timestamp": 1512660156392, "tick_direction": 0, "price": 0.2235, "mark_price": 0.20375949, "iv": 135.51, "instrument_name": "BTC-29DEC17-13000-C", "index_price": 15095.41, "direction": "buy", "amount": 0.1}, {"trade_seq": 95, "trade_id": "2193161", "timestamp": 1512660156392, "tick_direction": 2, "price": 0.2136, "mark_price": 0.20375949, "iv": 122.0, "instrument_name": "BTC-29DEC17-13000-C", "index_price": 15095.41, "direction": "sell", "amount": 0.4}, {"trade_seq": 94, "trade_id": "2193135", "timestamp": 1512660120934, "tick_direction": 0, "price": 0.2195, "mark_price": 0.21073995, "iv": 120.93, "instrument_name": "BTC-29DEC17-13000-C", "index_price": 15652.73, "direction": "buy", "amount": 0.5}, {"trade_seq": 93, "trade_id": "2192481", "timestamp": 1512658849446, "tick_direction": 0, "price": 0.21, "mark_price": 0.19795286, "iv": 124.6, "instrument_name": "BTC-29DEC17-13000-C", "index_price": 15400.99, "direction": "buy", "amount": 0.1}, {"trade_seq": 92, "trade_id": "2192480", "timestamp": 1512658849446, "tick_direction": 0, "price": 0.2097, "mark_price": 0.19795286, "iv": 124.2, "instrument_name": "BTC-29DEC17-13000-C", "index_price": 15400.99, "direction": "sell", "amount": 0.4}, {"trade_seq": 91, "trade_id": "2192392", "timestamp": 1512658659970, "tick_direction": 0, "price": 0.205, "mark_price": 0.19415982, "iv": 122.72, "instrument_name": "BTC-29DEC17-13000-C", "index_price": 15384.21, "direction": "buy", "amount": 0.1}, {"trade_seq": 90, "trade_id": "2188487", "timestamp": 1512652550497, "tick_direction": 0, "price": 0.19, "mark_price": 0.17838804, "iv": 119.94, "instrument_name": "BTC-29DEC17-13000-C", "index_price": 14942.88, "direction": "buy", "amount": 0.1}, {"trade_seq": 89, "trade_id": "2180129", "timestamp": 1512646212320, "tick_direction": 2, "price": 0.166, "mark_price": 0.16886362, "iv": 101.4, "instrument_name": "BTC-29DEC17-13000-C", "index_price": 14999.29, "direction": "buy", "amount": 1.0}, {"trade_seq": 88, "trade_id": "2179118", "timestamp": 1512645121146, "tick_direction": 2, "price": 0.17, "mark_price": 0.1596516, "iv": 117.35, "instrument_name": "BTC-29DEC17-13000-C", "index_price": 14576.6, "direction": "buy", "amount": 0.1}, {"trade_seq": 87, "trade_id": "2174225", "timestamp": 1512641173935, "tick_direction": 0, "price": 0.173, "mark_price": 0.17105319, "iv": 107.45, "instrument_name": "BTC-29DEC17-13000-C", "index_price": 14885.6, "direction": "buy", "amount": 0.1}, {"trade_seq": 86, "trade_id": "2155361", "timestamp": 1512611520166, "tick_direction": 3, "price": 0.152, "mark_price": 0.14364426, "iv": 111.45, "instrument_name": "BTC-29DEC17-13000-C", "index_price": 14069.6, "direction": "buy", "amount": 0.1}, {"trade_seq": 85, "trade_id": "2154689", "timestamp": 1512610886598, "tick_direction": 3, "price": 0.152, "mark_price": 0.14701812, "iv": 107.71, "instrument_name": "BTC-29DEC17-13000-C", "index_price": 14220.25, "direction": "buy", "amount": 0.3}, {"trade_seq": 84, "trade_id": "2154564", "timestamp": 1512610690101, "tick_direction": 2, "price": 0.152, "mark_price": 0.14590814, "iv": 108.95, "instrument_name": "BTC-29DEC17-13000-C", "index_price": 14220.46, "direction": "buy", "amount": 0.3}, {"trade_seq": 83, "trade_id": "2150963", "timestamp": 1512606827145, "tick_direction": 0, "price": 0.1541, "mark_price": 0.13753268, "iv": 120.3, "instrument_name": "BTC-29DEC17-13000-C", "index_price": 14121.44, "direction": "sell", "amount": 0.2}, {"trade_seq": 82, "trade_id": "2130459", "timestamp": 1512588599025, "tick_direction": 0, "price": 0.1187, "mark_price": 0.10829542, "iv": 112.7, "instrument_name": "BTC-29DEC17-13000-C", "index_price": 13026.03, "direction": "buy", "amount": 0.2}, {"trade_seq": 81, "trade_id": "2130399", "timestamp": 1512588528617, "tick_direction": 0, "price": 0.1178, "mark_price": 0.10754701, "iv": 112.53, "instrument_name": "BTC-29DEC17-13000-C", "index_price": 13005.67, "direction": "sell", "amount": 1.0}, {"trade_seq": 80, "trade_id": "2128510", "timestamp": 1512586048631, "tick_direction": 2, "price": 0.1059, "mark_price": 0.09872097, "iv": 109.29, "instrument_name": "BTC-29DEC17-13000-C", "index_price": 12804.71, "direction": "sell", "amount": 0.3}, {"trade_seq": 79, "trade_id": "2128431", "timestamp": 1512585541055, "tick_direction": 0, "price": 0.1062, "mark_price": 0.09731376, "iv": 111.01, "instrument_name": "BTC-29DEC17-13000-C", "index_price": 12767.28, "direction": "sell", "amount": 0.2}, {"trade_seq": 78, "trade_id": "2128394", "timestamp": 1512585422137, "tick_direction": 0, "price": 0.106, "mark_price": 0.09793555, "iv": 110.18, "instrument_name": "BTC-29DEC17-13000-C", "index_price": 12777.9, "direction": "sell", "amount": 0.2}, {"trade_seq": 77, "trade_id": "2128194", "timestamp": 1512584356262, "tick_direction": 0, "price": 0.1059, "mark_price": 0.09713815, "iv": 110.88, "instrument_name": "BTC-29DEC17-13000-C", "index_price": 12745.51, "direction": "sell", "amount": 0.4}, {"trade_seq": 76, "trade_id": "2128020", "timestamp": 1512583185205, "tick_direction": 2, "price": 0.1046, "mark_price": 0.0947801, "iv": 111.93, "instrument_name": "BTC-29DEC17-13000-C", "index_price": 12718.54, "direction": "sell", "amount": 0.1}, {"trade_seq": 75, "trade_id": "2128018", "timestamp": 1512583182198, "tick_direction": 0, "price": 0.1047, "mark_price": 0.0947801, "iv": 112.03, "instrument_name": "BTC-29DEC17-13000-C", "index_price": 12718.54, "direction": "sell", "amount": 0.5}, {"trade_seq": 74, "trade_id": "2127946", "timestamp": 1512582993603, "tick_direction": 2, "price": 0.104, "mark_price": 0.0951749, "iv": 110.92, "instrument_name": "BTC-29DEC17-13000-C", "index_price": 12717.64, "direction": "sell", "amount": 0.1}, {"trade_seq": 73, "trade_id": "2127913", "timestamp": 1512582964340, "tick_direction": 2, "price": 0.1041, "mark_price": 0.09459145, "iv": 111.61, "instrument_name": "BTC-29DEC17-13000-C", "index_price": 12719.28, "direction": "sell", "amount": 0.1}, {"trade_seq": 72, "trade_id": "2127911", "timestamp": 1512582959900, "tick_direction": 2, "price": 0.1049, "mark_price": 0.09459145, "iv": 112.42, "instrument_name": "BTC-29DEC17-13000-C", "index_price": 12719.28, "direction": "sell", "amount": 0.1}, {"trade_seq": 71, "trade_id": "2127905", "timestamp": 1512582955854, "tick_direction": 2, "price": 0.105, "mark_price": 0.09458503, "iv": 112.53, "instrument_name": "BTC-29DEC17-13000-C", "index_price": 12720.6, "direction": "sell", "amount": 0.1}, {"trade_seq": 70, "trade_id": "2127841", "timestamp": 1512582900988, "tick_direction": 2, "price": 0.1051, "mark_price": 0.09523156, "iv": 111.98, "instrument_name": "BTC-29DEC17-13000-C", "index_price": 12722.81, "direction": "sell", "amount": 0.1}, {"trade_seq": 69, "trade_id": "2127776", "timestamp": 1512582833665, "tick_direction": 0, "price": 0.1121, "mark_price": 0.09630911, "iv": 117.99, "instrument_name": "BTC-29DEC17-13000-C", "index_price": 12745.12, "direction": "sell", "amount": 0.1}, {"trade_seq": 68, "trade_id": "2127756", "timestamp": 1512582603223, "tick_direction": 0, "price": 0.11, "mark_price": 0.0964702, "iv": 115.7, "instrument_name": "BTC-29DEC17-13000-C", "index_price": 12744.47, "direction": "sell", "amount": 0.1}, {"trade_seq": 67, "trade_id": "2127693", "timestamp": 1512582119671, "tick_direction": 0, "price": 0.105, "mark_price": 0.09593324, "iv": 111.17, "instrument_name": "BTC-29DEC17-13000-C", "index_price": 12721.68, "direction": "sell", "amount": 0.1}, {"trade_seq": 66, "trade_id": "2123991", "timestamp": 1512575164448, "tick_direction": 3, "price": 0.1, "mark_price": 0.09458788, "iv": 107.46, "instrument_name": "BTC-29DEC17-13000-C", "index_price": 12704.46, "direction": "sell", "amount": 0.2}, {"trade_seq": 65, "trade_id": "2123783", "timestamp": 1512574957864, "tick_direction": 2, "price": 0.1, "mark_price": 0.09388192, "iv": 108.17, "instrument_name": "BTC-29DEC17-13000-C", "index_price": 12710.27, "direction": "sell", "amount": 0.5}, {"trade_seq": 64, "trade_id": "2123302", "timestamp": 1512574582758, "tick_direction": 2, "price": 0.105, "mark_price": 0.09685036, "iv": 110.23, "instrument_name": "BTC-29DEC17-13000-C", "index_price": 12790.78, "direction": "sell", "amount": 0.5}, {"trade_seq": 63, "trade_id": "2122929", "timestamp": 1512573768174, "tick_direction": 1, "price": 0.1075, "mark_price": 0.09758127, "iv": 112.02, "instrument_name": "BTC-29DEC17-13000-C", "index_price": 12791.79, "direction": "sell", "amount": 0.2}, {"trade_seq": 62, "trade_id": "2122485", "timestamp": 1512572298993, "tick_direction": 0, "price": 0.1075, "mark_price": 0.09838586, "iv": 111.21, "instrument_name": "BTC-29DEC17-13000-C", "index_price": 12807.34, "direction": "sell", "amount": 0.2}, {"trade_seq": 61, "trade_id": "2122246", "timestamp": 1512571587138, "tick_direction": 0, "price": 0.1073, "mark_price": 0.0994846, "iv": 109.91, "instrument_name": "BTC-29DEC17-13000-C", "index_price": 12800.39, "direction": "sell", "amount": 0.3}, {"trade_seq": 60, "trade_id": "2122240", "timestamp": 1512571561096, "tick_direction": 0, "price": 0.107, "mark_price": 0.09914491, "iv": 109.94, "instrument_name": "BTC-29DEC17-13000-C", "index_price": 12799.17, "direction": "buy", "amount": 0.1}, {"trade_seq": 59, "trade_id": "2122168", "timestamp": 1512571241984, "tick_direction": 2, "price": 0.105, "mark_price": 0.09856897, "iv": 108.5, "instrument_name": "BTC-29DEC17-13000-C", "index_price": 12784.99, "direction": "sell", "amount": 0.3}, {"trade_seq": 58, "trade_id": "2122110", "timestamp": 1512570906209, "tick_direction": 0, "price": 0.11, "mark_price": 0.09955208, "iv": 112.57, "instrument_name": "BTC-29DEC17-13000-C", "index_price": 12791.1, "direction": "sell", "amount": 0.3}, {"trade_seq": 57, "trade_id": "2119175", "timestamp": 1512561786207, "tick_direction": 3, "price": 0.1, "mark_price": 0.09597964, "iv": 106.04, "instrument_name": "BTC-29DEC17-13000-C", "index_price": 12663.1, "direction": "buy", "amount": 0.3}, {"trade_seq": 56, "trade_id": "2119169", "timestamp": 1512561781646, "tick_direction": 3, "price": 0.1, "mark_price": 0.09599388, "iv": 106.03, "instrument_name": "BTC-29DEC17-13000-C", "index_price": 12665.95, "direction": "buy", "amount": 0.2}, {"trade_seq": 55, "trade_id": "2119167", "timestamp": 1512561780510, "tick_direction": 2, "price": 0.1, "mark_price": 0.09592403, "iv": 106.1, "instrument_name": "BTC-29DEC17-13000-C", "index_price": 12665.95, "direction": "buy", "amount": 0.2}, {"trade_seq": 54, "trade_id": "2118752", "timestamp": 1512561148539, "tick_direction": 2, "price": 0.102, "mark_price": 0.09807212, "iv": 105.96, "instrument_name": "BTC-29DEC17-13000-C", "index_price": 12727.49, "direction": "buy", "amount": 0.1}, {"trade_seq": 53, "trade_id": "2116603", "timestamp": 1512558463135, "tick_direction": 2, "price": 0.1023, "mark_price": 0.09504978, "iv": 109.28, "instrument_name": "BTC-29DEC17-13000-C", "index_price": 12495.55, "direction": "sell", "amount": 0.7}, {"trade_seq": 52, "trade_id": "2114693", "timestamp": 1512556418397, "tick_direction": 0, "price": 0.1124, "mark_price": 0.09956168, "iv": 114.94, "instrument_name": "BTC-29DEC17-13000-C", "index_price": 12694.79, "direction": "sell", "amount": 0.2}, {"trade_seq": 51, "trade_id": "2114592", "timestamp": 1512556221155, "tick_direction": 1, "price": 0.1048, "mark_price": 0.0982038, "iv": 108.64, "instrument_name": "BTC-29DEC17-13000-C", "index_price": 12663.52, "direction": "buy", "amount": 0.7}, {"trade_seq": 50, "trade_id": "2114416", "timestamp": 1512555927358, "tick_direction": 0, "price": 0.1048, "mark_price": 0.09747804, "iv": 109.36, "instrument_name": "BTC-29DEC17-13000-C", "index_price": 12657.61, "direction": "buy", "amount": 0.3}, {"trade_seq": 49, "trade_id": "2113867", "timestamp": 1512554835662, "tick_direction": 1, "price": 0.1023, "mark_price": 0.09501281, "iv": 109.31, "instrument_name": "BTC-29DEC17-13000-C", "index_price": 12623.87, "direction": "sell", "amount": 0.2}, {"trade_seq": 48, "trade_id": "2113849", "timestamp": 1512554724658, "tick_direction": 0, "price": 0.1023, "mark_price": 0.09407216, "iv": 110.25, "instrument_name": "BTC-29DEC17-13000-C", "index_price": 12611.94, "direction": "buy", "amount": 0.1}, {"trade_seq": 47, "trade_id": "2103901", "timestamp": 1512527489698, "tick_direction": 0, "price": 0.0927, "mark_price": 0.08130918, "iv": 113.33, "instrument_name": "BTC-29DEC17-13000-C", "index_price": 12094.09, "direction": "sell", "amount": 0.1}, {"trade_seq": 46, "trade_id": "2103222", "timestamp": 1512526791884, "tick_direction": 3, "price": 0.0814, "mark_price": 0.0784906, "iv": 104.9, "instrument_name": "BTC-29DEC17-13000-C", "index_price": 11991.67, "direction": "buy", "amount": 0.2}, {"trade_seq": 45, "trade_id": "2103221", "timestamp": 1512526791884, "tick_direction": 2, "price": 0.0814, "mark_price": 0.0784906, "iv": 104.9, "instrument_name": "BTC-29DEC17-13000-C", "index_price": 11991.67, "direction": "buy", "amount": 0.2}, {"trade_seq": 44, "trade_id": "2093847", "timestamp": 1512498213296, "tick_direction": 0, "price": 0.0842, "mark_price": 0.06620266, "iv": 120.08, "instrument_name": "BTC-29DEC17-13000-C", "index_price": 11703.01, "direction": "buy", "amount": 1.0}, {"trade_seq": 43, "trade_id": "2092745", "timestamp": 1512494112877, "tick_direction": 2, "price": 0.0688, "mark_price": 0.06705966, "iv": 103.76, "instrument_name": "BTC-29DEC17-13000-C", "index_price": 11713.6, "direction": "buy", "amount": 0.1}, {"trade_seq": 42, "trade_id": "2081067", "timestamp": 1512464001421, "tick_direction": 0, "price": 0.0823, "mark_price": 0.07179806, "iv": 112.4, "instrument_name": "BTC-29DEC17-13000-C", "index_price": 11790.71, "direction": "sell", "amount": 0.7}, {"trade_seq": 41, "trade_id": "2080095", "timestamp": 1512460835047, "tick_direction": 1, "price": 0.075, "mark_price": 0.07073674, "iv": 104.22, "instrument_name": "BTC-29DEC17-13000-C", "index_price": 11789.23, "direction": "buy", "amount": 0.5}, {"trade_seq": 40, "trade_id": "2080066", "timestamp": 1512460782313, "tick_direction": 0, "price": 0.075, "mark_price": 0.07055698, "iv": 104.4, "instrument_name": "BTC-29DEC17-13000-C", "index_price": 11788.56, "direction": "buy", "amount": 0.5}, {"trade_seq": 39, "trade_id": "2043923", "timestamp": 1512354953886, "tick_direction": 0, "price": 0.0618, "mark_price": 0.05383619, "iv": 108.11, "instrument_name": "BTC-29DEC17-13000-C", "index_price": 11252.34, "direction": "buy", "amount": 1.0}, {"trade_seq": 38, "trade_id": "2032634", "timestamp": 1512339141053, "tick_direction": 0, "price": 0.0552, "mark_price": 0.04136253, "iv": 114.96, "instrument_name": "BTC-29DEC17-13000-C", "index_price": 10822.98, "direction": "sell", "amount": 0.1}, {"trade_seq": 37, "trade_id": "2031475", "timestamp": 1512338930058, "tick_direction": 2, "price": 0.0501, "mark_price": 0.03729389, "iv": 114.32, "instrument_name": "BTC-29DEC17-13000-C", "index_price": 10671.72, "direction": "sell", "amount": 0.9}, {"trade_seq": 36, "trade_id": "2021079", "timestamp": 1512336564224, "tick_direction": 2, "price": 0.0651, "mark_price": 0.04962668, "iv": 115.88, "instrument_name": "BTC-29DEC17-13000-C", "index_price": 11135.28, "direction": "sell", "amount": 0.1}, {"trade_seq": 35, "trade_id": "2013971", "timestamp": 1512330696654, "tick_direction": 2, "price": 0.075, "mark_price": 0.06986063, "iv": 104.96, "instrument_name": "BTC-29DEC17-13000-C", "index_price": 11711.5, "direction": "buy", "amount": 0.1}, {"trade_seq": 34, "trade_id": "2006036", "timestamp": 1512309225939, "tick_direction": 0, "price": 0.0757, "mark_price": 0.07016504, "iv": 105.32, "instrument_name": "BTC-29DEC17-13000-C", "index_price": 11633.75, "direction": "buy", "amount": 0.1}, {"trade_seq": 33, "trade_id": "2005998", "timestamp": 1512309097158, "tick_direction": 0, "price": 0.073, "mark_price": 0.07039151, "iv": 102.51, "instrument_name": "BTC-29DEC17-13000-C", "index_price": 11631.78, "direction": "buy", "amount": 0.1}, {"trade_seq": 32, "trade_id": "2005971", "timestamp": 1512308982797, "tick_direction": 2, "price": 0.0729, "mark_price": 0.07000457, "iv": 102.79, "instrument_name": "BTC-29DEC17-13000-C", "index_price": 11634.77, "direction": "buy", "amount": 0.1}, {"trade_seq": 31, "trade_id": "1999370", "timestamp": 1512300184150, "tick_direction": 2, "price": 0.076, "mark_price": 0.06407563, "iv": 111.56, "instrument_name": "BTC-29DEC17-13000-C", "index_price": 11367.27, "direction": "sell", "amount": 0.1}, {"trade_seq": 30, "trade_id": "1999367", "timestamp": 1512300168685, "tick_direction": 0, "price": 0.079, "mark_price": 0.06432907, "iv": 114.2, "instrument_name": "BTC-29DEC17-13000-C", "index_price": 11361.94, "direction": "sell", "amount": 0.1}, {"trade_seq": 29, "trade_id": "1973541", "timestamp": 1512225249777, "tick_direction": 3, "price": 0.0507, "mark_price": 0.04390541, "iv": 107.18, "instrument_name": "BTC-29DEC17-13000-C", "index_price": 10752.44, "direction": "sell", "amount": 0.1}, {"trade_seq": 28, "trade_id": "1973526", "timestamp": 1512225234867, "tick_direction": 2, "price": 0.0507, "mark_price": 0.04422372, "iv": 106.83, "instrument_name": "BTC-29DEC17-13000-C", "index_price": 10752.86, "direction": "sell", "amount": 1.0}, {"trade_seq": 27, "trade_id": "1972994", "timestamp": 1512224348867, "tick_direction": 2, "price": 0.0544, "mark_price": 0.04704285, "iv": 107.6, "instrument_name": "BTC-29DEC17-13000-C", "index_price": 10874.41, "direction": "sell", "amount": 0.8}, {"trade_seq": 26, "trade_id": "1966012", "timestamp": 1512209059601, "tick_direction": 1, "price": 0.068, "mark_price": 0.0607066, "iv": 107.05, "instrument_name": "BTC-29DEC17-13000-C", "index_price": 10948.92, "direction": "buy", "amount": 0.7}, {"trade_seq": 25, "trade_id": "1965426", "timestamp": 1512208237143, "tick_direction": 1, "price": 0.068, "mark_price": 0.05875677, "iv": 108.98, "instrument_name": "BTC-29DEC17-13000-C", "index_price": 11101.76, "direction": "buy", "amount": 0.8}, {"trade_seq": 24, "trade_id": "1965351", "timestamp": 1512208200298, "tick_direction": 0, "price": 0.068, "mark_price": 0.05817857, "iv": 109.55, "instrument_name": "BTC-29DEC17-13000-C", "index_price": 11099.92, "direction": "buy", "amount": 0.8}, {"trade_seq": 23, "trade_id": "1964313", "timestamp": 1512205668048, "tick_direction": 0, "price": 0.0679, "mark_price": 0.0547762, "iv": 112.89, "instrument_name": "BTC-29DEC17-13000-C", "index_price": 11043.39, "direction": "sell", "amount": 1.5}, {"trade_seq": 22, "trade_id": "1964308", "timestamp": 1512205667316, "tick_direction": 0, "price": 0.067, "mark_price": 0.0547762, "iv": 112.02, "instrument_name": "BTC-29DEC17-13000-C", "index_price": 11043.39, "direction": "buy", "amount": 0.2}, {"trade_seq": 21, "trade_id": "1951871", "timestamp": 1512180056084, "tick_direction": 2, "price": 0.0668, "mark_price": 0.05554259, "iv": 111.0, "instrument_name": "BTC-29DEC17-13000-C", "index_price": 11046.2, "direction": "buy", "amount": 0.7}, {"trade_seq": 20, "trade_id": "1950321", "timestamp": 1512177818935, "tick_direction": 2, "price": 0.0669, "mark_price": 0.05364742, "iv": 113.02, "instrument_name": "BTC-29DEC17-13000-C", "index_price": 10979.57, "direction": "sell", "amount": 1.5}, {"trade_seq": 19, "trade_id": "1942921", "timestamp": 1512166606197, "tick_direction": 2, "price": 0.0679, "mark_price": 0.05161325, "iv": 116.07, "instrument_name": "BTC-29DEC17-13000-C", "index_price": 10910.61, "direction": "sell", "amount": 0.1}, {"trade_seq": 18, "trade_id": "1933821", "timestamp": 1512149684533, "tick_direction": 0, "price": 0.5, "mark_price": 0.03774686, "iv": 500.0, "instrument_name": "BTC-29DEC17-13000-C", "index_price": 10546.61, "direction": "sell", "amount": 0.5}, {"trade_seq": 17, "trade_id": "1933820", "timestamp": 1512149684485, "tick_direction": 0, "price": 0.0681, "mark_price": 0.03774686, "iv": 126.31, "instrument_name": "BTC-29DEC17-13000-C", "index_price": 10546.61, "direction": "buy", "amount": 1.0}, {"trade_seq": 16, "trade_id": "1933819", "timestamp": 1512149684485, "tick_direction": 0, "price": 0.0679, "mark_price": 0.03774686, "iv": 126.11, "instrument_name": "BTC-29DEC17-13000-C", "index_price": 10546.61, "direction": "buy", "amount": 2.5}, {"trade_seq": 15, "trade_id": "1922565", "timestamp": 1512134283635, "tick_direction": 0, "price": 0.0468, "mark_price": 0.03795141, "iv": 104.48, "instrument_name": "BTC-29DEC17-13000-C", "index_price": 10435.8, "direction": "buy", "amount": 0.2}, {"trade_seq": 14, "trade_id": "1908475", "timestamp": 1512109214409, "tick_direction": 2, "price": 0.0226, "mark_price": 0.01734507, "iv": 100.84, "instrument_name": "BTC-29DEC17-13000-C", "index_price": 9585.87, "direction": "buy", "amount": 0.5}, {"trade_seq": 13, "trade_id": "1908473", "timestamp": 1512109209225, "tick_direction": 2, "price": 0.0228, "mark_price": 0.01730994, "iv": 101.19, "instrument_name": "BTC-29DEC17-13000-C", "index_price": 9585.87, "direction": "buy", "amount": 1.2}, {"trade_seq": 12, "trade_id": "1902038", "timestamp": 1512092341468, "tick_direction": 3, "price": 0.0266, "mark_price": 0.0214931, "iv": 99.89, "instrument_name": "BTC-29DEC17-13000-C", "index_price": 9787.31, "direction": "buy", "amount": 0.2}, {"trade_seq": 11, "trade_id": "1902037", "timestamp": 1512092341468, "tick_direction": 2, "price": 0.0266, "mark_price": 0.0214931, "iv": 99.89, "instrument_name": "BTC-29DEC17-13000-C", "index_price": 9787.31, "direction": "buy", "amount": 0.1}, {"trade_seq": 10, "trade_id": "1885136", "timestamp": 1512071203951, "tick_direction": 0, "price": 0.0307, "mark_price": 0.02008033, "iv": 106.13, "instrument_name": "BTC-29DEC17-13000-C", "index_price": 9865.64, "direction": "sell", "amount": 1.0}, {"trade_seq": 9, "trade_id": "1869127", "timestamp": 1512051254061, "tick_direction": 2, "price": 0.016, "mark_price": 0.01186163, "iv": 97.4, "instrument_name": "BTC-29DEC17-13000-C", "index_price": 9248.25, "direction": "sell", "amount": 0.2}, {"trade_seq": 8, "trade_id": "1846072", "timestamp": 1512024471387, "tick_direction": 2, "price": 0.0316, "mark_price": 0.02630866, "iv": 96.38, "instrument_name": "BTC-29DEC17-13000-C", "index_price": 10123.73, "direction": "sell", "amount": 0.1}, {"trade_seq": 7, "trade_id": "1843090", "timestamp": 1512022545224, "tick_direction": 1, "price": 0.0361, "mark_price": 0.02652569, "iv": 101.28, "instrument_name": "BTC-29DEC17-13000-C", "index_price": 10069.79, "direction": "sell", "amount": 0.6}, {"trade_seq": 6, "trade_id": "1842854", "timestamp": 1512022445662, "tick_direction": 0, "price": 0.0361, "mark_price": 0.0259695, "iv": 102.01, "instrument_name": "BTC-29DEC17-13000-C", "index_price": 10623.63, "direction": "sell", "amount": 0.4}, {"trade_seq": 5, "trade_id": "1819629", "timestamp": 1511994461372, "tick_direction": 2, "price": 0.0303, "mark_price": 0.03069052, "iv": 89.55, "instrument_name": "BTC-29DEC17-13000-C", "index_price": 10257.77, "direction": "buy", "amount": 0.5}, {"trade_seq": 4, "trade_id": "1819575", "timestamp": 1511994443054, "tick_direction": 2, "price": 0.0518, "mark_price": 0.03116213, "iv": 112.07, "instrument_name": "BTC-29DEC17-13000-C", "index_price": 10254.23, "direction": "buy", "amount": 0.1}, {"trade_seq": 3, "trade_id": "1809873", "timestamp": 1511987527581, "tick_direction": 0, "price": 0.0519, "mark_price": 0.02257103, "iv": 123.79, "instrument_name": "BTC-29DEC17-13000-C", "index_price": 9921.7, "direction": "buy", "amount": 0.1}, {"trade_seq": 2, "trade_id": "1780303", "timestamp": 1511968891503, "tick_direction": 2, "price": 0.0433, "mark_price": 0.03872108, "iv": 90.67, "instrument_name": "BTC-29DEC17-13000-C", "index_price": 10833.41, "direction": "buy", "amount": 0.1}, {"trade_seq": 1, "trade_id": "1774594", "timestamp": 1511964761119, "tick_direction": 1, "price": 0.065, "mark_price": 0.05515129, "iv": 95.05, "instrument_name": "BTC-29DEC17-13000-C", "index_price": 11321.84, "direction": "buy", "amount": 2.0}], "has_more": false}