{"trades": [{"trade_seq": 5284, "trade_id": "238397272", "timestamp": 1672364329661, "tick_direction": 3, "price": 0.0005, "mark_price": 0.00028821, "iv": 60.77, "instrument_name": "BTC-30DEC22-17000-C", "index_price": 16600.85, "direction": "sell", "amount": 0.6}, {"trade_seq": 5283, "trade_id": "238395771", "timestamp": 1672356962662, "tick_direction": 3, "price": 0.0005, "mark_price": 0.00076952, "iv": 48.5, "instrument_name": "BTC-30DEC22-17000-C", "index_price": 16639.75, "direction": "sell", "amount": 0.1}, {"trade_seq": 5282, "trade_id": "238395770", "timestamp": 1672356962662, "tick_direction": 3, "price": 0.0005, "mark_price": 0.00076952, "iv": 48.5, "instrument_name": "BTC-30DEC22-17000-C", "index_price": 16639.75, "direction": "sell", "amount": 0.5}, {"trade_seq": 5281, "trade_id": "238395769", "timestamp": 1672356962662, "tick_direction": 3, "price": 0.0005, "mark_price": 0.00076952, "iv": 48.5, "instrument_name": "BTC-30DEC22-17000-C", "index_price": 16639.75, "direction": "sell", "amount": 0.2}, {"trade_seq": 5280, "trade_id": "238395768", "timestamp": 1672356962662, "tick_direction": 3, "price": 0.0005, "mark_price": 0.00076952, "iv": 48.5, "instrument_name": "BTC-30DEC22-17000-C", "index_price": 16639.75, "direction": "sell", "amount": 1.0}, {"trade_seq": 5279, "trade_id": "238395767", "timestamp": 1672356962662, "tick_direction": 3, "price": 0.0005, "mark_price": 0.00076952, "iv": 48.5, "instrument_name": "BTC-30DEC22-17000-C", "index_price": 16639.75, "direction": "sell", "amount": 0.4}, {"trade_seq": 5278, "trade_id": "238395606", "timestamp": 1672356495193, "tick_direction": 2, "price": 0.0005, "mark_price": 0.00075691, "iv": 48.87, "instrument_name": "BTC-30DEC22-17000-C", "index_price": 16630.54, "direction": "sell", "amount": 0.1}, {"trade_seq": 5277, "trade_id": "238394510", "timestamp": 1672353634098, "tick_direction": 1, "price": 0.001, "mark_price": 0.00082342, "iv": 56.65, "instrument_name": "BTC-30DEC22-17000-C", "index_price": 16622.29, "direction": "buy", "amount": 0.2}, {"trade_seq": 5276, "trade_id": "238393732", "timestamp": 1672352091712, "tick_direction": 0, "price": 0.001, "mark_price": 0.00072369, "iv": 58.27, "instrument_name": "BTC-30DEC22-17000-C", "index_price": 16599.79, "direction": "buy", "amount": 0.2}, {"trade_seq": 5275, "trade_id": "238393098", "timestamp": 1672349969957, "tick_direction": 3, "price": 0.0005, "mark_price": 0.00075356, "iv": 47.11, "instrument_name": "BTC-30DEC22-17000-C", "index_price": 16601.43, "direction": "sell", "amount": 0.1}, {"trade_seq": 5274, "trade_id": "238392415", "timestamp": 1672347759576, "tick_direction": 3, "price": 0.0005, "mark_price": 0.00069541, "iv": 46.47, "instrument_name": "BTC-30DEC22-17000-C", "index_price": 16588.98, "direction": "sell", "amount": 20.0}, {"trade_seq": 5273, "trade_id": "238392054", "timestamp": 1672346786572, "tick_direction": 3, "price": 0.0005, "mark_price": 0.00074396, "iv": 46.64, "instrument_name": "BTC-30DEC22-17000-C", "index_price": 16580.95, "direction": "sell", "amount": 3.0}, {"trade_seq": 5272, "trade_id": "238388288", "timestamp": 1672339933802, "tick_direction": 3, "price": 0.0005, "mark_price": 0.00092469, "iv": 40.86, "instrument_name": "BTC-30DEC22-17000-C", "index_price": 16611.05, "direction": "sell", "amount": 0.1}, {"trade_seq": 5271, "trade_id": "238387886", "timestamp": 1672337310820, "tick_direction": 2, "price": 0.0005, "mark_price": 0.00088084, "iv": 40.72, "instrument_name": "BTC-30DEC22-17000-C", "index_price": 16601.26, "direction": "sell", "amount": 0.1}, {"trade_seq": 5270, "trade_id": "238386632", "timestamp": 1672333016387, "tick_direction": 2, "price": 0.001, "mark_price": 0.00092383, "iv": 43.83, "instrument_name": "BTC-30DEC22-17000-C", "index_price": 16631.48, "direction": "sell", "amount": 0.1}, {"trade_seq": 5269, "trade_id": "238385890", "timestamp": 1672331039718, "tick_direction": 1, "price": 0.0015, "mark_price": 0.00124189, "iv": 50.04, "instrument_name": "BTC-30DEC22-17000-C", "index_price": 16622.62, "direction": "buy", "amount": 1.0}, {"trade_seq": 5268, "trade_id": "238385885", "timestamp": 1672331018806, "tick_direction": 1, "price": 0.0015, "mark_price": 0.00125263, "iv": 50.05, "instrument_name": "BTC-30DEC22-17000-C", "index_price": 16622.4, "direction": "buy", "amount": 5.8}, {"trade_seq": 5267, "trade_id": "238385884", "timestamp": 1672331018806, "tick_direction": 1, "price": 0.0015, "mark_price": 0.00125263, "iv": 50.05, "instrument_name": "BTC-30DEC22-17000-C", "index_price": 16622.4, "direction": "buy", "amount": 17.0}, {"trade_seq": 5266, "trade_id": "238385883", "timestamp": 1672331018806, "tick_direction": 1, "price": 0.0015, "mark_price": 0.00125263, "iv": 50.05, "instrument_name": "BTC-30DEC22-17000-C", "index_price": 16622.4, "direction": "buy", "amount": 8.0}, {"trade_seq": 5265, "trade_id": "238385882", "timestamp": 1672331018806, "tick_direction": 1, "price": 0.0015, "mark_price": 0.00125263, "iv": 50.05, "instrument_name": "BTC-30DEC22-17000-C", "index_price": 16622.4, "direction": "buy", "amount": 0.1}, {"trade_seq": 5264, "trade_id": "238385881", "timestamp": 1672331018806, "tick_direction": 1, "price": 0.0015, "mark_price": 0.00125263, "iv": 50.05, "instrument_name": "BTC-30DEC22-17000-C", "index_price": 16622.4, "direction": "buy", "amount": 29.1}, {"trade_seq": 5263, "trade_id": "238385880", "timestamp": 1672331018806, "tick_direction": 1, "price": 0.0015, "mark_price": 0.00125263, "iv": 50.05, "instrument_name": "BTC-30DEC22-17000-C", "index_price": 16622.4, "direction": "buy", "amount": 17.0}, {"trade_seq": 5262, "trade_id": "238385876", "timestamp": 1672330960181, "tick_direction": 1, "price": 0.0015, "mark_price": 0.00126615, "iv": 50.08, "instrument_name": "BTC-30DEC22-17000-C", "index_price": 16621.31, "direction": "buy", "amount": 15.0}, {"trade_seq": 5261, "trade_id": "238385875", "timestamp": 1672330960181, "tick_direction": 1, "price": 0.0015, "mark_price": 0.00126615, "iv": 50.08, "instrument_name": "BTC-30DEC22-17000-C", "index_price": 16621.31, "direction": "buy", "amount": 21.9}, {"trade_seq": 5260, "trade_id": "238385874", "timestamp": 1672330960181, "tick_direction": 1, "price": 0.0015, "mark_price": 0.00126615, "iv": 50.08, "instrument_name": "BTC-30DEC22-17000-C", "index_price": 16621.31, "direction": "buy", "amount": 0.4}, {"trade_seq": 5259, "trade_id": "238385873", "timestamp": 1672330960181, "tick_direction": 1, "price": 0.0015, "mark_price": 0.00126615, "iv": 50.08, "instrument_name": "BTC-30DEC22-17000-C", "index_price": 16621.31, "direction": "buy", "amount": 9.7}, {"trade_seq": 5258, "trade_id": "238385872", "timestamp": 1672330960181, "tick_direction": 1, "price": 0.0015, "mark_price": 0.00126615, "iv": 50.08, "instrument_name": "BTC-30DEC22-17000-C", "index_price": 16621.31, "direction": "buy", "amount": 4.0}, {"trade_seq": 5257, "trade_id": "238385871", "timestamp": 1672330960181, "tick_direction": 0, "price": 0.0015, "mark_price": 0.00126615, "iv": 50.08, "instrument_name": "BTC-30DEC22-17000-C", "index_price": 16621.31, "direction": "buy", "amount": 20.9}, {"trade_seq": 5256, "trade_id": "238385711", "timestamp": 1672330677851, "tick_direction": 3, "price": 0.001, "mark_price": 0.00126058, "iv": 44.65, "instrument_name": "BTC-30DEC22-17000-C", "index_price": 16613.92, "direction": "sell", "amount": 0.1}, {"trade_seq": 5255, "trade_id": "238385540", "timestamp": 1672330147436, "tick_direction": 3, "price": 0.001, "mark_price": 0.00121224, "iv": 45.0, "instrument_name": "BTC-30DEC22-17000-C", "index_price": 16610.38, "direction": "sell", "amount": 0.1}, {"trade_seq": 5254, "trade_id": "238385138", "timestamp": 1672329465293, "tick_direction": 3, "price": 0.001, "mark_price": 0.00118029, "iv": 44.77, "instrument_name": "BTC-30DEC22-17000-C", "index_price": 16608.36, "direction": "sell", "amount": 1.3}, {"trade_seq": 5253, "trade_id": "238384392", "timestamp": 1672327470627, "tick_direction": 3, "price": 0.001, "mark_price": 0.00119358, "iv": 41.89, "instrument_name": "BTC-30DEC22-17000-C", "index_price": 16633.28, "direction": "sell", "amount": 0.1}, {"trade_seq": 5252, "trade_id": "238384376", "timestamp": 1672327301632, "tick_direction": 2, "price": 0.001, "mark_price": 0.00120326, "iv": 41.63, "instrument_name": "BTC-30DEC22-17000-C", "index_price": 16636.7, "direction": "sell", "amount": 2.0}, {"trade_seq": 5251, "trade_id": "238384291", "timestamp": 1672326917532, "tick_direction": 1, "price": 0.0015, "mark_price": 0.00122912, "iv": 46.49, "instrument_name": "BTC-30DEC22-17000-C", "index_price": 16640.89, "direction": "buy", "amount": 0.1}, {"trade_seq": 5250, "trade_id": "238384290", "timestamp": 1672326917532, "tick_direction": 0, "price": 0.0015, "mark_price": 0.00122912, "iv": 46.49, "instrument_name": "BTC-30DEC22-17000-C", "index_price": 16640.89, "direction": "buy", "amount": 0.1}, {"trade_seq": 5249, "trade_id": "238384277", "timestamp": 1672326799532, "tick_direction": 3, "price": 0.001, "mark_price": 0.00124796, "iv": 40.9, "instrument_name": "BTC-30DEC22-17000-C", "index_price": 16640.2, "direction": "sell", "amount": 1.0}, {"trade_seq": 5248, "trade_id": "238383927", "timestamp": 1672326243183, "tick_direction": 3, "price": 0.001, "mark_price": 0.00120639, "iv": 41.93, "instrument_name": "BTC-30DEC22-17000-C", "index_price": 16623.87, "direction": "sell", "amount": 3.1}, {"trade_seq": 5247, "trade_id": "238382981", "timestamp": 1672324850735, "tick_direction": 3, "price": 0.001, "mark_price": 0.00137246, "iv": 39.88, "instrument_name": "BTC-30DEC22-17000-C", "index_price": 16643.5, "direction": "sell", "amount": 0.1}, {"trade_seq": 5246, "trade_id": "238382401", "timestamp": 1672324410658, "tick_direction": 3, "price": 0.001, "mark_price": 0.00121223, "iv": 42.24, "instrument_name": "BTC-30DEC22-17000-C", "index_price": 16609.89, "direction": "sell", "amount": 1.0}, {"trade_seq": 5245, "trade_id": "238381941", "timestamp": 1672323978371, "tick_direction": 3, "price": 0.001, "mark_price": 0.00126531, "iv": 42.0, "instrument_name": "BTC-30DEC22-17000-C", "index_price": 16617.97, "direction": "sell", "amount": 0.2}, {"trade_seq": 5244, "trade_id": "238381894", "timestamp": 1672323920496, "tick_direction": 2, "price": 0.001, "mark_price": 0.00127278, "iv": 41.95, "instrument_name": "BTC-30DEC22-17000-C", "index_price": 16616.79, "direction": "sell", "amount": 0.2}, {"trade_seq": 5243, "trade_id": "238381419", "timestamp": 1672323453344, "tick_direction": 1, "price": 0.0015, "mark_price": 0.00121205, "iv": 48.03, "instrument_name": "BTC-30DEC22-17000-C", "index_price": 16599.24, "direction": "buy", "amount": 1.0}, {"trade_seq": 5242, "trade_id": "238381382", "timestamp": 1672323413919, "tick_direction": 0, "price": 0.0015, "mark_price": 0.00120162, "iv": 48.13, "instrument_name": "BTC-30DEC22-17000-C", "index_price": 16597.35, "direction": "buy", "amount": 1.0}, {"trade_seq": 5241, "trade_id": "238381270", "timestamp": 1672323289299, "tick_direction": 3, "price": 0.001, "mark_price": 0.00119318, "iv": 42.64, "instrument_name": "BTC-30DEC22-17000-C", "index_price": 16599.78, "direction": "sell", "amount": 0.1}, {"trade_seq": 5240, "trade_id": "238380278", "timestamp": 1672321915934, "tick_direction": 3, "price": 0.001, "mark_price": 0.00119565, "iv": 40.39, "instrument_name": "BTC-30DEC22-17000-C", "index_price": 16625.16, "direction": "sell", "amount": 0.1}, {"trade_seq": 5239, "trade_id": "238380223", "timestamp": 1672321827781, "tick_direction": 3, "price": 0.001, "mark_price": 0.00122586, "iv": 40.02, "instrument_name": "BTC-30DEC22-17000-C", "index_price": 16629.06, "direction": "sell", "amount": 0.1}, {"trade_seq": 5238, "trade_id": "238380206", "timestamp": 1672321799892, "tick_direction": 3, "price": 0.001, "mark_price": 0.00122623, "iv": 40.01, "instrument_name": "BTC-30DEC22-17000-C", "index_price": 16628.67, "direction": "sell", "amount": 0.2}, {"trade_seq": 5237, "trade_id": "238379672", "timestamp": 1672321268722, "tick_direction": 3, "price": 0.001, "mark_price": 0.00125522, "iv": 40.13, "instrument_name": "BTC-30DEC22-17000-C", "index_price": 16623.1, "direction": "sell", "amount": 0.2}, {"trade_seq": 5236, "trade_id": "238379610", "timestamp": 1672321192687, "tick_direction": 3, "price": 0.001, "mark_price": 0.00126949, "iv": 39.96, "instrument_name": "BTC-30DEC22-17000-C", "index_price": 16626.67, "direction": "sell", "amount": 0.1}, {"trade_seq": 5235, "trade_id": "238379452", "timestamp": 1672321040493, "tick_direction": 3, "price": 0.001, "mark_price": 0.00135591, "iv": 39.45, "instrument_name": "BTC-30DEC22-17000-C", "index_price": 16631.93, "direction": "sell", "amount": 0.1}, {"trade_seq": 5234, "trade_id": "238378104", "timestamp": 1672320043074, "tick_direction": 3, "price": 0.001, "mark_price": 0.00120382, "iv": 41.14, "instrument_name": "BTC-30DEC22-17000-C", "index_price": 16605.55, "direction": "sell", "amount": 0.1}, {"trade_seq": 5233, "trade_id": "238377988", "timestamp": 1672320010183, "tick_direction": 3, "price": 0.001, "mark_price": 0.00122212, "iv": 40.92, "instrument_name": "BTC-30DEC22-17000-C", "index_price": 16610.02, "direction": "sell", "amount": 0.1}, {"trade_seq": 5232, "trade_id": "238377328", "timestamp": 1672319736059, "tick_direction": 3, "price": 0.001, "mark_price": 0.00123482, "iv": 40.78, "instrument_name": "BTC-30DEC22-17000-C", "index_price": 16612.85, "direction": "sell", "amount": 0.7}, {"trade_seq": 5231, "trade_id": "238376988", "timestamp": 1672319334937, "tick_direction": 2, "price": 0.001, "mark_price": 0.00126583, "iv": 40.59, "instrument_name": "BTC-30DEC22-17000-C", "index_price": 16611.29, "direction": "sell", "amount": 0.1}, {"trade_seq": 5230, "trade_id": "238376688", "timestamp": 1672318365913, "tick_direction": 1, "price": 0.0015, "mark_price": 0.00121741, "iv": 46.54, "instrument_name": "BTC-30DEC22-17000-C", "index_price": 16595.42, "direction": "buy", "amount": 18.8}, {"trade_seq": 5229, "trade_id": "238376687", "timestamp": 1672318365913, "tick_direction": 0, "price": 0.0015, "mark_price": 0.00121741, "iv": 46.54, "instrument_name": "BTC-30DEC22-17000-C", "index_price": 16595.42, "direction": "buy", "amount": 1.2}, {"trade_seq": 5228, "trade_id": "238376563", "timestamp": 1672318156356, "tick_direction": 0, "price": 0.001, "mark_price": 0.00121105, "iv": 41.28, "instrument_name": "BTC-30DEC22-17000-C", "index_price": 16596.7, "direction": "sell", "amount": 4.6}, {"trade_seq": 5227, "trade_id": "238376385", "timestamp": 1672317677539, "tick_direction": 2, "price": 0.0005, "mark_price": 0.00122846, "iv": 34.57, "instrument_name": "BTC-30DEC22-17000-C", "index_price": 16593.89, "direction": "sell", "amount": 0.1}, {"trade_seq": 5226, "trade_id": "238376382", "timestamp": 1672317672057, "tick_direction": 3, "price": 0.001, "mark_price": 0.00123423, "iv": 41.16, "instrument_name": "BTC-30DEC22-17000-C", "index_price": 16594.03, "direction": "sell", "amount": 42.4}, {"trade_seq": 5225, "trade_id": "238376381", "timestamp": 1672317670933, "tick_direction": 3, "price": 0.001, "mark_price": 0.00123129, "iv": 41.2, "instrument_name": "BTC-30DEC22-17000-C", "index_price": 16593.54, "direction": "sell", "amount": 50.0}, {"trade_seq": 5224, "trade_id": "238376354", "timestamp": 1672317619334, "tick_direction": 3, "price": 0.001, "mark_price": 0.00122874, "iv": 41.21, "instrument_name": "BTC-30DEC22-17000-C", "index_price": 16591.77, "direction": "sell", "amount": 0.1}, {"trade_seq": 5223, "trade_id": "238375966", "timestamp": 1672315260586, "tick_direction": 3, "price": 0.001, "mark_price": 0.00125201, "iv": 40.71, "instrument_name": "BTC-30DEC22-17000-C", "index_price": 16594.5, "direction": "sell", "amount": 0.1}, {"trade_seq": 5222, "trade_id": "238375904", "timestamp": 1672315027398, "tick_direction": 3, "price": 0.001, "mark_price": 0.00122798, "iv": 40.92, "instrument_name": "BTC-30DEC22-17000-C", "index_price": 16589.86, "direction": "sell", "amount": 0.6}, {"trade_seq": 5221, "trade_id": "238375716", "timestamp": 1672313729207, "tick_direction": 3, "price": 0.001, "mark_price": 0.00120701, "iv": 40.61, "instrument_name": "BTC-30DEC22-17000-C", "index_price": 16588.29, "direction": "sell", "amount": 0.2}, {"trade_seq": 5220, "trade_id": "238375695", "timestamp": 1672313427151, "tick_direction": 3, "price": 0.001, "mark_price": 0.00120238, "iv": 40.45, "instrument_name": "BTC-30DEC22-17000-C", "index_price": 16589.58, "direction": "sell", "amount": 0.1}, {"trade_seq": 5219, "trade_id": "238375518", "timestamp": 1672312670908, "tick_direction": 3, "price": 0.001, "mark_price": 0.00123926, "iv": 39.62, "instrument_name": "BTC-30DEC22-17000-C", "index_price": 16598.78, "direction": "sell", "amount": 1.2}, {"trade_seq": 5218, "trade_id": "238375464", "timestamp": 1672312530876, "tick_direction": 3, "price": 0.001, "mark_price": 0.00128109, "iv": 39.28, "instrument_name": "BTC-30DEC22-17000-C", "index_price": 16603.35, "direction": "sell", "amount": 0.1}, {"trade_seq": 5217, "trade_id": "238375282", "timestamp": 1672312273931, "tick_direction": 3, "price": 0.001, "mark_price": 0.00124817, "iv": 39.87, "instrument_name": "BTC-30DEC22-17000-C", "index_price": 16594.26, "direction": "sell", "amount": 0.5}, {"trade_seq": 5216, "trade_id": "238375233", "timestamp": 1672312112607, "tick_direction": 3, "price": 0.001, "mark_price": 0.00123634, "iv": 40.0, "instrument_name": "BTC-30DEC22-17000-C", "index_price": 16591.79, "direction": "sell", "amount": 0.1}, {"trade_seq": 5215, "trade_id": "238375231", "timestamp": 1672312077734, "tick_direction": 3, "price": 0.001, "mark_price": 0.00123424, "iv": 40.01, "instrument_name": "BTC-30DEC22-17000-C", "index_price": 16591.52, "direction": "sell", "amount": 0.1}, {"trade_seq": 5214, "trade_id": "238374883", "timestamp": 1672311212361, "tick_direction": 2, "price": 0.001, "mark_price": 0.00128185, "iv": 39.67, "instrument_name": "BTC-30DEC22-17000-C", "index_price": 16593.58, "direction": "sell", "amount": 0.3}, {"trade_seq": 5213, "trade_id": "238374677", "timestamp": 1672310558599, "tick_direction": 0, "price": 0.0015, "mark_price": 0.00128446, "iv": 45.15, "instrument_name": "BTC-30DEC22-17000-C", "index_price": 16587.9, "direction": "buy", "amount": 0.2}, {"trade_seq": 5212, "trade_id": "238374506", "timestamp": 1672310312965, "tick_direction": 3, "price": 0.001, "mark_price": 0.00121264, "iv": 40.71, "instrument_name": "BTC-30DEC22-17000-C", "index_price": 16578.85, "direction": "sell", "amount": 0.2}, {"trade_seq": 5211, "trade_id": "238374422", "timestamp": 1672310180700, "tick_direction": 3, "price": 0.001, "mark_price": 0.00120477, "iv": 40.73, "instrument_name": "BTC-30DEC22-17000-C", "index_price": 16577.11, "direction": "sell", "amount": 0.1}, {"trade_seq": 5210, "trade_id": "238374399", "timestamp": 1672310126431, "tick_direction": 3, "price": 0.001, "mark_price": 0.00117369, "iv": 40.98, "instrument_name": "BTC-30DEC22-17000-C", "index_price": 16574.26, "direction": "sell", "amount": 0.1}, {"trade_seq": 5209, "trade_id": "238374395", "timestamp": 1672310121026, "tick_direction": 3, "price": 0.001, "mark_price": 0.00117125, "iv": 41.01, "instrument_name": "BTC-30DEC22-17000-C", "index_price": 16574.01, "direction": "sell", "amount": 0.1}, {"trade_seq": 5208, "trade_id": "238374393", "timestamp": 1672310116428, "tick_direction": 3, "price": 0.001, "mark_price": 0.00117256, "iv": 41.0, "instrument_name": "BTC-30DEC22-17000-C", "index_price": 16574.36, "direction": "sell", "amount": 0.1}, {"trade_seq": 5207, "trade_id": "238374204", "timestamp": 1672309654898, "tick_direction": 3, "price": 0.001, "mark_price": 0.0011894, "iv": 40.1, "instrument_name": "BTC-30DEC22-17000-C", "index_price": 16584.6, "direction": "sell", "amount": 0.2}, {"trade_seq": 5206, "trade_id": "238373948", "timestamp": 1672309349787, "tick_direction": 3, "price": 0.001, "mark_price": 0.00120883, "iv": 39.59, "instrument_name": "BTC-30DEC22-17000-C", "index_price": 16589.05, "direction": "sell", "amount": 0.1}, {"trade_seq": 5205, "trade_id": "238373882", "timestamp": 1672308998704, "tick_direction": 3, "price": 0.001, "mark_price": 0.00109228, "iv": 40.23, "instrument_name": "BTC-30DEC22-17000-C", "index_price": 16578.37, "direction": "sell", "amount": 0.4}, {"trade_seq": 5204, "trade_id": "238373679", "timestamp": 1672308547556, "tick_direction": 3, "price": 0.001, "mark_price": 0.00103892, "iv": 39.3, "instrument_name": "BTC-30DEC22-17000-C", "index_price": 16590.2, "direction": "sell", "amount": 0.1}, {"trade_seq": 5203, "trade_id": "238373444", "timestamp": 1672308188213, "tick_direction": 3, "price": 0.001, "mark_price": 0.00082385, "iv": 39.78, "instrument_name": "BTC-30DEC22-17000-C", "index_price": 16581.85, "direction": "sell", "amount": 0.3}, {"trade_seq": 5202, "trade_id": "238373414", "timestamp": 1672308143204, "tick_direction": 3, "price": 0.001, "mark_price": 0.00079962, "iv": 39.81, "instrument_name": "BTC-30DEC22-17000-C", "index_price": 16581.85, "direction": "sell", "amount": 0.3}, {"trade_seq": 5201, "trade_id": "238373413", "timestamp": 1672308142393, "tick_direction": 2, "price": 0.001, "mark_price": 0.00079912, "iv": 39.81, "instrument_name": "BTC-30DEC22-17000-C", "index_price": 16581.85, "direction": "sell", "amount": 0.1}, {"trade_seq": 5200, "trade_id": "238373398", "timestamp": 1672308108619, "tick_direction": 0, "price": 0.0015, "mark_price": 0.0007798, "iv": 44.84, "instrument_name": "BTC-30DEC22-17000-C", "index_price": 16582.19, "direction": "buy", "amount": 0.5}, {"trade_seq": 5199, "trade_id": "238373395", "timestamp": 1672308100916, "tick_direction": 1, "price": 0.001, "mark_price": 0.00078418, "iv": 39.75, "instrument_name": "BTC-30DEC22-17000-C", "index_price": 16583.93, "direction": "sell", "amount": 2.1}, {"trade_seq": 5198, "trade_id": "238373133", "timestamp": 1672307918084, "tick_direction": 1, "price": 0.001, "mark_price": 0.00073478, "iv": 39.6, "instrument_name": "BTC-30DEC22-17000-C", "index_price": 16585.79, "direction": "buy", "amount": 1.8}, {"trade_seq": 5197, "trade_id": "238373132", "timestamp": 1672307918084, "tick_direction": 1, "price": 0.001, "mark_price": 0.00073478, "iv": 39.6, "instrument_name": "BTC-30DEC22-17000-C", "index_price": 16585.79, "direction": "buy", "amount": 1.0}, {"trade_seq": 5196, "trade_id": "238373131", "timestamp": 1672307918084, "tick_direction": 1, "price": 0.001, "mark_price": 0.00073478, "iv": 39.6, "instrument_name": "BTC-30DEC22-17000-C", "index_price": 16585.79, "direction": "buy", "amount": 0.5}, {"trade_seq": 5195, "trade_id": "238373130", "timestamp": 1672307918084, "tick_direction": 1, "price": 0.001, "mark_price": 0.00073478, "iv": 39.6, "instrument_name": "BTC-30DEC22-17000-C", "index_price": 16585.79, "direction": "buy", "amount": 18.3}, {"trade_seq": 5194, "trade_id": "238373125", "timestamp": 1672307876304, "tick_direction": 0, "price": 0.001, "mark_price": 0.00074015, "iv": 39.52, "instrument_name": "BTC-30DEC22-17000-C", "index_price": 16586.55, "direction": "buy", "amount": 30.0}, {"trade_seq": 5193, "trade_id": "238373042", "timestamp": 1672307629161, "tick_direction": 3, "price": 0.0005, "mark_price": 0.00079509, "iv": 32.79, "instrument_name": "BTC-30DEC22-17000-C", "index_price": 16591.94, "direction": "sell", "amount": 0.3}, {"trade_seq": 5192, "trade_id": "238372638", "timestamp": 1672307128856, "tick_direction": 2, "price": 0.0005, "mark_price": 0.00071634, "iv": 34.37, "instrument_name": "BTC-30DEC22-17000-C", "index_price": 16569.25, "direction": "sell", "amount": 0.1}, {"trade_seq": 5191, "trade_id": "238372564", "timestamp": 1672306886205, "tick_direction": 0, "price": 0.001, "mark_price": 0.00068959, "iv": 40.96, "instrument_name": "BTC-30DEC22-17000-C", "index_price": 16564.31, "direction": "buy", "amount": 1.6}, {"trade_seq": 5190, "trade_id": "238371461", "timestamp": 1672305846946, "tick_direction": 3, "price": 0.0005, "mark_price": 0.00102087, "iv": 31.85, "instrument_name": "BTC-30DEC22-17000-C", "index_price": 16602.6, "direction": "sell", "amount": 0.6}, {"trade_seq": 5189, "trade_id": "238371008", "timestamp": 1672305682318, "tick_direction": 3, "price": 0.0005, "mark_price": 0.00080686, "iv": 34.08, "instrument_name": "BTC-30DEC22-17000-C", "index_price": 16561.56, "direction": "sell", "amount": 0.2}, {"trade_seq": 5188, "trade_id": "238370875", "timestamp": 1672305533254, "tick_direction": 3, "price": 0.0005, "mark_price": 0.0007709, "iv": 34.73, "instrument_name": "BTC-30DEC22-17000-C", "index_price": 16549.09, "direction": "sell", "amount": 0.1}, {"trade_seq": 5187, "trade_id": "238370840", "timestamp": 1672305356174, "tick_direction": 3, "price": 0.0005, "mark_price": 0.00078967, "iv": 34.73, "instrument_name": "BTC-30DEC22-17000-C", "index_price": 16548.24, "direction": "sell", "amount": 0.1}, {"trade_seq": 5186, "trade_id": "238370738", "timestamp": 1672305263007, "tick_direction": 3, "price": 0.0005, "mark_price": 0.00081364, "iv": 34.61, "instrument_name": "BTC-30DEC22-17000-C", "index_price": 16550.85, "direction": "sell", "amount": 0.1}, {"trade_seq": 5185, "trade_id": "238370575", "timestamp": 1672305041242, "tick_direction": 3, "price": 0.0005, "mark_price": 0.00075233, "iv": 35.5, "instrument_name": "BTC-30DEC22-17000-C", "index_price": 16538.15, "direction": "sell", "amount": 0.2}, {"trade_seq": 5184, "trade_id": "238370437", "timestamp": 1672304832017, "tick_direction": 2, "price": 0.0005, "mark_price": 0.00075263, "iv": 35.64, "instrument_name": "BTC-30DEC22-17000-C", "index_price": 16533.02, "direction": "sell", "amount": 0.4}, {"trade_seq": 5183, "trade_id": "238370250", "timestamp": 1672304269567, "tick_direction": 1, "price": 0.001, "mark_price": 0.00070855, "iv": 42.94, "instrument_name": "BTC-30DEC22-17000-C", "index_price": 16518.74, "direction": "buy", "amount": 2.8}, {"trade_seq": 5182, "trade_id": "238370249", "timestamp": 1672304269567, "tick_direction": 1, "price": 0.001, "mark_price": 0.00070855, "iv": 42.94, "instrument_name": "BTC-30DEC22-17000-C", "index_price": 16518.74, "direction": "buy", "amount": 1.0}, {"trade_seq": 5181, "trade_id": "238370248", "timestamp": 1672304269567, "tick_direction": 1, "price": 0.001, "mark_price": 0.00070855, "iv": 42.94, "instrument_name": "BTC-30DEC22-17000-C", "index_price": 16518.74, "direction": "buy", "amount": 0.1}, {"trade_seq": 5180, "trade_id": "238370247", "timestamp": 1672304269567, "tick_direction": 1, "price": 0.001, "mark_price": 0.00070855, "iv": 42.94, "instrument_name": "BTC-30DEC22-17000-C", "index_price": 16518.74, "direction": "buy", "amount": 0.1}, {"trade_seq": 5179, "trade_id": "238370246", "timestamp": 1672304269567, "tick_direction": 0, "price": 0.001, "mark_price": 0.00070855, "iv": 42.94, "instrument_name": "BTC-30DEC22-17000-C", "index_price": 16518.74, "direction": "buy", "amount": 1.0}, {"trade_seq": 5178, "trade_id": "238370199", "timestamp": 1672304090980, "tick_direction": 3, "price": 0.0005, "mark_price": 0.00072027, "iv": 36.16, "instrument_name": "BTC-30DEC22-17000-C", "index_price": 16520.08, "direction": "sell", "amount": 0.1}, {"trade_seq": 5177, "trade_id": "238370169", "timestamp": 1672303865789, "tick_direction": 3, "price": 0.0005, "mark_price": 0.00072143, "iv": 36.14, "instrument_name": "BTC-30DEC22-17000-C", "index_price": 16520.3, "direction": "sell", "amount": 0.1}, {"trade_seq": 5176, "trade_id": "238370122", "timestamp": 1672303721765, "tick_direction": 3, "price": 0.0005, "mark_price": 0.00070555, "iv": 36.22, "instrument_name": "BTC-30DEC22-17000-C", "index_price": 16519.33, "direction": "sell", "amount": 0.1}, {"trade_seq": 5175, "trade_id": "238369992", "timestamp": 1672303443893, "tick_direction": 3, "price": 0.0005, "mark_price": 0.00071041, "iv": 35.99, "instrument_name": "BTC-30DEC22-17000-C", "index_price": 16520.07, "direction": "sell", "amount": 0.1}, {"trade_seq": 5174, "trade_id": "238369940", "timestamp": 1672303196767, "tick_direction": 3, "price": 0.0005, "mark_price": 0.00069949, "iv": 35.97, "instrument_name": "BTC-30DEC22-17000-C", "index_price": 16517.8, "direction": "sell", "amount": 0.4}, {"trade_seq": 5173, "trade_id": "238369917", "timestamp": 1672302907668, "tick_direction": 3, "price": 0.0005, "mark_price": 0.00069541, "iv": 35.78, "instrument_name": "BTC-30DEC22-17000-C", "index_price": 16520.47, "direction": "sell", "amount": 0.2}, {"trade_seq": 5172, "trade_id": "238369753", "timestamp": 1672302531440, "tick_direction": 3, "price": 0.0005, "mark_price": 0.00072671, "iv": 35.11, "instrument_name": "BTC-30DEC22-17000-C", "index_price": 16530.5, "direction": "sell", "amount": 0.1}, {"trade_seq": 5171, "trade_id": "238369720", "timestamp": 1672302385276, "tick_direction": 3, "price": 0.0005, "mark_price": 0.00072487, "iv": 35.12, "instrument_name": "BTC-30DEC22-17000-C", "index_price": 16529.18, "direction": "sell", "amount": 1.0}, {"trade_seq": 5170, "trade_id": "238369719", "timestamp": 1672302382565, "tick_direction": 3, "price": 0.0005, "mark_price": 0.0007214, "iv": 35.14, "instrument_name": "BTC-30DEC22-17000-C", "index_price": 16529.04, "direction": "sell", "amount": 0.5}, {"trade_seq": 5169, "trade_id": "238369682", "timestamp": 1672302355965, "tick_direction": 3, "price": 0.0005, "mark_price": 0.00070064, "iv": 35.42, "instrument_name": "BTC-30DEC22-17000-C", "index_price": 16526.19, "direction": "sell", "amount": 2.0}, {"trade_seq": 5168, "trade_id": "238369647", "timestamp": 1672302258393, "tick_direction": 3, "price": 0.0005, "mark_price": 0.00069375, "iv": 35.37, "instrument_name": "BTC-30DEC22-17000-C", "index_price": 16523.46, "direction": "sell", "amount": 0.3}, {"trade_seq": 5167, "trade_id": "238369644", "timestamp": 1672302250398, "tick_direction": 3, "price": 0.0005, "mark_price": 0.0006892, "iv": 35.47, "instrument_name": "BTC-30DEC22-17000-C", "index_price": 16521.64, "direction": "sell", "amount": 0.1}, {"trade_seq": 5166, "trade_id": "238369506", "timestamp": 1672302110316, "tick_direction": 3, "price": 0.0005, "mark_price": 0.00071788, "iv": 35.01, "instrument_name": "BTC-30DEC22-17000-C", "index_price": 16527.72, "direction": "sell", "amount": 0.1}, {"trade_seq": 5165, "trade_id": "238369504", "timestamp": 1672302089316, "tick_direction": 3, "price": 0.0005, "mark_price": 0.00071391, "iv": 35.05, "instrument_name": "BTC-30DEC22-17000-C", "index_price": 16527.44, "direction": "sell", "amount": 0.3}, {"trade_seq": 5164, "trade_id": "238369476", "timestamp": 1672302079313, "tick_direction": 3, "price": 0.0005, "mark_price": 0.00071305, "iv": 35.08, "instrument_name": "BTC-30DEC22-17000-C", "index_price": 16526.86, "direction": "sell", "amount": 0.1}, {"trade_seq": 5163, "trade_id": "238369457", "timestamp": 1672302056306, "tick_direction": 3, "price": 0.0005, "mark_price": 0.00073196, "iv": 34.84, "instrument_name": "BTC-30DEC22-17000-C", "index_price": 16531.35, "direction": "sell", "amount": 0.1}, {"trade_seq": 5162, "trade_id": "238369301", "timestamp": 1672301754361, "tick_direction": 3, "price": 0.0005, "mark_price": 0.00082758, "iv": 33.76, "instrument_name": "BTC-30DEC22-17000-C", "index_price": 16549.2, "direction": "sell", "amount": 0.1}, {"trade_seq": 5161, "trade_id": "238369290", "timestamp": 1672301675222, "tick_direction": 3, "price": 0.0005, "mark_price": 0.00082743, "iv": 33.84, "instrument_name": "BTC-30DEC22-17000-C", "index_price": 16548.53, "direction": "sell", "amount": 0.1}, {"trade_seq": 5160, "trade_id": "238369285", "timestamp": 1672301649328, "tick_direction": 3, "price": 0.0005, "mark_price": 0.0008402, "iv": 33.75, "instrument_name": "BTC-30DEC22-17000-C", "index_price": 16549.35, "direction": "sell", "amount": 0.1}, {"trade_seq": 5159, "trade_id": "238369245", "timestamp": 1672301530155, "tick_direction": 3, "price": 0.0005, "mark_price": 0.00087914, "iv": 33.5, "instrument_name": "BTC-30DEC22-17000-C", "index_price": 16553.11, "direction": "sell", "amount": 0.1}, {"trade_seq": 5158, "trade_id": "238369230", "timestamp": 1672301500779, "tick_direction": 3, "price": 0.0005, "mark_price": 0.00087048, "iv": 33.65, "instrument_name": "BTC-30DEC22-17000-C", "index_price": 16550.98, "direction": "sell", "amount": 0.1}, {"trade_seq": 5157, "trade_id": "238369217", "timestamp": 1672301464095, "tick_direction": 3, "price": 0.0005, "mark_price": 0.00087877, "iv": 33.63, "instrument_name": "BTC-30DEC22-17000-C", "index_price": 16550.6, "direction": "sell", "amount": 0.1}, {"trade_seq": 5156, "trade_id": "238369216", "timestamp": 1672301459102, "tick_direction": 3, "price": 0.0005, "mark_price": 0.00087808, "iv": 33.65, "instrument_name": "BTC-30DEC22-17000-C", "index_price": 16550.22, "direction": "sell", "amount": 0.3}, {"trade_seq": 5155, "trade_id": "238369208", "timestamp": 1672301422087, "tick_direction": 3, "price": 0.0005, "mark_price": 0.00087834, "iv": 33.68, "instrument_name": "BTC-30DEC22-17000-C", "index_price": 16547.98, "direction": "sell", "amount": 0.3}, {"trade_seq": 5154, "trade_id": "238369195", "timestamp": 1672301408084, "tick_direction": 3, "price": 0.0005, "mark_price": 0.00087028, "iv": 33.83, "instrument_name": "BTC-30DEC22-17000-C", "index_price": 16544.76, "direction": "sell", "amount": 0.3}, {"trade_seq": 5153, "trade_id": "238369190", "timestamp": 1672301404140, "tick_direction": 3, "price": 0.0005, "mark_price": 0.00087307, "iv": 33.82, "instrument_name": "BTC-30DEC22-17000-C", "index_price": 16544.34, "direction": "sell", "amount": 0.1}, {"trade_seq": 5152, "trade_id": "238369083", "timestamp": 1672301343057, "tick_direction": 3, "price": 0.0005, "mark_price": 0.0009239, "iv": 33.42, "instrument_name": "BTC-30DEC22-17000-C", "index_price": 16554.55, "direction": "sell", "amount": 0.8}, {"trade_seq": 5151, "trade_id": "238369082", "timestamp": 1672301334061, "tick_direction": 3, "price": 0.0005, "mark_price": 0.00092708, "iv": 33.42, "instrument_name": "BTC-30DEC22-17000-C", "index_price": 16554.93, "direction": "sell", "amount": 0.1}, {"trade_seq": 5150, "trade_id": "238369076", "timestamp": 1672301326063, "tick_direction": 3, "price": 0.0005, "mark_price": 0.00093117, "iv": 33.4, "instrument_name": "BTC-30DEC22-17000-C", "index_price": 16554.96, "direction": "sell", "amount": 0.1}, {"trade_seq": 5149, "trade_id": "238369069", "timestamp": 1672301318029, "tick_direction": 3, "price": 0.0005, "mark_price": 0.00093031, "iv": 33.43, "instrument_name": "BTC-30DEC22-17000-C", "index_price": 16554.23, "direction": "sell", "amount": 0.2}, {"trade_seq": 5148, "trade_id": "238369068", "timestamp": 1672301306026, "tick_direction": 3, "price": 0.0005, "mark_price": 0.00093468, "iv": 33.42, "instrument_name": "BTC-30DEC22-17000-C", "index_price": 16554.13, "direction": "sell", "amount": 1.2}, {"trade_seq": 5147, "trade_id": "238369067", "timestamp": 1672301306026, "tick_direction": 3, "price": 0.0005, "mark_price": 0.00093468, "iv": 33.42, "instrument_name": "BTC-30DEC22-17000-C", "index_price": 16554.13, "direction": "sell", "amount": 0.2}, {"trade_seq": 5146, "trade_id": "238369066", "timestamp": 1672301306026, "tick_direction": 3, "price": 0.0005, "mark_price": 0.00093468, "iv": 33.42, "instrument_name": "BTC-30DEC22-17000-C", "index_price": 16554.13, "direction": "sell", "amount": 1.0}, {"trade_seq": 5145, "trade_id": "238369065", "timestamp": 1672301306026, "tick_direction": 3, "price": 0.0005, "mark_price": 0.00093468, "iv": 33.42, "instrument_name": "BTC-30DEC22-17000-C", "index_price": 16554.13, "direction": "sell", "amount": 0.3}, {"trade_seq": 5144, "trade_id": "238369064", "timestamp": 1672301306026, "tick_direction": 3, "price": 0.0005, "mark_price": 0.00093468, "iv": 33.42, "instrument_name": "BTC-30DEC22-17000-C", "index_price": 16554.13, "direction": "sell", "amount": 1.3}, {"trade_seq": 5143, "trade_id": "238369059", "timestamp": 1672301265016, "tick_direction": 3, "price": 0.0005, "mark_price": 0.00093596, "iv": 33.53, "instrument_name": "BTC-30DEC22-17000-C", "index_price": 16555.02, "direction": "sell", "amount": 0.1}, {"trade_seq": 5142, "trade_id": "238369058", "timestamp": 1672301261010, "tick_direction": 3, "price": 0.0005, "mark_price": 0.00093661, "iv": 33.54, "instrument_name": "BTC-30DEC22-17000-C", "index_price": 16555.24, "direction": "sell", "amount": 0.1}, {"trade_seq": 5141, "trade_id": "238369046", "timestamp": 1672301231005, "tick_direction": 3, "price": 0.0005, "mark_price": 0.00094011, "iv": 33.63, "instrument_name": "BTC-30DEC22-17000-C", "index_price": 16557.27, "direction": "sell", "amount": 0.1}, {"trade_seq": 5140, "trade_id": "238369038", "timestamp": 1672301222018, "tick_direction": 3, "price": 0.0005, "mark_price": 0.00094529, "iv": 33.61, "instrument_name": "BTC-30DEC22-17000-C", "index_price": 16557.18, "direction": "sell", "amount": 0.3}, {"trade_seq": 5139, "trade_id": "238369037", "timestamp": 1672301219012, "tick_direction": 3, "price": 0.0005, "mark_price": 0.0009419, "iv": 33.62, "instrument_name": "BTC-30DEC22-17000-C", "index_price": 16557.03, "direction": "sell", "amount": 0.5}, {"trade_seq": 5138, "trade_id": "238369005", "timestamp": 1672301157976, "tick_direction": 3, "price": 0.0005, "mark_price": 0.00096438, "iv": 33.75, "instrument_name": "BTC-30DEC22-17000-C", "index_price": 16555.39, "direction": "sell", "amount": 0.1}, {"trade_seq": 5137, "trade_id": "238368945", "timestamp": 1672301098941, "tick_direction": 3, "price": 0.0005, "mark_price": 0.00095503, "iv": 34.02, "instrument_name": "BTC-30DEC22-17000-C", "index_price": 16548.24, "direction": "sell", "amount": 0.1}, {"trade_seq": 5136, "trade_id": "238368942", "timestamp": 1672301091940, "tick_direction": 3, "price": 0.0005, "mark_price": 0.00095738, "iv": 33.99, "instrument_name": "BTC-30DEC22-17000-C", "index_price": 16547.82, "direction": "sell", "amount": 0.3}, {"trade_seq": 5135, "trade_id": "238368938", "timestamp": 1672301083933, "tick_direction": 3, "price": 0.0005, "mark_price": 0.00096041, "iv": 33.97, "instrument_name": "BTC-30DEC22-17000-C", "index_price": 16547.67, "direction": "sell", "amount": 0.7}, {"trade_seq": 5134, "trade_id": "238368934", "timestamp": 1672301082940, "tick_direction": 3, "price": 0.0005, "mark_price": 0.00095981, "iv": 33.97, "instrument_name": "BTC-30DEC22-17000-C", "index_price": 16547.54, "direction": "sell", "amount": 0.1}, {"trade_seq": 5133, "trade_id": "238368932", "timestamp": 1672301081948, "tick_direction": 3, "price": 0.0005, "mark_price": 0.00095926, "iv": 33.98, "instrument_name": "BTC-30DEC22-17000-C", "index_price": 16547.53, "direction": "sell", "amount": 0.2}, {"trade_seq": 5132, "trade_id": "238368931", "timestamp": 1672301080939, "tick_direction": 3, "price": 0.0005, "mark_price": 0.00095847, "iv": 33.99, "instrument_name": "BTC-30DEC22-17000-C", "index_price": 16547.52, "direction": "sell", "amount": 0.1}, {"trade_seq": 5131, "trade_id": "238368929", "timestamp": 1672301079951, "tick_direction": 3, "price": 0.0005, "mark_price": 0.00095822, "iv": 33.99, "instrument_name": "BTC-30DEC22-17000-C", "index_price": 16547.51, "direction": "sell", "amount": 0.3}, {"trade_seq": 5130, "trade_id": "238368926", "timestamp": 1672301077947, "tick_direction": 3, "price": 0.0005, "mark_price": 0.0009583, "iv": 34.0, "instrument_name": "BTC-30DEC22-17000-C", "index_price": 16547.71, "direction": "sell", "amount": 0.1}, {"trade_seq": 5129, "trade_id": "238368903", "timestamp": 1672301076951, "tick_direction": 3, "price": 0.0005, "mark_price": 0.00095745, "iv": 34.0, "instrument_name": "BTC-30DEC22-17000-C", "index_price": 16547.83, "direction": "sell", "amount": 0.1}, {"trade_seq": 5128, "trade_id": "238368899", "timestamp": 1672301074979, "tick_direction": 3, "price": 0.0005, "mark_price": 0.00096116, "iv": 34.01, "instrument_name": "BTC-30DEC22-17000-C", "index_price": 16547.9, "direction": "sell", "amount": 0.2}, {"trade_seq": 5127, "trade_id": "238368895", "timestamp": 1672301072949, "tick_direction": 3, "price": 0.0005, "mark_price": 0.00096067, "iv": 33.97, "instrument_name": "BTC-30DEC22-17000-C", "index_price": 16548.84, "direction": "sell", "amount": 0.1}, {"trade_seq": 5126, "trade_id": "238368886", "timestamp": 1672301070966, "tick_direction": 3, "price": 0.0005, "mark_price": 0.00096356, "iv": 33.94, "instrument_name": "BTC-30DEC22-17000-C", "index_price": 16549.07, "direction": "sell", "amount": 0.1}, {"trade_seq": 5125, "trade_id": "238368884", "timestamp": 1672301068948, "tick_direction": 3, "price": 0.0005, "mark_price": 0.00096277, "iv": 33.95, "instrument_name": "BTC-30DEC22-17000-C", "index_price": 16549.38, "direction": "sell", "amount": 0.1}, {"trade_seq": 5124, "trade_id": "238368883", "timestamp": 1672301067957, "tick_direction": 3, "price": 0.0005, "mark_price": 0.00096791, "iv": 33.9, "instrument_name": "BTC-30DEC22-17000-C", "index_price": 16549.29, "direction": "sell", "amount": 0.8}, {"trade_seq": 5123, "trade_id": "238368881", "timestamp": 1672301065948, "tick_direction": 3, "price": 0.0005, "mark_price": 0.00096862, "iv": 33.9, "instrument_name": "BTC-30DEC22-17000-C", "index_price": 16550.25, "direction": "sell", "amount": 0.1}, {"trade_seq": 5122, "trade_id": "238368880", "timestamp": 1672301064256, "tick_direction": 3, "price": 0.0005, "mark_price": 0.00096862, "iv": 33.89, "instrument_name": "BTC-30DEC22-17000-C", "index_price": 16550.4, "direction": "sell", "amount": 0.8}, {"trade_seq": 5121, "trade_id": "238368879", "timestamp": 1672301064088, "tick_direction": 3, "price": 0.0005, "mark_price": 0.00096862, "iv": 33.9, "instrument_name": "BTC-30DEC22-17000-C", "index_price": 16550.46, "direction": "sell", "amount": 0.1}, {"trade_seq": 5120, "trade_id": "238368878", "timestamp": 1672301062941, "tick_direction": 3, "price": 0.0005, "mark_price": 0.00096868, "iv": 33.9, "instrument_name": "BTC-30DEC22-17000-C", "index_price": 16550.46, "direction": "sell", "amount": 0.1}, {"trade_seq": 5119, "trade_id": "238368875", "timestamp": 1672301061148, "tick_direction": 3, "price": 0.0005, "mark_price": 0.00096952, "iv": 33.9, "instrument_name": "BTC-30DEC22-17000-C", "index_price": 16550.45, "direction": "sell", "amount": 0.1}, {"trade_seq": 5118, "trade_id": "238368874", "timestamp": 1672301060969, "tick_direction": 3, "price": 0.0005, "mark_price": 0.00096952, "iv": 33.89, "instrument_name": "BTC-30DEC22-17000-C", "index_price": 16550.64, "direction": "sell", "amount": 0.3}, {"trade_seq": 5117, "trade_id": "238368870", "timestamp": 1672301056927, "tick_direction": 3, "price": 0.0005, "mark_price": 0.00096755, "iv": 33.91, "instrument_name": "BTC-30DEC22-17000-C", "index_price": 16550.37, "direction": "sell", "amount": 2.1}, {"trade_seq": 5116, "trade_id": "238368869", "timestamp": 1672301052944, "tick_direction": 3, "price": 0.0005, "mark_price": 0.00096784, "iv": 33.93, "instrument_name": "BTC-30DEC22-17000-C", "index_price": 16550.31, "direction": "sell", "amount": 0.1}, {"trade_seq": 5115, "trade_id": "238368868", "timestamp": 1672301050996, "tick_direction": 3, "price": 0.0005, "mark_price": 0.00097336, "iv": 33.9, "instrument_name": "BTC-30DEC22-17000-C", "index_price": 16550.84, "direction": "sell", "amount": 0.2}, {"trade_seq": 5114, "trade_id": "238368858", "timestamp": 1672301047937, "tick_direction": 3, "price": 0.0005, "mark_price": 0.00097882, "iv": 33.81, "instrument_name": "BTC-30DEC22-17000-C", "index_price": 16551.65, "direction": "sell", "amount": 0.2}, {"trade_seq": 5113, "trade_id": "238368857", "timestamp": 1672301044936, "tick_direction": 2, "price": 0.0005, "mark_price": 0.00098159, "iv": 33.79, "instrument_name": "BTC-30DEC22-17000-C", "index_price": 16552.52, "direction": "sell", "amount": 0.1}, {"trade_seq": 5112, "trade_id": "238368855", "timestamp": 1672301040597, "tick_direction": 1, "price": 0.001, "mark_price": 0.00098686, "iv": 39.98, "instrument_name": "BTC-30DEC22-17000-C", "index_price": 16553.26, "direction": "sell", "amount": 0.1}, {"trade_seq": 5111, "trade_id": "238368853", "timestamp": 1672301040102, "tick_direction": 1, "price": 0.001, "mark_price": 0.00098686, "iv": 39.98, "instrument_name": "BTC-30DEC22-17000-C", "index_price": 16553.26, "direction": "sell", "amount": 0.1}, {"trade_seq": 5110, "trade_id": "238368852", "timestamp": 1672301039936, "tick_direction": 1, "price": 0.001, "mark_price": 0.00098686, "iv": 39.98, "instrument_name": "BTC-30DEC22-17000-C", "index_price": 16553.26, "direction": "sell", "amount": 0.1}, {"trade_seq": 5109, "trade_id": "238368851", "timestamp": 1672301039106, "tick_direction": 0, "price": 0.001, "mark_price": 0.00098673, "iv": 39.98, "instrument_name": "BTC-30DEC22-17000-C", "index_price": 16553.26, "direction": "sell", "amount": 0.1}, {"trade_seq": 5108, "trade_id": "238368850", "timestamp": 1672301038931, "tick_direction": 3, "price": 0.0005, "mark_price": 0.00098673, "iv": 33.73, "instrument_name": "BTC-30DEC22-17000-C", "index_price": 16553.26, "direction": "sell", "amount": 0.1}, {"trade_seq": 5107, "trade_id": "238368849", "timestamp": 1672301036922, "tick_direction": 3, "price": 0.0005, "mark_price": 0.00098692, "iv": 33.73, "instrument_name": "BTC-30DEC22-17000-C", "index_price": 16553.25, "direction": "sell", "amount": 0.1}, {"trade_seq": 5106, "trade_id": "238368848", "timestamp": 1672301035920, "tick_direction": 3, "price": 0.0005, "mark_price": 0.00098798, "iv": 33.73, "instrument_name": "BTC-30DEC22-17000-C", "index_price": 16553.26, "direction": "sell", "amount": 0.1}, {"trade_seq": 5105, "trade_id": "238368847", "timestamp": 1672301034936, "tick_direction": 3, "price": 0.0005, "mark_price": 0.00098766, "iv": 33.72, "instrument_name": "BTC-30DEC22-17000-C", "index_price": 16553.42, "direction": "sell", "amount": 0.1}, {"trade_seq": 5104, "trade_id": "238368846", "timestamp": 1672301034131, "tick_direction": 3, "price": 0.0005, "mark_price": 0.00098776, "iv": 33.73, "instrument_name": "BTC-30DEC22-17000-C", "index_price": 16553.43, "direction": "sell", "amount": 0.2}, {"trade_seq": 5103, "trade_id": "238368845", "timestamp": 1672301033932, "tick_direction": 3, "price": 0.0005, "mark_price": 0.00098776, "iv": 33.73, "instrument_name": "BTC-30DEC22-17000-C", "index_price": 16553.43, "direction": "sell", "amount": 0.2}, {"trade_seq": 5102, "trade_id": "238368844", "timestamp": 1672301031925, "tick_direction": 3, "price": 0.0005, "mark_price": 0.00098826, "iv": 33.73, "instrument_name": "BTC-30DEC22-17000-C", "index_price": 16553.36, "direction": "sell", "amount": 0.6}, {"trade_seq": 5101, "trade_id": "238368842", "timestamp": 1672301029926, "tick_direction": 3, "price": 0.0005, "mark_price": 0.00098858, "iv": 33.72, "instrument_name": "BTC-30DEC22-17000-C", "index_price": 16553.42, "direction": "sell", "amount": 0.1}, {"trade_seq": 5100, "trade_id": "238368841", "timestamp": 1672301028927, "tick_direction": 3, "price": 0.0005, "mark_price": 0.00098886, "iv": 33.72, "instrument_name": "BTC-30DEC22-17000-C", "index_price": 16553.43, "direction": "sell", "amount": 0.1}, {"trade_seq": 5099, "trade_id": "238368840", "timestamp": 1672301027936, "tick_direction": 3, "price": 0.0005, "mark_price": 0.0009895, "iv": 33.72, "instrument_name": "BTC-30DEC22-17000-C", "index_price": 16553.46, "direction": "sell", "amount": 0.2}, {"trade_seq": 5098, "trade_id": "238368839", "timestamp": 1672301025928, "tick_direction": 3, "price": 0.0005, "mark_price": 0.00099031, "iv": 33.71, "instrument_name": "BTC-30DEC22-17000-C", "index_price": 16553.64, "direction": "sell", "amount": 0.5}, {"trade_seq": 5097, "trade_id": "238368837", "timestamp": 1672301024921, "tick_direction": 3, "price": 0.0005, "mark_price": 0.00099023, "iv": 33.71, "instrument_name": "BTC-30DEC22-17000-C", "index_price": 16553.62, "direction": "sell", "amount": 0.1}, {"trade_seq": 5096, "trade_id": "238368835", "timestamp": 1672301023924, "tick_direction": 3, "price": 0.0005, "mark_price": 0.0009901, "iv": 33.72, "instrument_name": "BTC-30DEC22-17000-C", "index_price": 16553.57, "direction": "sell", "amount": 0.1}, {"trade_seq": 5095, "trade_id": "238368832", "timestamp": 1672301021923, "tick_direction": 3, "price": 0.0005, "mark_price": 0.0009897, "iv": 33.72, "instrument_name": "BTC-30DEC22-17000-C", "index_price": 16553.5, "direction": "sell", "amount": 0.1}, {"trade_seq": 5094, "trade_id": "238368829", "timestamp": 1672301020972, "tick_direction": 3, "price": 0.0005, "mark_price": 0.00098811, "iv": 33.74, "instrument_name": "BTC-30DEC22-17000-C", "index_price": 16553.39, "direction": "sell", "amount": 0.1}, {"trade_seq": 5093, "trade_id": "238368828", "timestamp": 1672301017925, "tick_direction": 3, "price": 0.0005, "mark_price": 0.00098925, "iv": 33.73, "instrument_name": "BTC-30DEC22-17000-C", "index_price": 16553.26, "direction": "sell", "amount": 0.1}, {"trade_seq": 5092, "trade_id": "238368826", "timestamp": 1672301016101, "tick_direction": 3, "price": 0.0005, "mark_price": 0.00098921, "iv": 33.73, "instrument_name": "BTC-30DEC22-17000-C", "index_price": 16553.24, "direction": "sell", "amount": 0.1}, {"trade_seq": 5091, "trade_id": "238368825", "timestamp": 1672301015925, "tick_direction": 3, "price": 0.0005, "mark_price": 0.00098921, "iv": 33.73, "instrument_name": "BTC-30DEC22-17000-C", "index_price": 16553.24, "direction": "sell", "amount": 1.3}, {"trade_seq": 5090, "trade_id": "238368824", "timestamp": 1672301013926, "tick_direction": 3, "price": 0.0005, "mark_price": 0.00098766, "iv": 33.75, "instrument_name": "BTC-30DEC22-17000-C", "index_price": 16552.8, "direction": "sell", "amount": 0.3}, {"trade_seq": 5089, "trade_id": "238368822", "timestamp": 1672301011922, "tick_direction": 3, "price": 0.0005, "mark_price": 0.00098743, "iv": 33.75, "instrument_name": "BTC-30DEC22-17000-C", "index_price": 16553.07, "direction": "sell", "amount": 0.1}, {"trade_seq": 5088, "trade_id": "238368818", "timestamp": 1672301010917, "tick_direction": 3, "price": 0.0005, "mark_price": 0.00098869, "iv": 33.74, "instrument_name": "BTC-30DEC22-17000-C", "index_price": 16553.02, "direction": "sell", "amount": 0.7}, {"trade_seq": 5087, "trade_id": "238368817", "timestamp": 1672301009925, "tick_direction": 3, "price": 0.0005, "mark_price": 0.00098783, "iv": 33.75, "instrument_name": "BTC-30DEC22-17000-C", "index_price": 16553.03, "direction": "sell", "amount": 0.2}, {"trade_seq": 5086, "trade_id": "238368812", "timestamp": 1672301007910, "tick_direction": 3, "price": 0.0005, "mark_price": 0.00098778, "iv": 33.75, "instrument_name": "BTC-30DEC22-17000-C", "index_price": 16552.94, "direction": "sell", "amount": 0.1}, {"trade_seq": 5085, "trade_id": "238368810", "timestamp": 1672301005915, "tick_direction": 3, "price": 0.0005, "mark_price": 0.00098744, "iv": 33.76, "instrument_name": "BTC-30DEC22-17000-C", "index_price": 16552.97, "direction": "sell", "amount": 0.1}, {"trade_seq": 5084, "trade_id": "238368809", "timestamp": 1672301003930, "tick_direction": 3, "price": 0.0005, "mark_price": 0.00098739, "iv": 33.76, "instrument_name": "BTC-30DEC22-17000-C", "index_price": 16553.0, "direction": "sell", "amount": 0.1}, {"trade_seq": 5083, "trade_id": "238368808", "timestamp": 1672301002271, "tick_direction": 3, "price": 0.0005, "mark_price": 0.0009868, "iv": 33.77, "instrument_name": "BTC-30DEC22-17000-C", "index_price": 16553.02, "direction": "sell", "amount": 0.1}, {"trade_seq": 5082, "trade_id": "238368806", "timestamp": 1672301002116, "tick_direction": 3, "price": 0.0005, "mark_price": 0.0009868, "iv": 33.77, "instrument_name": "BTC-30DEC22-17000-C", "index_price": 16553.02, "direction": "sell", "amount": 0.1}, {"trade_seq": 5081, "trade_id": "238368805", "timestamp": 1672301001909, "tick_direction": 3, "price": 0.0005, "mark_price": 0.0009868, "iv": 33.77, "instrument_name": "BTC-30DEC22-17000-C", "index_price": 16553.02, "direction": "sell", "amount": 0.1}, {"trade_seq": 5080, "trade_id": "238368803", "timestamp": 1672300999903, "tick_direction": 3, "price": 0.0005, "mark_price": 0.00098549, "iv": 33.79, "instrument_name": "BTC-30DEC22-17000-C", "index_price": 16552.91, "direction": "sell", "amount": 0.3}, {"trade_seq": 5079, "trade_id": "238368802", "timestamp": 1672300997910, "tick_direction": 3, "price": 0.0005, "mark_price": 0.00098489, "iv": 33.8, "instrument_name": "BTC-30DEC22-17000-C", "index_price": 16552.96, "direction": "sell", "amount": 0.3}, {"trade_seq": 5078, "trade_id": "238368797", "timestamp": 1672300996884, "tick_direction": 3, "price": 0.0005, "mark_price": 0.00098384, "iv": 33.8, "instrument_name": "BTC-30DEC22-17000-C", "index_price": 16552.84, "direction": "sell", "amount": 0.2}, {"trade_seq": 5077, "trade_id": "238368795", "timestamp": 1672300994893, "tick_direction": 3, "price": 0.0005, "mark_price": 0.00098372, "iv": 33.81, "instrument_name": "BTC-30DEC22-17000-C", "index_price": 16553.02, "direction": "sell", "amount": 0.1}, {"trade_seq": 5076, "trade_id": "238368793", "timestamp": 1672300993931, "tick_direction": 3, "price": 0.0005, "mark_price": 0.00098333, "iv": 33.81, "instrument_name": "BTC-30DEC22-17000-C", "index_price": 16553.03, "direction": "sell", "amount": 0.4}, {"trade_seq": 5075, "trade_id": "238368792", "timestamp": 1672300991886, "tick_direction": 3, "price": 0.0005, "mark_price": 0.00098273, "iv": 33.82, "instrument_name": "BTC-30DEC22-17000-C", "index_price": 16553.16, "direction": "sell", "amount": 0.1}, {"trade_seq": 5074, "trade_id": "238368791", "timestamp": 1672300990887, "tick_direction": 3, "price": 0.0005, "mark_price": 0.00099301, "iv": 33.72, "instrument_name": "BTC-30DEC22-17000-C", "index_price": 16554.72, "direction": "sell", "amount": 0.1}, {"trade_seq": 5073, "trade_id": "238368790", "timestamp": 1672300988885, "tick_direction": 3, "price": 0.0005, "mark_price": 0.00099541, "iv": 33.7, "instrument_name": "BTC-30DEC22-17000-C", "index_price": 16554.79, "direction": "sell", "amount": 0.2}, {"trade_seq": 5072, "trade_id": "238368789", "timestamp": 1672300986723, "tick_direction": 3, "price": 0.0005, "mark_price": 0.00099424, "iv": 33.71, "instrument_name": "BTC-30DEC22-17000-C", "index_price": 16554.99, "direction": "sell", "amount": 0.1}, {"trade_seq": 5071, "trade_id": "238368786", "timestamp": 1672300985888, "tick_direction": 3, "price": 0.0005, "mark_price": 0.00099241, "iv": 33.71, "instrument_name": "BTC-30DEC22-17000-C", "index_price": 16554.93, "direction": "sell", "amount": 0.1}, {"trade_seq": 5070, "trade_id": "238368784", "timestamp": 1672300982893, "tick_direction": 3, "price": 0.0005, "mark_price": 0.00099334, "iv": 33.72, "instrument_name": "BTC-30DEC22-17000-C", "index_price": 16554.82, "direction": "sell", "amount": 0.1}, {"trade_seq": 5069, "trade_id": "238368783", "timestamp": 1672300981905, "tick_direction": 3, "price": 0.0005, "mark_price": 0.000982, "iv": 33.84, "instrument_name": "BTC-30DEC22-17000-C", "index_price": 16554.81, "direction": "sell", "amount": 0.1}, {"trade_seq": 5068, "trade_id": "238368756", "timestamp": 1672300978885, "tick_direction": 3, "price": 0.0005, "mark_price": 0.00097057, "iv": 33.95, "instrument_name": "BTC-30DEC22-17000-C", "index_price": 16550.69, "direction": "sell", "amount": 0.1}, {"trade_seq": 5067, "trade_id": "238368755", "timestamp": 1672300976887, "tick_direction": 3, "price": 0.0005, "mark_price": 0.00097106, "iv": 33.95, "instrument_name": "BTC-30DEC22-17000-C", "index_price": 16550.72, "direction": "sell", "amount": 0.2}, {"trade_seq": 5066, "trade_id": "238368753", "timestamp": 1672300973884, "tick_direction": 3, "price": 0.0005, "mark_price": 0.00097131, "iv": 33.95, "instrument_name": "BTC-30DEC22-17000-C", "index_price": 16550.78, "direction": "sell", "amount": 0.1}, {"trade_seq": 5065, "trade_id": "238368750", "timestamp": 1672300969884, "tick_direction": 3, "price": 0.0005, "mark_price": 0.00097282, "iv": 33.93, "instrument_name": "BTC-30DEC22-17000-C", "index_price": 16550.96, "direction": "sell", "amount": 0.3}, {"trade_seq": 5064, "trade_id": "238368749", "timestamp": 1672300966885, "tick_direction": 3, "price": 0.0005, "mark_price": 0.00097332, "iv": 33.93, "instrument_name": "BTC-30DEC22-17000-C", "index_price": 16550.97, "direction": "sell", "amount": 0.1}, {"trade_seq": 5063, "trade_id": "238368748", "timestamp": 1672300965909, "tick_direction": 3, "price": 0.0005, "mark_price": 0.00097369, "iv": 33.93, "instrument_name": "BTC-30DEC22-17000-C", "index_price": 16550.96, "direction": "sell", "amount": 0.1}, {"trade_seq": 5062, "trade_id": "238368747", "timestamp": 1672300963887, "tick_direction": 3, "price": 0.0005, "mark_price": 0.00097455, "iv": 33.92, "instrument_name": "BTC-30DEC22-17000-C", "index_price": 16550.99, "direction": "sell", "amount": 0.1}, {"trade_seq": 5061, "trade_id": "238368746", "timestamp": 1672300962879, "tick_direction": 3, "price": 0.0005, "mark_price": 0.00097527, "iv": 33.92, "instrument_name": "BTC-30DEC22-17000-C", "index_price": 16551.06, "direction": "sell", "amount": 0.1}, {"trade_seq": 5060, "trade_id": "238368745", "timestamp": 1672300961925, "tick_direction": 3, "price": 0.0005, "mark_price": 0.00097499, "iv": 33.92, "instrument_name": "BTC-30DEC22-17000-C", "index_price": 16551.13, "direction": "sell", "amount": 0.1}, {"trade_seq": 5059, "trade_id": "238368744", "timestamp": 1672300959886, "tick_direction": 3, "price": 0.0005, "mark_price": 0.00097621, "iv": 33.91, "instrument_name": "BTC-30DEC22-17000-C", "index_price": 16550.99, "direction": "sell", "amount": 0.1}, {"trade_seq": 5058, "trade_id": "238368743", "timestamp": 1672300958895, "tick_direction": 3, "price": 0.0005, "mark_price": 0.00097628, "iv": 33.91, "instrument_name": "BTC-30DEC22-17000-C", "index_price": 16550.99, "direction": "sell", "amount": 0.1}, {"trade_seq": 5057, "trade_id": "238368742", "timestamp": 1672300956878, "tick_direction": 3, "price": 0.0005, "mark_price": 0.00097643, "iv": 33.9, "instrument_name": "BTC-30DEC22-17000-C", "index_price": 16551.06, "direction": "sell", "amount": 0.1}, {"trade_seq": 5056, "trade_id": "238368740", "timestamp": 1672300955891, "tick_direction": 3, "price": 0.0005, "mark_price": 0.00097651, "iv": 33.9, "instrument_name": "BTC-30DEC22-17000-C", "index_price": 16551.06, "direction": "sell", "amount": 0.1}, {"trade_seq": 5055, "trade_id": "238368739", "timestamp": 1672300954891, "tick_direction": 3, "price": 0.0005, "mark_price": 0.00097802, "iv": 33.9, "instrument_name": "BTC-30DEC22-17000-C", "index_price": 16550.96, "direction": "sell", "amount": 0.3}, {"trade_seq": 5054, "trade_id": "238368737", "timestamp": 1672300952892, "tick_direction": 3, "price": 0.0005, "mark_price": 0.00097782, "iv": 33.9, "instrument_name": "BTC-30DEC22-17000-C", "index_price": 16550.99, "direction": "sell", "amount": 0.1}, {"trade_seq": 5053, "trade_id": "238368735", "timestamp": 1672300950891, "tick_direction": 3, "price": 0.0005, "mark_price": 0.00097428, "iv": 33.93, "instrument_name": "BTC-30DEC22-17000-C", "index_price": 16550.08, "direction": "sell", "amount": 0.1}, {"trade_seq": 5052, "trade_id": "238368734", "timestamp": 1672300948917, "tick_direction": 3, "price": 0.0005, "mark_price": 0.00097431, "iv": 33.93, "instrument_name": "BTC-30DEC22-17000-C", "index_price": 16550.07, "direction": "sell", "amount": 0.1}, {"trade_seq": 5051, "trade_id": "238368733", "timestamp": 1672300947884, "tick_direction": 3, "price": 0.0005, "mark_price": 0.00097515, "iv": 33.93, "instrument_name": "BTC-30DEC22-17000-C", "index_price": 16550.04, "direction": "sell", "amount": 0.3}, {"trade_seq": 5050, "trade_id": "238368731", "timestamp": 1672300946865, "tick_direction": 3, "price": 0.0005, "mark_price": 0.0009757, "iv": 33.93, "instrument_name": "BTC-30DEC22-17000-C", "index_price": 16550.17, "direction": "sell", "amount": 0.1}, {"trade_seq": 5049, "trade_id": "238368730", "timestamp": 1672300944871, "tick_direction": 3, "price": 0.0005, "mark_price": 0.00097555, "iv": 33.92, "instrument_name": "BTC-30DEC22-17000-C", "index_price": 16550.27, "direction": "sell", "amount": 0.9}, {"trade_seq": 5048, "trade_id": "238368729", "timestamp": 1672300943881, "tick_direction": 3, "price": 0.0005, "mark_price": 0.00097628, "iv": 33.92, "instrument_name": "BTC-30DEC22-17000-C", "index_price": 16550.15, "direction": "sell", "amount": 0.4}, {"trade_seq": 5047, "trade_id": "238368728", "timestamp": 1672300942864, "tick_direction": 3, "price": 0.0005, "mark_price": 0.00097421, "iv": 33.92, "instrument_name": "BTC-30DEC22-17000-C", "index_price": 16550.25, "direction": "sell", "amount": 0.3}, {"trade_seq": 5046, "trade_id": "238368713", "timestamp": 1672300939880, "tick_direction": 3, "price": 0.0005, "mark_price": 0.00097484, "iv": 33.94, "instrument_name": "BTC-30DEC22-17000-C", "index_price": 16549.92, "direction": "sell", "amount": 0.1}, {"trade_seq": 5045, "trade_id": "238368705", "timestamp": 1672300936873, "tick_direction": 3, "price": 0.0005, "mark_price": 0.00097452, "iv": 33.94, "instrument_name": "BTC-30DEC22-17000-C", "index_price": 16549.95, "direction": "sell", "amount": 0.1}, {"trade_seq": 5044, "trade_id": "238368704", "timestamp": 1672300935873, "tick_direction": 3, "price": 0.0005, "mark_price": 0.00097459, "iv": 33.94, "instrument_name": "BTC-30DEC22-17000-C", "index_price": 16549.85, "direction": "sell", "amount": 0.4}, {"trade_seq": 5043, "trade_id": "238368703", "timestamp": 1672300933872, "tick_direction": 3, "price": 0.0005, "mark_price": 0.00097486, "iv": 33.94, "instrument_name": "BTC-30DEC22-17000-C", "index_price": 16549.86, "direction": "sell", "amount": 0.1}, {"trade_seq": 5042, "trade_id": "238368687", "timestamp": 1672300929871, "tick_direction": 3, "price": 0.0005, "mark_price": 0.00097742, "iv": 33.92, "instrument_name": "BTC-30DEC22-17000-C", "index_price": 16550.18, "direction": "sell", "amount": 0.1}, {"trade_seq": 5041, "trade_id": "238368686", "timestamp": 1672300928893, "tick_direction": 3, "price": 0.0005, "mark_price": 0.0009772, "iv": 33.92, "instrument_name": "BTC-30DEC22-17000-C", "index_price": 16550.23, "direction": "sell", "amount": 0.1}, {"trade_seq": 5040, "trade_id": "238368679", "timestamp": 1672300926858, "tick_direction": 3, "price": 0.0005, "mark_price": 0.0009764, "iv": 33.93, "instrument_name": "BTC-30DEC22-17000-C", "index_price": 16550.22, "direction": "sell", "amount": 0.1}, {"trade_seq": 5039, "trade_id": "238368673", "timestamp": 1672300925997, "tick_direction": 3, "price": 0.0005, "mark_price": 0.00097648, "iv": 33.93, "instrument_name": "BTC-30DEC22-17000-C", "index_price": 16550.22, "direction": "sell", "amount": 0.2}, {"trade_seq": 5038, "trade_id": "238368669", "timestamp": 1672300922869, "tick_direction": 3, "price": 0.0005, "mark_price": 0.0009761, "iv": 33.94, "instrument_name": "BTC-30DEC22-17000-C", "index_price": 16549.79, "direction": "sell", "amount": 0.2}, {"trade_seq": 5037, "trade_id": "238368668", "timestamp": 1672300921854, "tick_direction": 3, "price": 0.0005, "mark_price": 0.00097648, "iv": 33.94, "instrument_name": "BTC-30DEC22-17000-C", "index_price": 16549.82, "direction": "sell", "amount": 0.1}, {"trade_seq": 5036, "trade_id": "238368666", "timestamp": 1672300919852, "tick_direction": 3, "price": 0.0005, "mark_price": 0.00097555, "iv": 33.94, "instrument_name": "BTC-30DEC22-17000-C", "index_price": 16549.72, "direction": "sell", "amount": 0.1}, {"trade_seq": 5035, "trade_id": "238368665", "timestamp": 1672300918852, "tick_direction": 3, "price": 0.0005, "mark_price": 0.00097575, "iv": 33.94, "instrument_name": "BTC-30DEC22-17000-C", "index_price": 16549.7, "direction": "sell", "amount": 0.2}, {"trade_seq": 5034, "trade_id": "238368664", "timestamp": 1672300917873, "tick_direction": 3, "price": 0.0005, "mark_price": 0.00097558, "iv": 33.94, "instrument_name": "BTC-30DEC22-17000-C", "index_price": 16549.72, "direction": "sell", "amount": 0.1}, {"trade_seq": 5033, "trade_id": "238368663", "timestamp": 1672300916851, "tick_direction": 3, "price": 0.0005, "mark_price": 0.0009756, "iv": 33.95, "instrument_name": "BTC-30DEC22-17000-C", "index_price": 16549.69, "direction": "sell", "amount": 0.1}, {"trade_seq": 5032, "trade_id": "238368662", "timestamp": 1672300915852, "tick_direction": 3, "price": 0.0005, "mark_price": 0.00097609, "iv": 33.94, "instrument_name": "BTC-30DEC22-17000-C", "index_price": 16549.76, "direction": "sell", "amount": 0.1}, {"trade_seq": 5031, "trade_id": "238368661", "timestamp": 1672300913845, "tick_direction": 3, "price": 0.0005, "mark_price": 0.00097677, "iv": 33.94, "instrument_name": "BTC-30DEC22-17000-C", "index_price": 16549.86, "direction": "sell", "amount": 0.1}, {"trade_seq": 5030, "trade_id": "238368660", "timestamp": 1672300911845, "tick_direction": 2, "price": 0.0005, "mark_price": 0.00097615, "iv": 33.95, "instrument_name": "BTC-30DEC22-17000-C", "index_price": 16549.68, "direction": "sell", "amount": 0.2}, {"trade_seq": 5029, "trade_id": "238368659", "timestamp": 1672300911306, "tick_direction": 0, "price": 0.001, "mark_price": 0.00097754, "iv": 40.21, "instrument_name": "BTC-30DEC22-17000-C", "index_price": 16549.68, "direction": "sell", "amount": 0.3}, {"trade_seq": 5028, "trade_id": "238368658", "timestamp": 1672300909841, "tick_direction": 3, "price": 0.0005, "mark_price": 0.00097751, "iv": 33.93, "instrument_name": "BTC-30DEC22-17000-C", "index_price": 16549.97, "direction": "sell", "amount": 0.1}, {"trade_seq": 5027, "trade_id": "238368656", "timestamp": 1672300908841, "tick_direction": 3, "price": 0.0005, "mark_price": 0.00097771, "iv": 33.93, "instrument_name": "BTC-30DEC22-17000-C", "index_price": 16549.96, "direction": "sell", "amount": 0.4}, {"trade_seq": 5026, "trade_id": "238368655", "timestamp": 1672300907848, "tick_direction": 3, "price": 0.0005, "mark_price": 0.00097791, "iv": 33.93, "instrument_name": "BTC-30DEC22-17000-C", "index_price": 16549.97, "direction": "sell", "amount": 0.1}, {"trade_seq": 5025, "trade_id": "238368654", "timestamp": 1672300906838, "tick_direction": 3, "price": 0.0005, "mark_price": 0.00097799, "iv": 33.93, "instrument_name": "BTC-30DEC22-17000-C", "index_price": 16549.97, "direction": "sell", "amount": 0.1}, {"trade_seq": 5024, "trade_id": "238368647", "timestamp": 1672300905054, "tick_direction": 3, "price": 0.0005, "mark_price": 0.00097826, "iv": 33.93, "instrument_name": "BTC-30DEC22-17000-C", "index_price": 16549.97, "direction": "sell", "amount": 0.1}, {"trade_seq": 5023, "trade_id": "238368646", "timestamp": 1672300904878, "tick_direction": 3, "price": 0.0005, "mark_price": 0.00097826, "iv": 33.93, "instrument_name": "BTC-30DEC22-17000-C", "index_price": 16550.02, "direction": "sell", "amount": 0.2}, {"trade_seq": 5022, "trade_id": "238368645", "timestamp": 1672300903847, "tick_direction": 3, "price": 0.0005, "mark_price": 0.00097852, "iv": 33.93, "instrument_name": "BTC-30DEC22-17000-C", "index_price": 16549.97, "direction": "sell", "amount": 0.2}, {"trade_seq": 5021, "trade_id": "238368644", "timestamp": 1672300901829, "tick_direction": 3, "price": 0.0005, "mark_price": 0.00097904, "iv": 33.92, "instrument_name": "BTC-30DEC22-17000-C", "index_price": 16550.01, "direction": "sell", "amount": 0.1}, {"trade_seq": 5020, "trade_id": "238368642", "timestamp": 1672300899841, "tick_direction": 3, "price": 0.0005, "mark_price": 0.00097962, "iv": 33.92, "instrument_name": "BTC-30DEC22-17000-C", "index_price": 16550.06, "direction": "sell", "amount": 0.1}, {"trade_seq": 5019, "trade_id": "238368641", "timestamp": 1672300898836, "tick_direction": 3, "price": 0.0005, "mark_price": 0.00097988, "iv": 33.92, "instrument_name": "BTC-30DEC22-17000-C", "index_price": 16550.08, "direction": "sell", "amount": 0.5}, {"trade_seq": 5018, "trade_id": "238368640", "timestamp": 1672300897834, "tick_direction": 3, "price": 0.0005, "mark_price": 0.00097984, "iv": 33.92, "instrument_name": "BTC-30DEC22-17000-C", "index_price": 16550.06, "direction": "sell", "amount": 0.3}, {"trade_seq": 5017, "trade_id": "238368639", "timestamp": 1672300896847, "tick_direction": 3, "price": 0.0005, "mark_price": 0.00098118, "iv": 33.92, "instrument_name": "BTC-30DEC22-17000-C", "index_price": 16550.02, "direction": "sell", "amount": 0.1}, {"trade_seq": 5016, "trade_id": "238368638", "timestamp": 1672300895864, "tick_direction": 3, "price": 0.0005, "mark_price": 0.00098157, "iv": 33.92, "instrument_name": "BTC-30DEC22-17000-C", "index_price": 16550.02, "direction": "sell", "amount": 0.1}, {"trade_seq": 5015, "trade_id": "238368637", "timestamp": 1672300894836, "tick_direction": 3, "price": 0.0005, "mark_price": 0.00098177, "iv": 33.9, "instrument_name": "BTC-30DEC22-17000-C", "index_price": 16550.22, "direction": "sell", "amount": 0.1}, {"trade_seq": 5014, "trade_id": "238368636", "timestamp": 1672300893828, "tick_direction": 3, "price": 0.0005, "mark_price": 0.00098186, "iv": 33.9, "instrument_name": "BTC-30DEC22-17000-C", "index_price": 16550.22, "direction": "sell", "amount": 0.2}, {"trade_seq": 5013, "trade_id": "238368634", "timestamp": 1672300892834, "tick_direction": 3, "price": 0.0005, "mark_price": 0.00098218, "iv": 33.9, "instrument_name": "BTC-30DEC22-17000-C", "index_price": 16550.22, "direction": "sell", "amount": 0.1}, {"trade_seq": 5012, "trade_id": "238368633", "timestamp": 1672300890833, "tick_direction": 3, "price": 0.0005, "mark_price": 0.00098292, "iv": 33.88, "instrument_name": "BTC-30DEC22-17000-C", "index_price": 16550.15, "direction": "sell", "amount": 0.1}, {"trade_seq": 5011, "trade_id": "238368632", "timestamp": 1672300889858, "tick_direction": 3, "price": 0.0005, "mark_price": 0.00098318, "iv": 33.88, "instrument_name": "BTC-30DEC22-17000-C", "index_price": 16550.15, "direction": "sell", "amount": 0.2}, {"trade_seq": 5010, "trade_id": "238368630", "timestamp": 1672300888821, "tick_direction": 3, "price": 0.0005, "mark_price": 0.00098315, "iv": 33.89, "instrument_name": "BTC-30DEC22-17000-C", "index_price": 16549.94, "direction": "sell", "amount": 0.1}, {"trade_seq": 5009, "trade_id": "238368629", "timestamp": 1672300887826, "tick_direction": 3, "price": 0.0005, "mark_price": 0.00098217, "iv": 33.89, "instrument_name": "BTC-30DEC22-17000-C", "index_price": 16549.93, "direction": "sell", "amount": 0.1}, {"trade_seq": 5008, "trade_id": "238368628", "timestamp": 1672300886832, "tick_direction": 3, "price": 0.0005, "mark_price": 0.00098315, "iv": 33.9, "instrument_name": "BTC-30DEC22-17000-C", "index_price": 16549.88, "direction": "sell", "amount": 0.1}, {"trade_seq": 5007, "trade_id": "238368626", "timestamp": 1672300884836, "tick_direction": 3, "price": 0.0005, "mark_price": 0.00098129, "iv": 33.91, "instrument_name": "BTC-30DEC22-17000-C", "index_price": 16549.78, "direction": "sell", "amount": 0.1}, {"trade_seq": 5006, "trade_id": "238368624", "timestamp": 1672300882195, "tick_direction": 3, "price": 0.0005, "mark_price": 0.00098167, "iv": 33.91, "instrument_name": "BTC-30DEC22-17000-C", "index_price": 16549.4, "direction": "sell", "amount": 0.1}, {"trade_seq": 5005, "trade_id": "238368623", "timestamp": 1672300882030, "tick_direction": 3, "price": 0.0005, "mark_price": 0.00098167, "iv": 33.92, "instrument_name": "BTC-30DEC22-17000-C", "index_price": 16549.4, "direction": "sell", "amount": 0.1}, {"trade_seq": 5004, "trade_id": "238368622", "timestamp": 1672300881830, "tick_direction": 3, "price": 0.0005, "mark_price": 0.00098167, "iv": 33.92, "instrument_name": "BTC-30DEC22-17000-C", "index_price": 16549.4, "direction": "sell", "amount": 0.1}, {"trade_seq": 5003, "trade_id": "238368620", "timestamp": 1672300879853, "tick_direction": 3, "price": 0.0005, "mark_price": 0.00098208, "iv": 33.91, "instrument_name": "BTC-30DEC22-17000-C", "index_price": 16549.38, "direction": "sell", "amount": 0.2}, {"trade_seq": 5002, "trade_id": "238368617", "timestamp": 1672300877996, "tick_direction": 3, "price": 0.0005, "mark_price": 0.00098088, "iv": 33.91, "instrument_name": "BTC-30DEC22-17000-C", "index_price": 16549.39, "direction": "sell", "amount": 0.1}, {"trade_seq": 5001, "trade_id": "238368616", "timestamp": 1672300877825, "tick_direction": 3, "price": 0.0005, "mark_price": 0.00098088, "iv": 33.91, "instrument_name": "BTC-30DEC22-17000-C", "index_price": 16549.39, "direction": "sell", "amount": 0.1}, {"trade_seq": 5000, "trade_id": "238368615", "timestamp": 1672300876828, "tick_direction": 3, "price": 0.0005, "mark_price": 0.00098108, "iv": 33.93, "instrument_name": "BTC-30DEC22-17000-C", "index_price": 16549.4, "direction": "sell", "amount": 0.3}, {"trade_seq": 4999, "trade_id": "238368614", "timestamp": 1672300874818, "tick_direction": 3, "price": 0.0005, "mark_price": 0.00098125, "iv": 33.92, "instrument_name": "BTC-30DEC22-17000-C", "index_price": 16549.13, "direction": "sell", "amount": 1.2}, {"trade_seq": 4998, "trade_id": "238368613", "timestamp": 1672300873811, "tick_direction": 3, "price": 0.0005, "mark_price": 0.0009808, "iv": 33.92, "instrument_name": "BTC-30DEC22-17000-C", "index_price": 16549.15, "direction": "sell", "amount": 0.1}, {"trade_seq": 4997, "trade_id": "238368612", "timestamp": 1672300872828, "tick_direction": 3, "price": 0.0005, "mark_price": 0.00098046, "iv": 33.93, "instrument_name": "BTC-30DEC22-17000-C", "index_price": 16549.04, "direction": "sell", "amount": 0.1}, {"trade_seq": 4996, "trade_id": "238368610", "timestamp": 1672300870852, "tick_direction": 3, "price": 0.0005, "mark_price": 0.00098117, "iv": 33.93, "instrument_name": "BTC-30DEC22-17000-C", "index_price": 16549.0, "direction": "sell", "amount": 0.1}, {"trade_seq": 4995, "trade_id": "238368609", "timestamp": 1672300868836, "tick_direction": 3, "price": 0.0005, "mark_price": 0.00098128, "iv": 33.93, "instrument_name": "BTC-30DEC22-17000-C", "index_price": 16549.11, "direction": "sell", "amount": 0.4}, {"trade_seq": 4994, "trade_id": "238368608", "timestamp": 1672300865819, "tick_direction": 3, "price": 0.0005, "mark_price": 0.00098225, "iv": 33.93, "instrument_name": "BTC-30DEC22-17000-C", "index_price": 16549.09, "direction": "sell", "amount": 1.3}, {"trade_seq": 4993, "trade_id": "238368603", "timestamp": 1672300863805, "tick_direction": 3, "price": 0.0005, "mark_price": 0.00098387, "iv": 33.92, "instrument_name": "BTC-30DEC22-17000-C", "index_price": 16549.23, "direction": "sell", "amount": 0.1}, {"trade_seq": 4992, "trade_id": "238368600", "timestamp": 1672300860808, "tick_direction": 3, "price": 0.0005, "mark_price": 0.00098468, "iv": 33.9, "instrument_name": "BTC-30DEC22-17000-C", "index_price": 16549.46, "direction": "sell", "amount": 0.1}, {"trade_seq": 4991, "trade_id": "238368599", "timestamp": 1672300859818, "tick_direction": 3, "price": 0.0005, "mark_price": 0.00098477, "iv": 33.9, "instrument_name": "BTC-30DEC22-17000-C", "index_price": 16549.46, "direction": "sell", "amount": 0.1}, {"trade_seq": 4990, "trade_id": "238368597", "timestamp": 1672300859009, "tick_direction": 3, "price": 0.0005, "mark_price": 0.00098379, "iv": 33.9, "instrument_name": "BTC-30DEC22-17000-C", "index_price": 16549.46, "direction": "sell", "amount": 0.1}, {"trade_seq": 4989, "trade_id": "238368596", "timestamp": 1672300858810, "tick_direction": 3, "price": 0.0005, "mark_price": 0.00098379, "iv": 33.9, "instrument_name": "BTC-30DEC22-17000-C", "index_price": 16549.46, "direction": "sell", "amount": 0.1}, {"trade_seq": 4988, "trade_id": "238368595", "timestamp": 1672300857801, "tick_direction": 3, "price": 0.0005, "mark_price": 0.00098346, "iv": 33.91, "instrument_name": "BTC-30DEC22-17000-C", "index_price": 16549.36, "direction": "sell", "amount": 0.3}, {"trade_seq": 4987, "trade_id": "238368593", "timestamp": 1672300855807, "tick_direction": 3, "price": 0.0005, "mark_price": 0.00098364, "iv": 33.91, "instrument_name": "BTC-30DEC22-17000-C", "index_price": 16549.26, "direction": "sell", "amount": 0.1}, {"trade_seq": 4986, "trade_id": "238368591", "timestamp": 1672300853810, "tick_direction": 3, "price": 0.0005, "mark_price": 0.0009834, "iv": 33.92, "instrument_name": "BTC-30DEC22-17000-C", "index_price": 16549.14, "direction": "sell", "amount": 0.1}, {"trade_seq": 4985, "trade_id": "238368588", "timestamp": 1672300849807, "tick_direction": 3, "price": 0.0005, "mark_price": 0.00098507, "iv": 33.92, "instrument_name": "BTC-30DEC22-17000-C", "index_price": 16549.05, "direction": "sell", "amount": 0.1}, {"trade_seq": 4984, "trade_id": "238368587", "timestamp": 1672300847806, "tick_direction": 3, "price": 0.0005, "mark_price": 0.00098484, "iv": 33.91, "instrument_name": "BTC-30DEC22-17000-C", "index_price": 16549.26, "direction": "sell", "amount": 0.2}, {"trade_seq": 4983, "trade_id": "238368586", "timestamp": 1672300845804, "tick_direction": 3, "price": 0.0005, "mark_price": 0.00098215, "iv": 33.94, "instrument_name": "BTC-30DEC22-17000-C", "index_price": 16548.94, "direction": "sell", "amount": 0.1}, {"trade_seq": 4982, "trade_id": "238368585", "timestamp": 1672300845009, "tick_direction": 3, "price": 0.0005, "mark_price": 0.00098163, "iv": 33.94, "instrument_name": "BTC-30DEC22-17000-C", "index_price": 16548.71, "direction": "sell", "amount": 0.2}, {"trade_seq": 4981, "trade_id": "238368584", "timestamp": 1672300844813, "tick_direction": 3, "price": 0.0005, "mark_price": 0.00098163, "iv": 33.94, "instrument_name": "BTC-30DEC22-17000-C", "index_price": 16548.71, "direction": "sell", "amount": 1.0}, {"trade_seq": 4980, "trade_id": "238368582", "timestamp": 1672300842800, "tick_direction": 3, "price": 0.0005, "mark_price": 0.00098222, "iv": 33.95, "instrument_name": "BTC-30DEC22-17000-C", "index_price": 16548.6, "direction": "sell", "amount": 0.1}, {"trade_seq": 4979, "trade_id": "238368580", "timestamp": 1672300841825, "tick_direction": 3, "price": 0.0005, "mark_price": 0.00098219, "iv": 33.95, "instrument_name": "BTC-30DEC22-17000-C", "index_price": 16548.56, "direction": "sell", "amount": 0.2}, {"trade_seq": 4978, "trade_id": "238368579", "timestamp": 1672300839797, "tick_direction": 3, "price": 0.0005, "mark_price": 0.00098039, "iv": 33.96, "instrument_name": "BTC-30DEC22-17000-C", "index_price": 16548.71, "direction": "sell", "amount": 0.1}, {"trade_seq": 4977, "trade_id": "238368576", "timestamp": 1672300839153, "tick_direction": 3, "price": 0.0005, "mark_price": 0.0009785, "iv": 33.96, "instrument_name": "BTC-30DEC22-17000-C", "index_price": 16548.39, "direction": "sell", "amount": 0.3}, {"trade_seq": 4976, "trade_id": "238368575", "timestamp": 1672300838986, "tick_direction": 3, "price": 0.0005, "mark_price": 0.0009785, "iv": 33.96, "instrument_name": "BTC-30DEC22-17000-C", "index_price": 16548.39, "direction": "sell", "amount": 0.2}, {"trade_seq": 4975, "trade_id": "238368574", "timestamp": 1672300838803, "tick_direction": 3, "price": 0.0005, "mark_price": 0.0009785, "iv": 33.96, "instrument_name": "BTC-30DEC22-17000-C", "index_price": 16548.39, "direction": "sell", "amount": 0.2}, {"trade_seq": 4974, "trade_id": "238368571", "timestamp": 1672300837837, "tick_direction": 3, "price": 0.0005, "mark_price": 0.00097942, "iv": 33.96, "instrument_name": "BTC-30DEC22-17000-C", "index_price": 16548.33, "direction": "sell", "amount": 0.7}, {"trade_seq": 4973, "trade_id": "238368570", "timestamp": 1672300835796, "tick_direction": 3, "price": 0.0005, "mark_price": 0.00097928, "iv": 33.98, "instrument_name": "BTC-30DEC22-17000-C", "index_price": 16547.97, "direction": "sell", "amount": 0.1}, {"trade_seq": 4972, "trade_id": "238368569", "timestamp": 1672300834807, "tick_direction": 3, "price": 0.0005, "mark_price": 0.00097907, "iv": 33.98, "instrument_name": "BTC-30DEC22-17000-C", "index_price": 16547.77, "direction": "sell", "amount": 0.1}, {"trade_seq": 4971, "trade_id": "238368567", "timestamp": 1672300832816, "tick_direction": 3, "price": 0.0005, "mark_price": 0.00097935, "iv": 33.98, "instrument_name": "BTC-30DEC22-17000-C", "index_price": 16547.64, "direction": "sell", "amount": 0.1}, {"trade_seq": 4970, "trade_id": "238368566", "timestamp": 1672300830793, "tick_direction": 3, "price": 0.0005, "mark_price": 0.00098192, "iv": 33.96, "instrument_name": "BTC-30DEC22-17000-C", "index_price": 16547.51, "direction": "sell", "amount": 0.1}, {"trade_seq": 4969, "trade_id": "238368564", "timestamp": 1672300829813, "tick_direction": 3, "price": 0.0005, "mark_price": 0.00098309, "iv": 33.96, "instrument_name": "BTC-30DEC22-17000-C", "index_price": 16547.51, "direction": "sell", "amount": 0.2}, {"trade_seq": 4968, "trade_id": "238368562", "timestamp": 1672300827796, "tick_direction": 3, "price": 0.0005, "mark_price": 0.00098464, "iv": 33.94, "instrument_name": "BTC-30DEC22-17000-C", "index_price": 16547.63, "direction": "sell", "amount": 0.1}, {"trade_seq": 4967, "trade_id": "238368561", "timestamp": 1672300826794, "tick_direction": 3, "price": 0.0005, "mark_price": 0.00098546, "iv": 33.93, "instrument_name": "BTC-30DEC22-17000-C", "index_price": 16547.65, "direction": "sell", "amount": 0.3}, {"trade_seq": 4966, "trade_id": "238368559", "timestamp": 1672300822964, "tick_direction": 3, "price": 0.0005, "mark_price": 0.00098987, "iv": 33.9, "instrument_name": "BTC-30DEC22-17000-C", "index_price": 16547.67, "direction": "sell", "amount": 0.3}, {"trade_seq": 4965, "trade_id": "238368558", "timestamp": 1672300822800, "tick_direction": 3, "price": 0.0005, "mark_price": 0.00098987, "iv": 33.9, "instrument_name": "BTC-30DEC22-17000-C", "index_price": 16547.67, "direction": "sell", "amount": 0.2}, {"trade_seq": 4964, "trade_id": "238368557", "timestamp": 1672300820800, "tick_direction": 3, "price": 0.0005, "mark_price": 0.00099242, "iv": 33.88, "instrument_name": "BTC-30DEC22-17000-C", "index_price": 16547.76, "direction": "sell", "amount": 0.1}, {"trade_seq": 4963, "trade_id": "238368555", "timestamp": 1672300817794, "tick_direction": 3, "price": 0.0005, "mark_price": 0.00099553, "iv": 33.84, "instrument_name": "BTC-30DEC22-17000-C", "index_price": 16547.82, "direction": "sell", "amount": 0.4}, {"trade_seq": 4962, "trade_id": "238368553", "timestamp": 1672300816798, "tick_direction": 3, "price": 0.0005, "mark_price": 0.0009974, "iv": 33.82, "instrument_name": "BTC-30DEC22-17000-C", "index_price": 16547.84, "direction": "sell", "amount": 0.1}, {"trade_seq": 4961, "trade_id": "238368551", "timestamp": 1672300815800, "tick_direction": 3, "price": 0.0005, "mark_price": 0.00099879, "iv": 33.81, "instrument_name": "BTC-30DEC22-17000-C", "index_price": 16547.9, "direction": "sell", "amount": 0.1}, {"trade_seq": 4960, "trade_id": "238368549", "timestamp": 1672300814804, "tick_direction": 3, "price": 0.0005, "mark_price": 0.00100055, "iv": 33.79, "instrument_name": "BTC-30DEC22-17000-C", "index_price": 16547.86, "direction": "sell", "amount": 0.2}, {"trade_seq": 4959, "trade_id": "238368547", "timestamp": 1672300813807, "tick_direction": 3, "price": 0.0005, "mark_price": 0.00100335, "iv": 33.77, "instrument_name": "BTC-30DEC22-17000-C", "index_price": 16547.87, "direction": "sell", "amount": 0.1}, {"trade_seq": 4958, "trade_id": "238368546", "timestamp": 1672300812829, "tick_direction": 3, "price": 0.0005, "mark_price": 0.00100512, "iv": 33.75, "instrument_name": "BTC-30DEC22-17000-C", "index_price": 16548.02, "direction": "sell", "amount": 2.1}, {"trade_seq": 4957, "trade_id": "238368543", "timestamp": 1672300811800, "tick_direction": 3, "price": 0.0005, "mark_price": 0.00100647, "iv": 33.73, "instrument_name": "BTC-30DEC22-17000-C", "index_price": 16547.98, "direction": "sell", "amount": 0.1}, {"trade_seq": 4956, "trade_id": "238368541", "timestamp": 1672300810788, "tick_direction": 3, "price": 0.0005, "mark_price": 0.00100869, "iv": 33.72, "instrument_name": "BTC-30DEC22-17000-C", "index_price": 16547.84, "direction": "sell", "amount": 0.1}, {"trade_seq": 4955, "trade_id": "238368540", "timestamp": 1672300808823, "tick_direction": 3, "price": 0.0005, "mark_price": 0.00100994, "iv": 33.71, "instrument_name": "BTC-30DEC22-17000-C", "index_price": 16547.15, "direction": "sell", "amount": 0.2}, {"trade_seq": 4954, "trade_id": "238368539", "timestamp": 1672300808823, "tick_direction": 3, "price": 0.0005, "mark_price": 0.00100994, "iv": 33.71, "instrument_name": "BTC-30DEC22-17000-C", "index_price": 16547.15, "direction": "sell", "amount": 0.1}, {"trade_seq": 4953, "trade_id": "238368537", "timestamp": 1672300806998, "tick_direction": 2, "price": 0.0005, "mark_price": 0.00101219, "iv": 33.69, "instrument_name": "BTC-30DEC22-17000-C", "index_price": 16547.13, "direction": "sell", "amount": 0.1}, {"trade_seq": 4952, "trade_id": "238368487", "timestamp": 1672300467663, "tick_direction": 0, "price": 0.0015, "mark_price": 0.00101732, "liquidation": "T", "iv": 45.24, "instrument_name": "BTC-30DEC22-17000-C", "index_price": 16541.23, "direction": "buy", "amount": 0.3}, {"trade_seq": 4951, "trade_id": "238368337", "timestamp": 1672299928801, "tick_direction": 3, "price": 0.001, "mark_price": 0.00118161, "iv": 40.25, "instrument_name": "BTC-30DEC22-17000-C", "index_price": 16540.33, "direction": "sell", "amount": 2.1}, {"trade_seq": 4950, "trade_id": "238367940", "timestamp": 1672299204215, "tick_direction": 3, "price": 0.001, "mark_price": 0.00110505, "iv": 40.81, "instrument_name": "BTC-30DEC22-17000-C", "index_price": 16530.73, "direction": "sell", "amount": 2.9}, {"trade_seq": 4949, "trade_id": "238367896", "timestamp": 1672298950407, "tick_direction": 3, "price": 0.001, "mark_price": 0.00117019, "iv": 40.9, "instrument_name": "BTC-30DEC22-17000-C", "index_price": 16528.86, "direction": "sell", "amount": 0.9}, {"trade_seq": 4948, "trade_id": "238367895", "timestamp": 1672298950407, "tick_direction": 3, "price": 0.001, "mark_price": 0.00117019, "iv": 40.9, "instrument_name": "BTC-30DEC22-17000-C", "index_price": 16528.86, "direction": "sell", "amount": 1.0}, {"trade_seq": 4947, "trade_id": "238367894", "timestamp": 1672298950407, "tick_direction": 3, "price": 0.001, "mark_price": 0.00117019, "iv": 40.9, "instrument_name": "BTC-30DEC22-17000-C", "index_price": 16528.86, "direction": "sell", "amount": 0.4}, {"trade_seq": 4946, "trade_id": "238367422", "timestamp": 1672297380805, "tick_direction": 2, "price": 0.001, "mark_price": 0.00120214, "iv": 38.93, "instrument_name": "BTC-30DEC22-17000-C", "index_price": 16553.06, "direction": "sell", "amount": 0.2}, {"trade_seq": 4945, "trade_id": "238367324", "timestamp": 1672296825806, "tick_direction": 0, "price": 0.0015, "mark_price": 0.0012054, "iv": 43.46, "instrument_name": "BTC-30DEC22-17000-C", "index_price": 16552.9, "direction": "buy", "amount": 0.3}, {"trade_seq": 4944, "trade_id": "238366740", "timestamp": 1672292163600, "tick_direction": 3, "price": 0.001, "mark_price": 0.00123879, "iv": 37.69, "instrument_name": "BTC-30DEC22-17000-C", "index_price": 16557.61, "direction": "sell", "amount": 0.1}, {"trade_seq": 4943, "trade_id": "238366364", "timestamp": 1672289252235, "tick_direction": 3, "price": 0.001, "mark_price": 0.00127697, "iv": 36.86, "instrument_name": "BTC-30DEC22-17000-C", "index_price": 16561.69, "direction": "sell", "amount": 0.1}, {"trade_seq": 4942, "trade_id": "238366114", "timestamp": 1672287925900, "tick_direction": 3, "price": 0.001, "mark_price": 0.00130719, "iv": 37.06, "instrument_name": "BTC-30DEC22-17000-C", "index_price": 16553.88, "direction": "sell", "amount": 0.1}, {"trade_seq": 4941, "trade_id": "238363943", "timestamp": 1672280281400, "tick_direction": 2, "price": 0.001, "mark_price": 0.00143356, "iv": 37.6, "instrument_name": "BTC-30DEC22-17000-C", "index_price": 16523.92, "direction": "sell", "amount": 0.1}, {"trade_seq": 4940, "trade_id": "238363145", "timestamp": 1672276331206, "tick_direction": 3, "price": 0.0015, "mark_price": 0.00170455, "iv": 38.93, "instrument_name": "BTC-30DEC22-17000-C", "index_price": 16560.11, "direction": "sell", "amount": 0.1}, {"trade_seq": 4939, "trade_id": "238363134", "timestamp": 1672276263282, "tick_direction": 3, "price": 0.0015, "mark_price": 0.00173902, "iv": 38.66, "instrument_name": "BTC-30DEC22-17000-C", "index_price": 16565.74, "direction": "sell", "amount": 1.0}, {"trade_seq": 4938, "trade_id": "238361590", "timestamp": 1672270604355, "tick_direction": 3, "price": 0.0015, "mark_price": 0.00177506, "iv": 39.07, "instrument_name": "BTC-30DEC22-17000-C", "index_price": 16540.42, "direction": "sell", "amount": 3.0}, {"trade_seq": 4937, "trade_id": "238361587", "timestamp": 1672270594161, "tick_direction": 3, "price": 0.0015, "mark_price": 0.00177798, "iv": 39.09, "instrument_name": "BTC-30DEC22-17000-C", "index_price": 16540.49, "direction": "sell", "amount": 3.0}, {"trade_seq": 4936, "trade_id": "238361585", "timestamp": 1672270593355, "tick_direction": 3, "price": 0.0015, "mark_price": 0.00177805, "iv": 39.09, "instrument_name": "BTC-30DEC22-17000-C", "index_price": 16540.41, "direction": "sell", "amount": 3.0}, {"trade_seq": 4935, "trade_id": "238361583", "timestamp": 1672270591182, "tick_direction": 3, "price": 0.0015, "mark_price": 0.00177518, "iv": 39.09, "instrument_name": "BTC-30DEC22-17000-C", "index_price": 16540.3, "direction": "sell", "amount": 3.0}, {"trade_seq": 4934, "trade_id": "238361466", "timestamp": 1672269936095, "tick_direction": 3, "price": 0.0015, "mark_price": 0.00175897, "iv": 39.53, "instrument_name": "BTC-30DEC22-17000-C", "index_price": 16534.06, "direction": "sell", "amount": 0.3}, {"trade_seq": 4933, "trade_id": "238361282", "timestamp": 1672269665104, "tick_direction": 3, "price": 0.0015, "mark_price": 0.00173925, "iv": 39.67, "instrument_name": "BTC-30DEC22-17000-C", "index_price": 16531.59, "direction": "sell", "amount": 1.0}, {"trade_seq": 4932, "trade_id": "238360382", "timestamp": 1672267742120, "tick_direction": 3, "price": 0.0015, "mark_price": 0.00178704, "iv": 40.84, "instrument_name": "BTC-30DEC22-17000-C", "index_price": 16512.03, "direction": "sell", "amount": 1.0}, {"trade_seq": 4931, "trade_id": "238360376", "timestamp": 1672267682087, "tick_direction": 3, "price": 0.0015, "mark_price": 0.00178645, "iv": 40.89, "instrument_name": "BTC-30DEC22-17000-C", "index_price": 16508.59, "direction": "sell", "amount": 1.0}, {"trade_seq": 4930, "trade_id": "238360375", "timestamp": 1672267681020, "tick_direction": 3, "price": 0.0015, "mark_price": 0.00178654, "iv": 40.89, "instrument_name": "BTC-30DEC22-17000-C", "index_price": 16508.57, "direction": "sell", "amount": 1.0}, {"trade_seq": 4929, "trade_id": "238360167", "timestamp": 1672267402098, "tick_direction": 2, "price": 0.0015, "mark_price": 0.00176837, "iv": 41.1, "instrument_name": "BTC-30DEC22-17000-C", "index_price": 16500.76, "direction": "sell", "amount": 0.2}, {"trade_seq": 4928, "trade_id": "238360158", "timestamp": 1672267340242, "tick_direction": 2, "price": 0.0015, "mark_price": 0.0017712, "iv": 41.11, "instrument_name": "BTC-30DEC22-17000-C", "index_price": 16500.02, "direction": "sell", "amount": 0.1}, {"trade_seq": 4927, "trade_id": "238356734", "timestamp": 1672263078549, "tick_direction": 1, "price": 0.002, "mark_price": 0.00169442, "iv": 41.93, "instrument_name": "BTC-30DEC22-17000-C", "index_price": 16535.87, "direction": "buy", "amount": 4.0}, {"trade_seq": 4926, "trade_id": "238356482", "timestamp": 1672263000988, "tick_direction": 1, "price": 0.002, "mark_price": 0.00160492, "iv": 42.49, "instrument_name": "BTC-30DEC22-17000-C", "index_price": 16526.57, "direction": "buy", "amount": 2.8}, {"trade_seq": 4925, "trade_id": "238356481", "timestamp": 1672263000988, "tick_direction": 1, "price": 0.002, "mark_price": 0.00160492, "iv": 42.49, "instrument_name": "BTC-30DEC22-17000-C", "index_price": 16526.57, "direction": "buy", "amount": 2.2}, {"trade_seq": 4924, "trade_id": "238356152", "timestamp": 1672262896612, "tick_direction": 0, "price": 0.002, "mark_price": 0.00136122, "iv": 44.39, "instrument_name": "BTC-30DEC22-17000-C", "index_price": 16491.85, "direction": "buy", "amount": 1.0}, {"trade_seq": 4923, "trade_id": "238355871", "timestamp": 1672262818775, "tick_direction": 3, "price": 0.0015, "mark_price": 0.00108904, "iv": 41.83, "instrument_name": "BTC-30DEC22-17000-C", "index_price": 16472.19, "direction": "sell", "amount": 1.2}, {"trade_seq": 4922, "trade_id": "238355667", "timestamp": 1672262785364, "tick_direction": 3, "price": 0.0015, "mark_price": 0.00129439, "iv": 40.0, "instrument_name": "BTC-30DEC22-17000-C", "index_price": 16503.59, "direction": "sell", "amount": 0.1}, {"trade_seq": 4921, "trade_id": "238355264", "timestamp": 1672262754700, "tick_direction": 3, "price": 0.0015, "mark_price": 0.00119747, "iv": 40.89, "instrument_name": "BTC-30DEC22-17000-C", "index_price": 16488.44, "direction": "sell", "amount": 0.9}, {"trade_seq": 4920, "trade_id": "238355263", "timestamp": 1672262754700, "tick_direction": 2, "price": 0.0015, "mark_price": 0.00119747, "iv": 40.89, "instrument_name": "BTC-30DEC22-17000-C", "index_price": 16488.44, "direction": "sell", "amount": 0.3}, {"trade_seq": 4919, "trade_id": "238353929", "timestamp": 1672262135722, "tick_direction": 3, "price": 0.002, "mark_price": 0.00184073, "iv": 39.46, "instrument_name": "BTC-30DEC22-17000-C", "index_price": 16571.18, "direction": "buy", "amount": 5.0}, {"trade_seq": 4918, "trade_id": "238353918", "timestamp": 1672262080443, "tick_direction": 3, "price": 0.002, "mark_price": 0.00187086, "iv": 39.29, "instrument_name": "BTC-30DEC22-17000-C", "index_price": 16574.22, "direction": "sell", "amount": 0.3}, {"trade_seq": 4917, "trade_id": "238353916", "timestamp": 1672262080382, "tick_direction": 3, "price": 0.002, "mark_price": 0.00187086, "iv": 39.29, "instrument_name": "BTC-30DEC22-17000-C", "index_price": 16574.22, "direction": "sell", "amount": 0.4}, {"trade_seq": 4916, "trade_id": "238353915", "timestamp": 1672262080327, "tick_direction": 3, "price": 0.002, "mark_price": 0.00187086, "iv": 39.29, "instrument_name": "BTC-30DEC22-17000-C", "index_price": 16574.22, "direction": "sell", "amount": 0.2}, {"trade_seq": 4915, "trade_id": "238353888", "timestamp": 1672262033426, "tick_direction": 3, "price": 0.002, "mark_price": 0.00190852, "iv": 38.86, "instrument_name": "BTC-30DEC22-17000-C", "index_price": 16581.25, "direction": "sell", "amount": 1.3}, {"trade_seq": 4914, "trade_id": "238353887", "timestamp": 1672262033384, "tick_direction": 3, "price": 0.002, "mark_price": 0.00190852, "iv": 38.85, "instrument_name": "BTC-30DEC22-17000-C", "index_price": 16581.38, "direction": "buy", "amount": 1.8}, {"trade_seq": 4913, "trade_id": "238353886", "timestamp": 1672262010345, "tick_direction": 3, "price": 0.002, "mark_price": 0.00191656, "iv": 38.91, "instrument_name": "BTC-30DEC22-17000-C", "index_price": 16580.62, "direction": "buy", "amount": 1.0}, {"trade_seq": 4912, "trade_id": "238353357", "timestamp": 1672261491732, "tick_direction": 3, "price": 0.002, "mark_price": 0.00213056, "iv": 38.95, "instrument_name": "BTC-30DEC22-17000-C", "index_price": 16577.6, "direction": "sell", "amount": 3.3}, {"trade_seq": 4911, "trade_id": "238353356", "timestamp": 1672261491637, "tick_direction": 3, "price": 0.002, "mark_price": 0.00213056, "iv": 38.95, "instrument_name": "BTC-30DEC22-17000-C", "index_price": 16577.6, "direction": "sell", "amount": 3.1}, {"trade_seq": 4910, "trade_id": "238353314", "timestamp": 1672261341227, "tick_direction": 3, "price": 0.002, "mark_price": 0.00219578, "iv": 38.43, "instrument_name": "BTC-30DEC22-17000-C", "index_price": 16584.59, "direction": "sell", "amount": 0.2}, {"trade_seq": 4909, "trade_id": "238353225", "timestamp": 1672260638016, "tick_direction": 3, "price": 0.002, "mark_price": 0.00225575, "iv": 37.86, "instrument_name": "BTC-30DEC22-17000-C", "index_price": 16594.7, "direction": "sell", "amount": 0.1}, {"trade_seq": 4908, "trade_id": "238352952", "timestamp": 1672260068064, "tick_direction": 3, "price": 0.002, "mark_price": 0.0021962, "iv": 37.99, "instrument_name": "BTC-30DEC22-17000-C", "index_price": 16590.65, "direction": "sell", "amount": 0.1}, {"trade_seq": 4907, "trade_id": "238352951", "timestamp": 1672260064844, "tick_direction": 3, "price": 0.002, "mark_price": 0.0021956, "iv": 37.98, "instrument_name": "BTC-30DEC22-17000-C", "index_price": 16590.6, "direction": "sell", "amount": 0.1}, {"trade_seq": 4906, "trade_id": "238352950", "timestamp": 1672260062171, "tick_direction": 3, "price": 0.002, "mark_price": 0.00219451, "iv": 37.98, "instrument_name": "BTC-30DEC22-17000-C", "index_price": 16590.63, "direction": "sell", "amount": 0.1}, {"trade_seq": 4905, "trade_id": "238352490", "timestamp": 1672258707625, "tick_direction": 3, "price": 0.002, "mark_price": 0.00228411, "iv": 37.83, "instrument_name": "BTC-30DEC22-17000-C", "index_price": 16590.51, "direction": "sell", "amount": 1.0}, {"trade_seq": 4904, "trade_id": "238351535", "timestamp": 1672257799262, "tick_direction": 3, "price": 0.002, "mark_price": 0.00211331, "iv": 38.67, "instrument_name": "BTC-30DEC22-17000-C", "index_price": 16579.32, "direction": "sell", "amount": 0.6}, {"trade_seq": 4903, "trade_id": "238351521", "timestamp": 1672257798316, "tick_direction": 3, "price": 0.002, "mark_price": 0.00212206, "iv": 38.66, "instrument_name": "BTC-30DEC22-17000-C", "index_price": 16579.38, "direction": "sell", "amount": 0.2}, {"trade_seq": 4902, "trade_id": "238351518", "timestamp": 1672257797564, "tick_direction": 3, "price": 0.002, "mark_price": 0.00212451, "iv": 38.59, "instrument_name": "BTC-30DEC22-17000-C", "index_price": 16580.27, "direction": "sell", "amount": 0.1}, {"trade_seq": 4901, "trade_id": "238351517", "timestamp": 1672257797362, "tick_direction": 3, "price": 0.002, "mark_price": 0.00212451, "iv": 38.59, "instrument_name": "BTC-30DEC22-17000-C", "index_price": 16580.27, "direction": "sell", "amount": 0.1}, {"trade_seq": 4900, "trade_id": "238351516", "timestamp": 1672257797347, "tick_direction": 3, "price": 0.002, "mark_price": 0.00212451, "iv": 38.59, "instrument_name": "BTC-30DEC22-17000-C", "index_price": 16580.27, "direction": "sell", "amount": 0.1}, {"trade_seq": 4899, "trade_id": "238351515", "timestamp": 1672257797144, "tick_direction": 3, "price": 0.002, "mark_price": 0.00212451, "iv": 38.59, "instrument_name": "BTC-30DEC22-17000-C", "index_price": 16580.27, "direction": "sell", "amount": 0.3}, {"trade_seq": 4898, "trade_id": "238351312", "timestamp": 1672257146574, "tick_direction": 3, "price": 0.002, "mark_price": 0.00216001, "iv": 37.64, "instrument_name": "BTC-30DEC22-17000-C", "index_price": 16593.19, "direction": "sell", "amount": 0.1}, {"trade_seq": 4897, "trade_id": "238351310", "timestamp": 1672257146560, "tick_direction": 3, "price": 0.002, "mark_price": 0.00216001, "iv": 37.64, "instrument_name": "BTC-30DEC22-17000-C", "index_price": 16593.19, "direction": "sell", "amount": 0.1}, {"trade_seq": 4896, "trade_id": "238351284", "timestamp": 1672257106141, "tick_direction": 3, "price": 0.002, "mark_price": 0.0021785, "iv": 37.44, "instrument_name": "BTC-30DEC22-17000-C", "index_price": 16595.75, "direction": "sell", "amount": 0.1}, {"trade_seq": 4895, "trade_id": "238351283", "timestamp": 1672257106132, "tick_direction": 3, "price": 0.002, "mark_price": 0.0021785, "iv": 37.44, "instrument_name": "BTC-30DEC22-17000-C", "index_price": 16595.75, "direction": "sell", "amount": 0.2}, {"trade_seq": 4894, "trade_id": "238350528", "timestamp": 1672255372679, "tick_direction": 3, "price": 0.002, "mark_price": 0.00214095, "iv": 36.4, "instrument_name": "BTC-30DEC22-17000-C", "index_price": 16608.58, "direction": "sell", "amount": 0.1}, {"trade_seq": 4893, "trade_id": "238350527", "timestamp": 1672255366596, "tick_direction": 3, "price": 0.002, "mark_price": 0.00214323, "iv": 36.37, "instrument_name": "BTC-30DEC22-17000-C", "index_price": 16608.77, "direction": "sell", "amount": 0.2}, {"trade_seq": 4892, "trade_id": "238350526", "timestamp": 1672255362540, "tick_direction": 3, "price": 0.002, "mark_price": 0.00214594, "iv": 36.35, "instrument_name": "BTC-30DEC22-17000-C", "index_price": 16608.82, "direction": "sell", "amount": 0.2}, {"trade_seq": 4891, "trade_id": "238350525", "timestamp": 1672255358482, "tick_direction": 2, "price": 0.002, "mark_price": 0.0021509, "iv": 36.33, "instrument_name": "BTC-30DEC22-17000-C", "index_price": 16608.89, "direction": "sell", "amount": 0.3}