{"trades": [{"trade_seq": 1499, "trade_id": "139042975", "timestamp": 1616740289827, "tick_direction": 0, "price": 0.0505, "mark_price": 0.05067065, "iv": 0.0, "instrument_name": "BTC-26MAR21-50000-C", "index_price": 52628.59, "direction": "buy", "amount": 0.2}, {"trade_seq": 1498, "trade_id": "139022792", "timestamp": 1616732387500, "tick_direction": 2, "price": 0.04, "mark_price": 0.04539112, "iv": 0.0, "instrument_name": "BTC-26MAR21-50000-C", "index_price": 52312.02, "direction": "buy", "amount": 3.0}, {"trade_seq": 1497, "trade_id": "138992370", "timestamp": 1616721535970, "tick_direction": 0, "price": 0.0465, "mark_price": 0.04409137, "iv": 155.56, "instrument_name": "BTC-26MAR21-50000-C", "index_price": 52230.49, "direction": "buy", "amount": 0.5}, {"trade_seq": 1496, "trade_id": "138976738", "timestamp": 1616717080665, "tick_direction": 2, "price": 0.0375, "mark_price": 0.03696895, "iv": 115.94, "instrument_name": "BTC-26MAR21-50000-C", "index_price": 51766.02, "direction": "buy", "amount": 9.5}, {"trade_seq": 1495, "trade_id": "138953615", "timestamp": 1616710643672, "tick_direction": 1, "price": 0.052, "mark_price": 0.05173361, "iv": 114.34, "instrument_name": "BTC-26MAR21-50000-C", "index_price": 52646.05, "direction": "buy", "amount": 0.3}, {"trade_seq": 1494, "trade_id": "138953606", "timestamp": 1616710643376, "tick_direction": 1, "price": 0.052, "mark_price": 0.05173361, "iv": 114.34, "instrument_name": "BTC-26MAR21-50000-C", "index_price": 52646.05, "direction": "buy", "amount": 0.2}, {"trade_seq": 1493, "trade_id": "138953599", "timestamp": 1616710643208, "tick_direction": 1, "price": 0.052, "mark_price": 0.05173361, "iv": 114.34, "instrument_name": "BTC-26MAR21-50000-C", "index_price": 52646.05, "direction": "buy", "amount": 0.5}, {"trade_seq": 1492, "trade_id": "138953594", "timestamp": 1616710643057, "tick_direction": 0, "price": 0.052, "mark_price": 0.05173361, "iv": 114.34, "instrument_name": "BTC-26MAR21-50000-C", "index_price": 52646.05, "direction": "buy", "amount": 0.1}, {"trade_seq": 1491, "trade_id": "138949928", "timestamp": 1616709511298, "tick_direction": 2, "price": 0.0495, "mark_price": 0.04913636, "iv": 113.87, "instrument_name": "BTC-26MAR21-50000-C", "index_price": 52469.38, "direction": "buy", "amount": 0.2}, {"trade_seq": 1490, "trade_id": "138926644", "timestamp": 1616703307577, "tick_direction": 1, "price": 0.0505, "mark_price": 0.0507321, "iv": 107.21, "instrument_name": "BTC-26MAR21-50000-C", "index_price": 52505.77, "direction": "buy", "amount": 3.8}, {"trade_seq": 1489, "trade_id": "138926643", "timestamp": 1616703307323, "tick_direction": 1, "price": 0.0505, "mark_price": 0.0507321, "iv": 107.21, "instrument_name": "BTC-26MAR21-50000-C", "index_price": 52505.77, "direction": "buy", "amount": 0.2}, {"trade_seq": 1488, "trade_id": "138926642", "timestamp": 1616703307305, "tick_direction": 1, "price": 0.0505, "mark_price": 0.0507321, "iv": 107.21, "instrument_name": "BTC-26MAR21-50000-C", "index_price": 52505.77, "direction": "buy", "amount": 0.5}, {"trade_seq": 1487, "trade_id": "138926641", "timestamp": 1616703307286, "tick_direction": 1, "price": 0.0505, "mark_price": 0.0507321, "iv": 107.21, "instrument_name": "BTC-26MAR21-50000-C", "index_price": 52505.77, "direction": "buy", "amount": 13.0}, {"trade_seq": 1486, "trade_id": "138926628", "timestamp": 1616703306978, "tick_direction": 1, "price": 0.0505, "mark_price": 0.0507321, "iv": 107.21, "instrument_name": "BTC-26MAR21-50000-C", "index_price": 52484.54, "direction": "buy", "amount": 0.6}, {"trade_seq": 1485, "trade_id": "138926602", "timestamp": 1616703306339, "tick_direction": 1, "price": 0.0505, "mark_price": 0.05067755, "iv": 108.57, "instrument_name": "BTC-26MAR21-50000-C", "index_price": 52484.54, "direction": "buy", "amount": 1.0}, {"trade_seq": 1484, "trade_id": "138926593", "timestamp": 1616703306201, "tick_direction": 1, "price": 0.0505, "mark_price": 0.05067755, "iv": 108.57, "instrument_name": "BTC-26MAR21-50000-C", "index_price": 52484.54, "direction": "buy", "amount": 0.4}, {"trade_seq": 1483, "trade_id": "138926571", "timestamp": 1616703305789, "tick_direction": 1, "price": 0.0505, "mark_price": 0.05067755, "iv": 109.41, "instrument_name": "BTC-26MAR21-50000-C", "index_price": 52480.34, "direction": "buy", "amount": 0.4}, {"trade_seq": 1482, "trade_id": "138926570", "timestamp": 1616703305778, "tick_direction": 1, "price": 0.0505, "mark_price": 0.05062477, "iv": 109.41, "instrument_name": "BTC-26MAR21-50000-C", "index_price": 52480.34, "direction": "buy", "amount": 1.0}, {"trade_seq": 1481, "trade_id": "138926565", "timestamp": 1616703305569, "tick_direction": 1, "price": 0.0505, "mark_price": 0.05062477, "iv": 109.41, "instrument_name": "BTC-26MAR21-50000-C", "index_price": 52480.34, "direction": "buy", "amount": 0.2}, {"trade_seq": 1480, "trade_id": "138926562", "timestamp": 1616703305564, "tick_direction": 1, "price": 0.0505, "mark_price": 0.05062477, "iv": 109.41, "instrument_name": "BTC-26MAR21-50000-C", "index_price": 52480.34, "direction": "buy", "amount": 0.2}, {"trade_seq": 1479, "trade_id": "138926561", "timestamp": 1616703305560, "tick_direction": 1, "price": 0.0505, "mark_price": 0.05062477, "iv": 109.41, "instrument_name": "BTC-26MAR21-50000-C", "index_price": 52480.34, "direction": "buy", "amount": 0.6}, {"trade_seq": 1478, "trade_id": "138926560", "timestamp": 1616703305546, "tick_direction": 0, "price": 0.0505, "mark_price": 0.05062477, "iv": 109.41, "instrument_name": "BTC-26MAR21-50000-C", "index_price": 52480.34, "direction": "buy", "amount": 0.2}, {"trade_seq": 1477, "trade_id": "138925495", "timestamp": 1616703081786, "tick_direction": 0, "price": 0.048, "mark_price": 0.04771301, "iv": 114.44, "instrument_name": "BTC-26MAR21-50000-C", "index_price": 52332.62, "direction": "buy", "amount": 0.1}, {"trade_seq": 1476, "trade_id": "138924549", "timestamp": 1616702685300, "tick_direction": 2, "price": 0.047, "mark_price": 0.04805366, "iv": 93.23, "instrument_name": "BTC-26MAR21-50000-C", "index_price": 52317.09, "direction": "buy", "amount": 1.0}, {"trade_seq": 1475, "trade_id": "138905933", "timestamp": 1616697930431, "tick_direction": 0, "price": 0.049, "mark_price": 0.04847726, "iv": 100.54, "instrument_name": "BTC-26MAR21-50000-C", "index_price": 52417.83, "direction": "buy", "amount": 0.4}, {"trade_seq": 1474, "trade_id": "138856238", "timestamp": 1616690525025, "tick_direction": 0, "price": 0.027, "mark_price": 0.02750519, "iv": 81.84, "instrument_name": "BTC-26MAR21-50000-C", "index_price": 51065.66, "direction": "buy", "amount": 0.1}, {"trade_seq": 1473, "trade_id": "138847724", "timestamp": 1616689858764, "tick_direction": 3, "price": 0.0245, "mark_price": 0.02459077, "iv": 86.81, "instrument_name": "BTC-26MAR21-50000-C", "index_price": 50811.62, "direction": "buy", "amount": 0.2}, {"trade_seq": 1472, "trade_id": "138846986", "timestamp": 1616689812189, "tick_direction": 2, "price": 0.0245, "mark_price": 0.0245412, "iv": 87.41, "instrument_name": "BTC-26MAR21-50000-C", "index_price": 50804.65, "direction": "buy", "amount": 0.2}, {"trade_seq": 1471, "trade_id": "138796320", "timestamp": 1616684648694, "tick_direction": 2, "price": 0.0275, "mark_price": 0.02989518, "iv": 71.54, "instrument_name": "BTC-26MAR21-50000-C", "index_price": 51097.13, "direction": "sell", "amount": 1.0}, {"trade_seq": 1470, "trade_id": "138794538", "timestamp": 1616684404507, "tick_direction": 0, "price": 0.033, "mark_price": 0.03289141, "iv": 89.91, "instrument_name": "BTC-26MAR21-50000-C", "index_price": 51303.23, "direction": "buy", "amount": 0.3}, {"trade_seq": 1469, "trade_id": "138749543", "timestamp": 1616678115965, "tick_direction": 3, "price": 0.023, "mark_price": 0.02349646, "iv": 96.13, "instrument_name": "BTC-26MAR21-50000-C", "index_price": 50464.14, "direction": "sell", "amount": 0.1}, {"trade_seq": 1468, "trade_id": "138749520", "timestamp": 1616678114949, "tick_direction": 3, "price": 0.023, "mark_price": 0.02361005, "iv": 95.52, "instrument_name": "BTC-26MAR21-50000-C", "index_price": 50472.63, "direction": "sell", "amount": 0.3}, {"trade_seq": 1467, "trade_id": "138749505", "timestamp": 1616678114777, "tick_direction": 3, "price": 0.023, "mark_price": 0.02361005, "iv": 95.52, "instrument_name": "BTC-26MAR21-50000-C", "index_price": 50472.63, "direction": "sell", "amount": 0.3}, {"trade_seq": 1466, "trade_id": "138749502", "timestamp": 1616678114688, "tick_direction": 2, "price": 0.023, "mark_price": 0.02361005, "iv": 95.52, "instrument_name": "BTC-26MAR21-50000-C", "index_price": 50472.63, "direction": "sell", "amount": 0.3}, {"trade_seq": 1465, "trade_id": "138739811", "timestamp": 1616676908003, "tick_direction": 0, "price": 0.0275, "mark_price": 0.02931755, "iv": 86.26, "instrument_name": "BTC-26MAR21-50000-C", "index_price": 50956.17, "direction": "sell", "amount": 0.2}, {"trade_seq": 1464, "trade_id": "138725462", "timestamp": 1616675847161, "tick_direction": 1, "price": 0.022, "mark_price": 0.02340118, "iv": 83.85, "instrument_name": "BTC-26MAR21-50000-C", "index_price": 50526.55, "direction": "sell", "amount": 0.1}, {"trade_seq": 1463, "trade_id": "138725451", "timestamp": 1616675846292, "tick_direction": 1, "price": 0.022, "mark_price": 0.02339175, "iv": 83.85, "instrument_name": "BTC-26MAR21-50000-C", "index_price": 50526.55, "direction": "sell", "amount": 0.4}, {"trade_seq": 1462, "trade_id": "138725356", "timestamp": 1616675841470, "tick_direction": 1, "price": 0.022, "mark_price": 0.02327045, "iv": 84.58, "instrument_name": "BTC-26MAR21-50000-C", "index_price": 50529.37, "direction": "sell", "amount": 0.3}, {"trade_seq": 1461, "trade_id": "138725355", "timestamp": 1616675841325, "tick_direction": 1, "price": 0.022, "mark_price": 0.02327045, "iv": 84.58, "instrument_name": "BTC-26MAR21-50000-C", "index_price": 50529.37, "direction": "sell", "amount": 0.4}, {"trade_seq": 1460, "trade_id": "138725351", "timestamp": 1616675841274, "tick_direction": 1, "price": 0.022, "mark_price": 0.02327045, "iv": 84.58, "instrument_name": "BTC-26MAR21-50000-C", "index_price": 50529.37, "direction": "sell", "amount": 0.8}, {"trade_seq": 1459, "trade_id": "138725346", "timestamp": 1616675840530, "tick_direction": 1, "price": 0.022, "mark_price": 0.02327323, "iv": 84.59, "instrument_name": "BTC-26MAR21-50000-C", "index_price": 50529.85, "direction": "buy", "amount": 12.0}, {"trade_seq": 1458, "trade_id": "138725289", "timestamp": 1616675838346, "tick_direction": 1, "price": 0.022, "mark_price": 0.0232084, "iv": 84.86, "instrument_name": "BTC-26MAR21-50000-C", "index_price": 50526.24, "direction": "buy", "amount": 0.2}, {"trade_seq": 1457, "trade_id": "138725284", "timestamp": 1616675838217, "tick_direction": 1, "price": 0.022, "mark_price": 0.0232084, "iv": 84.86, "instrument_name": "BTC-26MAR21-50000-C", "index_price": 50526.24, "direction": "buy", "amount": 0.6}, {"trade_seq": 1456, "trade_id": "138725281", "timestamp": 1616675838087, "tick_direction": 0, "price": 0.022, "mark_price": 0.0232084, "iv": 84.96, "instrument_name": "BTC-26MAR21-50000-C", "index_price": 50522.53, "direction": "buy", "amount": 2.2}, {"trade_seq": 1455, "trade_id": "138725274", "timestamp": 1616675837840, "tick_direction": 3, "price": 0.0215, "mark_price": 0.0232084, "iv": 82.17, "instrument_name": "BTC-26MAR21-50000-C", "index_price": 50522.53, "direction": "buy", "amount": 1.9}, {"trade_seq": 1454, "trade_id": "138725273", "timestamp": 1616675837838, "tick_direction": 3, "price": 0.0215, "mark_price": 0.0232084, "iv": 82.17, "instrument_name": "BTC-26MAR21-50000-C", "index_price": 50522.53, "direction": "buy", "amount": 3.1}, {"trade_seq": 1453, "trade_id": "138725272", "timestamp": 1616675837819, "tick_direction": 3, "price": 0.0215, "mark_price": 0.0232084, "iv": 82.17, "instrument_name": "BTC-26MAR21-50000-C", "index_price": 50522.53, "direction": "buy", "amount": 3.0}, {"trade_seq": 1452, "trade_id": "138725271", "timestamp": 1616675837812, "tick_direction": 3, "price": 0.0215, "mark_price": 0.0232084, "iv": 82.17, "instrument_name": "BTC-26MAR21-50000-C", "index_price": 50522.53, "direction": "buy", "amount": 15.0}, {"trade_seq": 1451, "trade_id": "138725270", "timestamp": 1616675837802, "tick_direction": 2, "price": 0.0215, "mark_price": 0.0232084, "iv": 82.17, "instrument_name": "BTC-26MAR21-50000-C", "index_price": 50522.53, "direction": "sell", "amount": 12.0}, {"trade_seq": 1450, "trade_id": "138725227", "timestamp": 1616675836200, "tick_direction": 3, "price": 0.022, "mark_price": 0.02304768, "iv": 85.68, "instrument_name": "BTC-26MAR21-50000-C", "index_price": 50522.4, "direction": "buy", "amount": 28.6}, {"trade_seq": 1449, "trade_id": "138725226", "timestamp": 1616675836147, "tick_direction": 3, "price": 0.022, "mark_price": 0.02304768, "iv": 85.68, "instrument_name": "BTC-26MAR21-50000-C", "index_price": 50522.4, "direction": "buy", "amount": 0.2}, {"trade_seq": 1448, "trade_id": "138725225", "timestamp": 1616675836104, "tick_direction": 3, "price": 0.022, "mark_price": 0.02304768, "iv": 85.68, "instrument_name": "BTC-26MAR21-50000-C", "index_price": 50522.4, "direction": "buy", "amount": 1.0}, {"trade_seq": 1447, "trade_id": "138725212", "timestamp": 1616675835847, "tick_direction": 3, "price": 0.022, "mark_price": 0.02304768, "iv": 85.86, "instrument_name": "BTC-26MAR21-50000-C", "index_price": 50512.8, "direction": "buy", "amount": 0.6}, {"trade_seq": 1446, "trade_id": "138725204", "timestamp": 1616675835664, "tick_direction": 3, "price": 0.022, "mark_price": 0.02306461, "iv": 85.86, "instrument_name": "BTC-26MAR21-50000-C", "index_price": 50512.8, "direction": "buy", "amount": 0.5}, {"trade_seq": 1445, "trade_id": "138725185", "timestamp": 1616675835446, "tick_direction": 3, "price": 0.022, "mark_price": 0.02306461, "iv": 85.86, "instrument_name": "BTC-26MAR21-50000-C", "index_price": 50512.8, "direction": "buy", "amount": 0.7}, {"trade_seq": 1444, "trade_id": "138725174", "timestamp": 1616675835256, "tick_direction": 3, "price": 0.022, "mark_price": 0.02306461, "iv": 85.86, "instrument_name": "BTC-26MAR21-50000-C", "index_price": 50512.8, "direction": "buy", "amount": 0.3}, {"trade_seq": 1443, "trade_id": "138725164", "timestamp": 1616675834686, "tick_direction": 3, "price": 0.022, "mark_price": 0.0231666, "iv": 85.77, "instrument_name": "BTC-26MAR21-50000-C", "index_price": 50509.33, "direction": "buy", "amount": 1.8}, {"trade_seq": 1442, "trade_id": "138725131", "timestamp": 1616675834266, "tick_direction": 3, "price": 0.022, "mark_price": 0.0231666, "iv": 85.77, "instrument_name": "BTC-26MAR21-50000-C", "index_price": 50509.33, "direction": "buy", "amount": 0.3}, {"trade_seq": 1441, "trade_id": "138725129", "timestamp": 1616675834161, "tick_direction": 2, "price": 0.022, "mark_price": 0.0231666, "iv": 85.77, "instrument_name": "BTC-26MAR21-50000-C", "index_price": 50509.33, "direction": "buy", "amount": 3.0}, {"trade_seq": 1440, "trade_id": "138725118", "timestamp": 1616675833544, "tick_direction": 3, "price": 0.0225, "mark_price": 0.02335863, "iv": 87.98, "instrument_name": "BTC-26MAR21-50000-C", "index_price": 50508.6, "direction": "buy", "amount": 0.8}, {"trade_seq": 1439, "trade_id": "138725103", "timestamp": 1616675833292, "tick_direction": 3, "price": 0.0225, "mark_price": 0.02335863, "iv": 87.98, "instrument_name": "BTC-26MAR21-50000-C", "index_price": 50508.6, "direction": "buy", "amount": 0.1}, {"trade_seq": 1438, "trade_id": "138725099", "timestamp": 1616675833257, "tick_direction": 3, "price": 0.0225, "mark_price": 0.02335863, "iv": 87.98, "instrument_name": "BTC-26MAR21-50000-C", "index_price": 50508.6, "direction": "buy", "amount": 0.4}, {"trade_seq": 1437, "trade_id": "138725080", "timestamp": 1616675833141, "tick_direction": 3, "price": 0.0225, "mark_price": 0.02335863, "iv": 87.98, "instrument_name": "BTC-26MAR21-50000-C", "index_price": 50508.6, "direction": "buy", "amount": 8.7}, {"trade_seq": 1436, "trade_id": "138725079", "timestamp": 1616675833121, "tick_direction": 2, "price": 0.0225, "mark_price": 0.02335863, "iv": 87.98, "instrument_name": "BTC-26MAR21-50000-C", "index_price": 50508.6, "direction": "sell", "amount": 3.0}, {"trade_seq": 1435, "trade_id": "138723213", "timestamp": 1616675727810, "tick_direction": 0, "price": 0.0255, "mark_price": 0.02372374, "iv": 100.94, "instrument_name": "BTC-26MAR21-50000-C", "index_price": 50563.56, "direction": "buy", "amount": 0.3}, {"trade_seq": 1434, "trade_id": "138723129", "timestamp": 1616675725148, "tick_direction": 3, "price": 0.025, "mark_price": 0.02370258, "iv": 99.08, "instrument_name": "BTC-26MAR21-50000-C", "index_price": 50532.91, "direction": "buy", "amount": 0.2}, {"trade_seq": 1433, "trade_id": "138723119", "timestamp": 1616675724981, "tick_direction": 2, "price": 0.025, "mark_price": 0.02370258, "iv": 99.08, "instrument_name": "BTC-26MAR21-50000-C", "index_price": 50532.91, "direction": "buy", "amount": 0.5}, {"trade_seq": 1432, "trade_id": "138720097", "timestamp": 1616675527679, "tick_direction": 1, "price": 0.0265, "mark_price": 0.02833429, "iv": 79.82, "instrument_name": "BTC-26MAR21-50000-C", "index_price": 50885.94, "direction": "sell", "amount": 2.8}, {"trade_seq": 1431, "trade_id": "138720096", "timestamp": 1616675527679, "tick_direction": 0, "price": 0.0265, "mark_price": 0.02833429, "iv": 79.82, "instrument_name": "BTC-26MAR21-50000-C", "index_price": 50885.94, "direction": "sell", "amount": 2.0}, {"trade_seq": 1430, "trade_id": "138715510", "timestamp": 1616675291249, "tick_direction": 2, "price": 0.0245, "mark_price": 0.02623274, "iv": 82.28, "instrument_name": "BTC-26MAR21-50000-C", "index_price": 50712.36, "direction": "sell", "amount": 3.0}, {"trade_seq": 1429, "trade_id": "138693582", "timestamp": 1616673440651, "tick_direction": 3, "price": 0.0465, "mark_price": 0.04853769, "iv": 77.51, "instrument_name": "BTC-26MAR21-50000-C", "index_price": 52271.88, "direction": "sell", "amount": 0.5}, {"trade_seq": 1428, "trade_id": "138693556", "timestamp": 1616673432561, "tick_direction": 2, "price": 0.0465, "mark_price": 0.0481551, "iv": 81.91, "instrument_name": "BTC-26MAR21-50000-C", "index_price": 52252.97, "direction": "sell", "amount": 1.5}, {"trade_seq": 1427, "trade_id": "138634290", "timestamp": 1616658165135, "tick_direction": 0, "price": 0.058, "mark_price": 0.0588125, "iv": 99.97, "instrument_name": "BTC-26MAR21-50000-C", "index_price": 52840.03, "direction": "buy", "amount": 0.2}, {"trade_seq": 1426, "trade_id": "138634227", "timestamp": 1616658138837, "tick_direction": 2, "price": 0.0575, "mark_price": 0.05778953, "iv": 104.47, "instrument_name": "BTC-26MAR21-50000-C", "index_price": 52817.15, "direction": "buy", "amount": 0.2}, {"trade_seq": 1425, "trade_id": "138629536", "timestamp": 1616656660830, "tick_direction": 2, "price": 0.058, "mark_price": 0.05996802, "iv": 87.67, "instrument_name": "BTC-26MAR21-50000-C", "index_price": 52948.44, "direction": "sell", "amount": 0.2}, {"trade_seq": 1424, "trade_id": "138626627", "timestamp": 1616655759958, "tick_direction": 0, "price": 0.0595, "mark_price": 0.05983953, "iv": 100.09, "instrument_name": "BTC-26MAR21-50000-C", "index_price": 52930.28, "direction": "buy", "amount": 0.2}, {"trade_seq": 1423, "trade_id": "138556903", "timestamp": 1616636561626, "tick_direction": 1, "price": 0.058, "mark_price": 0.05700026, "iv": 111.04, "instrument_name": "BTC-26MAR21-50000-C", "index_price": 52535.9, "direction": "buy", "amount": 0.3}, {"trade_seq": 1422, "trade_id": "138556898", "timestamp": 1616636561256, "tick_direction": 1, "price": 0.058, "mark_price": 0.05700026, "iv": 111.04, "instrument_name": "BTC-26MAR21-50000-C", "index_price": 52535.9, "direction": "buy", "amount": 0.1}, {"trade_seq": 1421, "trade_id": "138556897", "timestamp": 1616636561255, "tick_direction": 1, "price": 0.058, "mark_price": 0.05700026, "iv": 111.04, "instrument_name": "BTC-26MAR21-50000-C", "index_price": 52535.9, "direction": "buy", "amount": 0.4}, {"trade_seq": 1420, "trade_id": "138556891", "timestamp": 1616636561106, "tick_direction": 0, "price": 0.058, "mark_price": 0.05700026, "iv": 111.46, "instrument_name": "BTC-26MAR21-50000-C", "index_price": 52531.28, "direction": "buy", "amount": 0.2}, {"trade_seq": 1419, "trade_id": "138542329", "timestamp": 1616632126798, "tick_direction": 2, "price": 0.056, "mark_price": 0.06120872, "iv": 66.97, "instrument_name": "BTC-26MAR21-50000-C", "index_price": 52747.69, "direction": "sell", "amount": 0.1}, {"trade_seq": 1418, "trade_id": "138468571", "timestamp": 1616624255139, "tick_direction": 2, "price": 0.0565, "mark_price": 0.05826698, "iv": 98.09, "instrument_name": "BTC-26MAR21-50000-C", "index_price": 52471.59, "direction": "sell", "amount": 0.1}, {"trade_seq": 1417, "trade_id": "138449666", "timestamp": 1616622523199, "tick_direction": 2, "price": 0.0765, "mark_price": 0.07788473, "iv": 100.8, "instrument_name": "BTC-26MAR21-50000-C", "index_price": 53761.86, "direction": "sell", "amount": 0.1}, {"trade_seq": 1416, "trade_id": "138449250", "timestamp": 1616622485012, "tick_direction": 3, "price": 0.0775, "mark_price": 0.07886986, "iv": 98.58, "instrument_name": "BTC-26MAR21-50000-C", "index_price": 53837.59, "direction": "sell", "amount": 0.1}, {"trade_seq": 1415, "trade_id": "138449247", "timestamp": 1616622484948, "tick_direction": 3, "price": 0.0775, "mark_price": 0.07886986, "iv": 98.58, "instrument_name": "BTC-26MAR21-50000-C", "index_price": 53837.59, "direction": "sell", "amount": 0.1}, {"trade_seq": 1414, "trade_id": "138449240", "timestamp": 1616622484883, "tick_direction": 2, "price": 0.0775, "mark_price": 0.07886986, "iv": 98.58, "instrument_name": "BTC-26MAR21-50000-C", "index_price": 53837.59, "direction": "sell", "amount": 0.1}, {"trade_seq": 1413, "trade_id": "138447716", "timestamp": 1616622295474, "tick_direction": 1, "price": 0.08, "mark_price": 0.07974451, "iv": 111.91, "instrument_name": "BTC-26MAR21-50000-C", "index_price": 53905.9, "direction": "buy", "amount": 0.3}, {"trade_seq": 1412, "trade_id": "138447714", "timestamp": 1616622295370, "tick_direction": 0, "price": 0.08, "mark_price": 0.07974451, "iv": 111.91, "instrument_name": "BTC-26MAR21-50000-C", "index_price": 53905.9, "direction": "buy", "amount": 0.1}, {"trade_seq": 1411, "trade_id": "138436234", "timestamp": 1616619875382, "tick_direction": 3, "price": 0.0785, "mark_price": 0.07846079, "iv": 110.29, "instrument_name": "BTC-26MAR21-50000-C", "index_price": 53817.22, "direction": "buy", "amount": 0.4}, {"trade_seq": 1410, "trade_id": "138436228", "timestamp": 1616619874316, "tick_direction": 3, "price": 0.0785, "mark_price": 0.07846099, "iv": 110.29, "instrument_name": "BTC-26MAR21-50000-C", "index_price": 53818.45, "direction": "buy", "amount": 0.2}, {"trade_seq": 1409, "trade_id": "138436227", "timestamp": 1616619874056, "tick_direction": 2, "price": 0.0785, "mark_price": 0.07842705, "iv": 110.29, "instrument_name": "BTC-26MAR21-50000-C", "index_price": 53818.45, "direction": "buy", "amount": 0.2}, {"trade_seq": 1408, "trade_id": "138429163", "timestamp": 1616619257519, "tick_direction": 0, "price": 0.0845, "mark_price": 0.08427676, "iv": 111.55, "instrument_name": "BTC-26MAR21-50000-C", "index_price": 54225.66, "direction": "buy", "amount": 0.2}, {"trade_seq": 1407, "trade_id": "138425858", "timestamp": 1616619015158, "tick_direction": 1, "price": 0.0805, "mark_price": 0.07978615, "iv": 113.71, "instrument_name": "BTC-26MAR21-50000-C", "index_price": 53927.53, "direction": "buy", "amount": 0.3}, {"trade_seq": 1406, "trade_id": "138425848", "timestamp": 1616619015040, "tick_direction": 0, "price": 0.0805, "mark_price": 0.07978615, "iv": 113.71, "instrument_name": "BTC-26MAR21-50000-C", "index_price": 53927.53, "direction": "buy", "amount": 0.3}, {"trade_seq": 1405, "trade_id": "138418335", "timestamp": 1616618441612, "tick_direction": 3, "price": 0.0725, "mark_price": 0.07226075, "iv": 108.5, "instrument_name": "BTC-26MAR21-50000-C", "index_price": 53407.95, "direction": "buy", "amount": 0.2}, {"trade_seq": 1404, "trade_id": "138418334", "timestamp": 1616618441543, "tick_direction": 3, "price": 0.0725, "mark_price": 0.07226075, "iv": 108.5, "instrument_name": "BTC-26MAR21-50000-C", "index_price": 53407.95, "direction": "buy", "amount": 0.3}, {"trade_seq": 1403, "trade_id": "138418313", "timestamp": 1616618440328, "tick_direction": 2, "price": 0.0725, "mark_price": 0.07179526, "iv": 110.43, "instrument_name": "BTC-26MAR21-50000-C", "index_price": 53396.16, "direction": "buy", "amount": 0.4}, {"trade_seq": 1402, "trade_id": "138357646", "timestamp": 1616614104397, "tick_direction": 3, "price": 0.0975, "mark_price": 0.09825131, "iv": 105.13, "instrument_name": "BTC-26MAR21-50000-C", "index_price": 55130.8, "direction": "buy", "amount": 0.3}, {"trade_seq": 1401, "trade_id": "138357643", "timestamp": 1616614104379, "tick_direction": 3, "price": 0.0975, "mark_price": 0.09825131, "iv": 105.13, "instrument_name": "BTC-26MAR21-50000-C", "index_price": 55130.8, "direction": "buy", "amount": 0.4}, {"trade_seq": 1400, "trade_id": "138357642", "timestamp": 1616614104379, "tick_direction": 2, "price": 0.0975, "mark_price": 0.09825131, "iv": 105.13, "instrument_name": "BTC-26MAR21-50000-C", "index_price": 55130.8, "direction": "buy", "amount": 0.6}, {"trade_seq": 1399, "trade_id": "138296935", "timestamp": 1616600820859, "tick_direction": 3, "price": 0.111, "mark_price": 0.11157804, "iv": 107.49, "instrument_name": "BTC-26MAR21-50000-C", "index_price": 56069.81, "direction": "buy", "amount": 0.4}, {"trade_seq": 1398, "trade_id": "138296906", "timestamp": 1616600814708, "tick_direction": 3, "price": 0.111, "mark_price": 0.11137233, "iv": 109.99, "instrument_name": "BTC-26MAR21-50000-C", "index_price": 56056.62, "direction": "buy", "amount": 0.1}, {"trade_seq": 1397, "trade_id": "138296905", "timestamp": 1616600814698, "tick_direction": 2, "price": 0.111, "mark_price": 0.11137233, "iv": 109.99, "instrument_name": "BTC-26MAR21-50000-C", "index_price": 56056.62, "direction": "buy", "amount": 0.5}, {"trade_seq": 1396, "trade_id": "138284350", "timestamp": 1616597508805, "tick_direction": 2, "price": 0.118, "mark_price": 0.12120574, "iv": 0.0, "instrument_name": "BTC-26MAR21-50000-C", "index_price": 56687.31, "direction": "sell", "amount": 0.4}, {"trade_seq": 1395, "trade_id": "138273970", "timestamp": 1616594645042, "tick_direction": 2, "price": 0.119, "mark_price": 0.12073973, "iv": 81.01, "instrument_name": "BTC-26MAR21-50000-C", "index_price": 56670.67, "direction": "sell", "amount": 2.4}, {"trade_seq": 1394, "trade_id": "138273325", "timestamp": 1616594562956, "tick_direction": 0, "price": 0.1235, "mark_price": 0.12232756, "iv": 131.73, "instrument_name": "BTC-26MAR21-50000-C", "index_price": 56762.88, "direction": "sell", "amount": 2.4}, {"trade_seq": 1393, "trade_id": "138273271", "timestamp": 1616594561106, "tick_direction": 3, "price": 0.123, "mark_price": 0.12237295, "iv": 125.61, "instrument_name": "BTC-26MAR21-50000-C", "index_price": 56783.84, "direction": "sell", "amount": 0.2}, {"trade_seq": 1392, "trade_id": "138273270", "timestamp": 1616594561104, "tick_direction": 3, "price": 0.123, "mark_price": 0.12237295, "iv": 125.61, "instrument_name": "BTC-26MAR21-50000-C", "index_price": 56783.84, "direction": "sell", "amount": 0.3}, {"trade_seq": 1391, "trade_id": "138273267", "timestamp": 1616594560964, "tick_direction": 3, "price": 0.123, "mark_price": 0.12242022, "iv": 125.61, "instrument_name": "BTC-26MAR21-50000-C", "index_price": 56783.84, "direction": "sell", "amount": 1.0}, {"trade_seq": 1390, "trade_id": "138273256", "timestamp": 1616594560811, "tick_direction": 3, "price": 0.123, "mark_price": 0.12242022, "iv": 125.07, "instrument_name": "BTC-26MAR21-50000-C", "index_price": 56785.44, "direction": "sell", "amount": 0.5}, {"trade_seq": 1389, "trade_id": "138273239", "timestamp": 1616594559297, "tick_direction": 3, "price": 0.123, "mark_price": 0.12241035, "iv": 125.18, "instrument_name": "BTC-26MAR21-50000-C", "index_price": 56789.4, "direction": "sell", "amount": 0.4}, {"trade_seq": 1388, "trade_id": "138273186", "timestamp": 1616594552346, "tick_direction": 3, "price": 0.123, "mark_price": 0.12251072, "iv": 124.01, "instrument_name": "BTC-26MAR21-50000-C", "index_price": 56795.4, "direction": "sell", "amount": 0.1}, {"trade_seq": 1387, "trade_id": "138273184", "timestamp": 1616594552313, "tick_direction": 3, "price": 0.123, "mark_price": 0.12251072, "iv": 124.01, "instrument_name": "BTC-26MAR21-50000-C", "index_price": 56795.4, "direction": "sell", "amount": 0.2}, {"trade_seq": 1386, "trade_id": "138273183", "timestamp": 1616594552229, "tick_direction": 3, "price": 0.123, "mark_price": 0.12251072, "iv": 124.01, "instrument_name": "BTC-26MAR21-50000-C", "index_price": 56795.4, "direction": "sell", "amount": 0.1}, {"trade_seq": 1385, "trade_id": "138273182", "timestamp": 1616594552190, "tick_direction": 3, "price": 0.123, "mark_price": 0.12251072, "iv": 124.01, "instrument_name": "BTC-26MAR21-50000-C", "index_price": 56795.4, "direction": "sell", "amount": 0.4}, {"trade_seq": 1384, "trade_id": "138273179", "timestamp": 1616594551866, "tick_direction": 3, "price": 0.123, "mark_price": 0.12252302, "iv": 124.01, "instrument_name": "BTC-26MAR21-50000-C", "index_price": 56795.4, "direction": "sell", "amount": 1.8}, {"trade_seq": 1383, "trade_id": "138273146", "timestamp": 1616594540474, "tick_direction": 3, "price": 0.123, "mark_price": 0.12258197, "iv": 123.37, "instrument_name": "BTC-26MAR21-50000-C", "index_price": 56798.08, "direction": "sell", "amount": 0.1}, {"trade_seq": 1382, "trade_id": "138273101", "timestamp": 1616594534571, "tick_direction": 2, "price": 0.123, "mark_price": 0.12291792, "iv": 118.9, "instrument_name": "BTC-26MAR21-50000-C", "index_price": 56817.48, "direction": "sell", "amount": 0.1}, {"trade_seq": 1381, "trade_id": "138272991", "timestamp": 1616594516892, "tick_direction": 0, "price": 0.124, "mark_price": 0.1231441, "iv": 128.25, "instrument_name": "BTC-26MAR21-50000-C", "index_price": 56836.91, "direction": "sell", "amount": 0.1}, {"trade_seq": 1380, "trade_id": "138268541", "timestamp": 1616593760729, "tick_direction": 0, "price": 0.118, "mark_price": 0.11846572, "iv": 109.34, "instrument_name": "BTC-26MAR21-50000-C", "index_price": 56529.79, "direction": "sell", "amount": 0.1}, {"trade_seq": 1379, "trade_id": "138268279", "timestamp": 1616593738325, "tick_direction": 2, "price": 0.117, "mark_price": 0.11713346, "iv": 116.76, "instrument_name": "BTC-26MAR21-50000-C", "index_price": 56446.85, "direction": "sell", "amount": 0.1}, {"trade_seq": 1378, "trade_id": "138267666", "timestamp": 1616593722553, "tick_direction": 2, "price": 0.119, "mark_price": 0.11928847, "iv": 117.63, "instrument_name": "BTC-26MAR21-50000-C", "index_price": 56561.27, "direction": "sell", "amount": 0.1}, {"trade_seq": 1377, "trade_id": "138267426", "timestamp": 1616593711125, "tick_direction": 1, "price": 0.12, "mark_price": 0.11999965, "iv": 116.98, "instrument_name": "BTC-26MAR21-50000-C", "index_price": 56631.29, "direction": "sell", "amount": 0.1}, {"trade_seq": 1376, "trade_id": "138267378", "timestamp": 1616593699312, "tick_direction": 1, "price": 0.12, "mark_price": 0.12017751, "iv": 114.77, "instrument_name": "BTC-26MAR21-50000-C", "index_price": 56642.42, "direction": "sell", "amount": 0.1}, {"trade_seq": 1375, "trade_id": "138267368", "timestamp": 1616593695296, "tick_direction": 1, "price": 0.12, "mark_price": 0.12045268, "iv": 110.38, "instrument_name": "BTC-26MAR21-50000-C", "index_price": 56658.98, "direction": "sell", "amount": 0.1}, {"trade_seq": 1374, "trade_id": "138267208", "timestamp": 1616593677406, "tick_direction": 0, "price": 0.12, "mark_price": 0.12005179, "iv": 116.1, "instrument_name": "BTC-26MAR21-50000-C", "index_price": 56649.92, "direction": "sell", "amount": 0.1}, {"trade_seq": 1373, "trade_id": "138267155", "timestamp": 1616593671409, "tick_direction": 2, "price": 0.1195, "mark_price": 0.12014706, "iv": 107.62, "instrument_name": "BTC-26MAR21-50000-C", "index_price": 56648.48, "direction": "sell", "amount": 0.1}, {"trade_seq": 1372, "trade_id": "138267011", "timestamp": 1616593656152, "tick_direction": 0, "price": 0.1215, "mark_price": 0.12096358, "iv": 123.41, "instrument_name": "BTC-26MAR21-50000-C", "index_price": 56694.7, "direction": "sell", "amount": 0.1}, {"trade_seq": 1371, "trade_id": "138266973", "timestamp": 1616593641497, "tick_direction": 0, "price": 0.121, "mark_price": 0.12126733, "iv": 114.27, "instrument_name": "BTC-26MAR21-50000-C", "index_price": 56712.25, "direction": "sell", "amount": 0.1}, {"trade_seq": 1370, "trade_id": "138266527", "timestamp": 1616593616300, "tick_direction": 2, "price": 0.1205, "mark_price": 0.12059278, "iv": 116.54, "instrument_name": "BTC-26MAR21-50000-C", "index_price": 56671.11, "direction": "sell", "amount": 0.1}, {"trade_seq": 1369, "trade_id": "138266358", "timestamp": 1616593605248, "tick_direction": 2, "price": 0.121, "mark_price": 0.12152251, "iv": 108.91, "instrument_name": "BTC-26MAR21-50000-C", "index_price": 56739.73, "direction": "sell", "amount": 0.1}, {"trade_seq": 1368, "trade_id": "138266208", "timestamp": 1616593595261, "tick_direction": 2, "price": 0.1215, "mark_price": 0.12196649, "iv": 110.09, "instrument_name": "BTC-26MAR21-50000-C", "index_price": 56764.11, "direction": "sell", "amount": 0.1}, {"trade_seq": 1367, "trade_id": "138266043", "timestamp": 1616593579198, "tick_direction": 1, "price": 0.1235, "mark_price": 0.12245696, "iv": 129.25, "instrument_name": "BTC-26MAR21-50000-C", "index_price": 56802.8, "direction": "sell", "amount": 0.1}, {"trade_seq": 1366, "trade_id": "138265992", "timestamp": 1616593557765, "tick_direction": 1, "price": 0.1235, "mark_price": 0.12296536, "iv": 123.71, "instrument_name": "BTC-26MAR21-50000-C", "index_price": 56835.6, "direction": "sell", "amount": 0.1}, {"trade_seq": 1365, "trade_id": "138265956", "timestamp": 1616593535246, "tick_direction": 1, "price": 0.1235, "mark_price": 0.12291585, "iv": 124.69, "instrument_name": "BTC-26MAR21-50000-C", "index_price": 56844.03, "direction": "sell", "amount": 0.1}, {"trade_seq": 1364, "trade_id": "138265877", "timestamp": 1616593514085, "tick_direction": 0, "price": 0.1235, "mark_price": 0.12305847, "iv": 123.05, "instrument_name": "BTC-26MAR21-50000-C", "index_price": 56850.48, "direction": "sell", "amount": 0.1}, {"trade_seq": 1363, "trade_id": "138265742", "timestamp": 1616593480466, "tick_direction": 2, "price": 0.123, "mark_price": 0.12274971, "iv": 120.99, "instrument_name": "BTC-26MAR21-50000-C", "index_price": 56828.03, "direction": "sell", "amount": 0.1}, {"trade_seq": 1362, "trade_id": "138265593", "timestamp": 1616593458205, "tick_direction": 0, "price": 0.124, "mark_price": 0.12367166, "iv": 122.28, "instrument_name": "BTC-26MAR21-50000-C", "index_price": 56882.55, "direction": "sell", "amount": 0.1}, {"trade_seq": 1361, "trade_id": "138265467", "timestamp": 1616593443207, "tick_direction": 2, "price": 0.1225, "mark_price": 0.12323411, "iv": 106.21, "instrument_name": "BTC-26MAR21-50000-C", "index_price": 56851.72, "direction": "sell", "amount": 0.1}, {"trade_seq": 1360, "trade_id": "138265332", "timestamp": 1616593425650, "tick_direction": 3, "price": 0.124, "mark_price": 0.12344656, "iv": 124.68, "instrument_name": "BTC-26MAR21-50000-C", "index_price": 56867.64, "direction": "sell", "amount": 0.1}, {"trade_seq": 1359, "trade_id": "138265256", "timestamp": 1616593404527, "tick_direction": 3, "price": 0.124, "mark_price": 0.12369974, "iv": 121.67, "instrument_name": "BTC-26MAR21-50000-C", "index_price": 56891.24, "direction": "sell", "amount": 0.1}, {"trade_seq": 1358, "trade_id": "138265229", "timestamp": 1616593381337, "tick_direction": 3, "price": 0.124, "mark_price": 0.12363874, "iv": 123.77, "instrument_name": "BTC-26MAR21-50000-C", "index_price": 56876.22, "direction": "sell", "amount": 0.1}, {"trade_seq": 1357, "trade_id": "138265198", "timestamp": 1616593360074, "tick_direction": 3, "price": 0.124, "mark_price": 0.12377654, "iv": 120.82, "instrument_name": "BTC-26MAR21-50000-C", "index_price": 56893.98, "direction": "sell", "amount": 0.1}, {"trade_seq": 1356, "trade_id": "138265174", "timestamp": 1616593337359, "tick_direction": 3, "price": 0.124, "mark_price": 0.12366961, "iv": 122.77, "instrument_name": "BTC-26MAR21-50000-C", "index_price": 56886.61, "direction": "sell", "amount": 0.1}, {"trade_seq": 1355, "trade_id": "138265104", "timestamp": 1616593315870, "tick_direction": 3, "price": 0.124, "mark_price": 0.12336109, "iv": 125.92, "instrument_name": "BTC-26MAR21-50000-C", "index_price": 56866.29, "direction": "sell", "amount": 0.1}, {"trade_seq": 1354, "trade_id": "138264916", "timestamp": 1616593293355, "tick_direction": 2, "price": 0.124, "mark_price": 0.12358512, "iv": 124.88, "instrument_name": "BTC-26MAR21-50000-C", "index_price": 56872.17, "direction": "sell", "amount": 0.1}, {"trade_seq": 1353, "trade_id": "138264802", "timestamp": 1616593271320, "tick_direction": 3, "price": 0.1245, "mark_price": 0.12408539, "iv": 124.29, "instrument_name": "BTC-26MAR21-50000-C", "index_price": 56908.14, "direction": "sell", "amount": 0.1}, {"trade_seq": 1352, "trade_id": "138264717", "timestamp": 1616593254318, "tick_direction": 2, "price": 0.1245, "mark_price": 0.1245207, "iv": 117.92, "instrument_name": "BTC-26MAR21-50000-C", "index_price": 56938.2, "direction": "sell", "amount": 0.1}, {"trade_seq": 1351, "trade_id": "138264526", "timestamp": 1616593226886, "tick_direction": 0, "price": 0.126, "mark_price": 0.12487391, "iv": 133.06, "instrument_name": "BTC-26MAR21-50000-C", "index_price": 56947.12, "direction": "sell", "amount": 0.1}, {"trade_seq": 1350, "trade_id": "138264447", "timestamp": 1616593223771, "tick_direction": 2, "price": 0.1245, "mark_price": 0.12507554, "iv": 111.21, "instrument_name": "BTC-26MAR21-50000-C", "index_price": 56966.0, "direction": "sell", "amount": 0.1}, {"trade_seq": 1349, "trade_id": "138264243", "timestamp": 1616593181679, "tick_direction": 3, "price": 0.126, "mark_price": 0.12526465, "iv": 127.63, "instrument_name": "BTC-26MAR21-50000-C", "index_price": 57001.19, "direction": "sell", "amount": 0.1}, {"trade_seq": 1348, "trade_id": "138264064", "timestamp": 1616593160289, "tick_direction": 2, "price": 0.126, "mark_price": 0.12600475, "iv": 118.27, "instrument_name": "BTC-26MAR21-50000-C", "index_price": 57051.32, "direction": "sell", "amount": 0.1}, {"trade_seq": 1347, "trade_id": "138263958", "timestamp": 1616593150144, "tick_direction": 1, "price": 0.127, "mark_price": 0.12667055, "iv": 123.11, "instrument_name": "BTC-26MAR21-50000-C", "index_price": 57093.25, "direction": "sell", "amount": 0.1}, {"trade_seq": 1346, "trade_id": "138263772", "timestamp": 1616593128070, "tick_direction": 0, "price": 0.127, "mark_price": 0.12613305, "iv": 130.46, "instrument_name": "BTC-26MAR21-50000-C", "index_price": 57053.72, "direction": "sell", "amount": 0.1}, {"trade_seq": 1345, "trade_id": "138263671", "timestamp": 1616593110073, "tick_direction": 2, "price": 0.1265, "mark_price": 0.12650461, "iv": 118.24, "instrument_name": "BTC-26MAR21-50000-C", "index_price": 57094.64, "direction": "sell", "amount": 0.1}, {"trade_seq": 1344, "trade_id": "138263573", "timestamp": 1616593094604, "tick_direction": 3, "price": 0.128, "mark_price": 0.12715047, "iv": 129.84, "instrument_name": "BTC-26MAR21-50000-C", "index_price": 57137.9, "direction": "sell", "amount": 0.1}, {"trade_seq": 1343, "trade_id": "138263493", "timestamp": 1616593072069, "tick_direction": 3, "price": 0.128, "mark_price": 0.12769843, "iv": 122.96, "instrument_name": "BTC-26MAR21-50000-C", "index_price": 57164.31, "direction": "sell", "amount": 0.1}, {"trade_seq": 1342, "trade_id": "138263292", "timestamp": 1616593050400, "tick_direction": 2, "price": 0.128, "mark_price": 0.12772856, "iv": 121.87, "instrument_name": "BTC-26MAR21-50000-C", "index_price": 57167.0, "direction": "sell", "amount": 0.1}, {"trade_seq": 1341, "trade_id": "138263135", "timestamp": 1616593029159, "tick_direction": 0, "price": 0.129, "mark_price": 0.12745555, "iv": 136.9, "instrument_name": "BTC-26MAR21-50000-C", "index_price": 57149.47, "direction": "sell", "amount": 0.1}, {"trade_seq": 1340, "trade_id": "138258490", "timestamp": 1616591806433, "tick_direction": 1, "price": 0.1245, "mark_price": 0.12422764, "iv": 120.3, "instrument_name": "BTC-26MAR21-50000-C", "index_price": 56933.39, "direction": "sell", "amount": 0.1}, {"trade_seq": 1339, "trade_id": "138258457", "timestamp": 1616591783973, "tick_direction": 1, "price": 0.1245, "mark_price": 0.1241292, "iv": 121.54, "instrument_name": "BTC-26MAR21-50000-C", "index_price": 56920.86, "direction": "sell", "amount": 0.1}, {"trade_seq": 1338, "trade_id": "138258427", "timestamp": 1616591773651, "tick_direction": 1, "price": 0.1245, "mark_price": 0.1241058, "iv": 121.81, "instrument_name": "BTC-26MAR21-50000-C", "index_price": 56923.17, "direction": "sell", "amount": 0.1}, {"trade_seq": 1337, "trade_id": "138258226", "timestamp": 1616591674308, "tick_direction": 0, "price": 0.1245, "mark_price": 0.12391433, "iv": 124.08, "instrument_name": "BTC-26MAR21-50000-C", "index_price": 56903.86, "direction": "sell", "amount": 0.1}, {"trade_seq": 1336, "trade_id": "138258130", "timestamp": 1616591641979, "tick_direction": 0, "price": 0.124, "mark_price": 0.12368597, "iv": 120.9, "instrument_name": "BTC-26MAR21-50000-C", "index_price": 56889.88, "direction": "sell", "amount": 0.1}, {"trade_seq": 1335, "trade_id": "138257803", "timestamp": 1616591450186, "tick_direction": 0, "price": 0.123, "mark_price": 0.12235098, "iv": 124.69, "instrument_name": "BTC-26MAR21-50000-C", "index_price": 56811.68, "direction": "sell", "amount": 0.1}, {"trade_seq": 1334, "trade_id": "138221379", "timestamp": 1616579533155, "tick_direction": 2, "price": 0.1145, "mark_price": 0.11652359, "iv": 50.25, "instrument_name": "BTC-26MAR21-50000-C", "index_price": 56438.31, "direction": "sell", "amount": 3.0}, {"trade_seq": 1333, "trade_id": "138216374", "timestamp": 1616577745825, "tick_direction": 0, "price": 0.115, "mark_price": 0.11679641, "iv": 88.07, "instrument_name": "BTC-26MAR21-50000-C", "index_price": 56484.56, "direction": "buy", "amount": 3.0}, {"trade_seq": 1332, "trade_id": "138193866", "timestamp": 1616573552350, "tick_direction": 1, "price": 0.1085, "mark_price": 0.10924615, "iv": 100.28, "instrument_name": "BTC-26MAR21-50000-C", "index_price": 55964.15, "direction": "buy", "amount": 2.7}, {"trade_seq": 1331, "trade_id": "138193849", "timestamp": 1616573549714, "tick_direction": 1, "price": 0.1085, "mark_price": 0.10924699, "iv": 100.26, "instrument_name": "BTC-26MAR21-50000-C", "index_price": 55971.54, "direction": "buy", "amount": 0.2}, {"trade_seq": 1330, "trade_id": "138193828", "timestamp": 1616573547100, "tick_direction": 1, "price": 0.1085, "mark_price": 0.10914747, "iv": 101.38, "instrument_name": "BTC-26MAR21-50000-C", "index_price": 55968.68, "direction": "buy", "amount": 0.7}, {"trade_seq": 1329, "trade_id": "138193820", "timestamp": 1616573546954, "tick_direction": 1, "price": 0.1085, "mark_price": 0.10914747, "iv": 101.38, "instrument_name": "BTC-26MAR21-50000-C", "index_price": 55968.68, "direction": "buy", "amount": 0.9}, {"trade_seq": 1328, "trade_id": "138193809", "timestamp": 1616573546876, "tick_direction": 1, "price": 0.1085, "mark_price": 0.10914747, "iv": 101.38, "instrument_name": "BTC-26MAR21-50000-C", "index_price": 55968.68, "direction": "buy", "amount": 0.5}, {"trade_seq": 1327, "trade_id": "138193794", "timestamp": 1616573543055, "tick_direction": 1, "price": 0.1085, "mark_price": 0.10914271, "iv": 101.41, "instrument_name": "BTC-26MAR21-50000-C", "index_price": 55958.85, "direction": "buy", "amount": 0.6}, {"trade_seq": 1326, "trade_id": "138193723", "timestamp": 1616573534462, "tick_direction": 1, "price": 0.1085, "mark_price": 0.10924695, "iv": 100.16, "instrument_name": "BTC-26MAR21-50000-C", "index_price": 55966.75, "direction": "buy", "amount": 0.1}, {"trade_seq": 1325, "trade_id": "138193717", "timestamp": 1616573533954, "tick_direction": 1, "price": 0.1085, "mark_price": 0.10924695, "iv": 100.16, "instrument_name": "BTC-26MAR21-50000-C", "index_price": 55966.75, "direction": "buy", "amount": 5.0}, {"trade_seq": 1324, "trade_id": "138193716", "timestamp": 1616573533950, "tick_direction": 1, "price": 0.1085, "mark_price": 0.10924695, "iv": 100.16, "instrument_name": "BTC-26MAR21-50000-C", "index_price": 55966.75, "direction": "buy", "amount": 0.7}, {"trade_seq": 1323, "trade_id": "138193706", "timestamp": 1616573531871, "tick_direction": 1, "price": 0.1085, "mark_price": 0.1091557, "iv": 101.19, "instrument_name": "BTC-26MAR21-50000-C", "index_price": 55959.83, "direction": "buy", "amount": 0.3}, {"trade_seq": 1322, "trade_id": "138193673", "timestamp": 1616573529968, "tick_direction": 1, "price": 0.1085, "mark_price": 0.10899699, "iv": 102.39, "instrument_name": "BTC-26MAR21-50000-C", "index_price": 55951.09, "direction": "buy", "amount": 0.4}, {"trade_seq": 1321, "trade_id": "138193077", "timestamp": 1616573445927, "tick_direction": 1, "price": 0.1085, "mark_price": 0.10883949, "iv": 103.21, "instrument_name": "BTC-26MAR21-50000-C", "index_price": 55953.48, "direction": "buy", "amount": 0.3}, {"trade_seq": 1320, "trade_id": "138193071", "timestamp": 1616573445772, "tick_direction": 1, "price": 0.1085, "mark_price": 0.10883949, "iv": 104.17, "instrument_name": "BTC-26MAR21-50000-C", "index_price": 55924.35, "direction": "buy", "amount": 0.3}, {"trade_seq": 1319, "trade_id": "138193068", "timestamp": 1616573445725, "tick_direction": 1, "price": 0.1085, "mark_price": 0.10883949, "iv": 104.17, "instrument_name": "BTC-26MAR21-50000-C", "index_price": 55924.35, "direction": "buy", "amount": 0.4}, {"trade_seq": 1318, "trade_id": "138193049", "timestamp": 1616573445560, "tick_direction": 1, "price": 0.1085, "mark_price": 0.108781, "iv": 104.17, "instrument_name": "BTC-26MAR21-50000-C", "index_price": 55924.35, "direction": "buy", "amount": 0.6}, {"trade_seq": 1317, "trade_id": "138193041", "timestamp": 1616573445472, "tick_direction": 1, "price": 0.1085, "mark_price": 0.108781, "iv": 104.17, "instrument_name": "BTC-26MAR21-50000-C", "index_price": 55924.35, "direction": "buy", "amount": 0.6}, {"trade_seq": 1316, "trade_id": "138192859", "timestamp": 1616573436745, "tick_direction": 1, "price": 0.1085, "mark_price": 0.10856469, "iv": 106.9, "instrument_name": "BTC-26MAR21-50000-C", "index_price": 55908.14, "direction": "buy", "amount": 0.1}, {"trade_seq": 1315, "trade_id": "138192858", "timestamp": 1616573436396, "tick_direction": 1, "price": 0.1085, "mark_price": 0.108559, "iv": 106.9, "instrument_name": "BTC-26MAR21-50000-C", "index_price": 55908.14, "direction": "buy", "amount": 0.1}, {"trade_seq": 1314, "trade_id": "138192852", "timestamp": 1616573436225, "tick_direction": 1, "price": 0.1085, "mark_price": 0.108559, "iv": 106.9, "instrument_name": "BTC-26MAR21-50000-C", "index_price": 55908.14, "direction": "buy", "amount": 0.1}, {"trade_seq": 1313, "trade_id": "138192849", "timestamp": 1616573435484, "tick_direction": 1, "price": 0.1085, "mark_price": 0.10855788, "iv": 106.95, "instrument_name": "BTC-26MAR21-50000-C", "index_price": 55901.13, "direction": "buy", "amount": 0.3}, {"trade_seq": 1312, "trade_id": "138192848", "timestamp": 1616573435450, "tick_direction": 1, "price": 0.1085, "mark_price": 0.10855788, "iv": 106.95, "instrument_name": "BTC-26MAR21-50000-C", "index_price": 55901.13, "direction": "buy", "amount": 0.3}, {"trade_seq": 1311, "trade_id": "138192845", "timestamp": 1616573435178, "tick_direction": 1, "price": 0.1085, "mark_price": 0.10855788, "iv": 106.95, "instrument_name": "BTC-26MAR21-50000-C", "index_price": 55901.13, "direction": "buy", "amount": 0.5}, {"trade_seq": 1310, "trade_id": "138192823", "timestamp": 1616573435100, "tick_direction": 1, "price": 0.1085, "mark_price": 0.10855788, "iv": 106.95, "instrument_name": "BTC-26MAR21-50000-C", "index_price": 55901.13, "direction": "buy", "amount": 0.5}, {"trade_seq": 1309, "trade_id": "138192641", "timestamp": 1616573421017, "tick_direction": 1, "price": 0.1085, "mark_price": 0.1087679, "iv": 104.71, "instrument_name": "BTC-26MAR21-50000-C", "index_price": 55917.3, "direction": "buy", "amount": 0.1}, {"trade_seq": 1308, "trade_id": "138192595", "timestamp": 1616573419680, "tick_direction": 1, "price": 0.1085, "mark_price": 0.10868087, "iv": 105.21, "instrument_name": "BTC-26MAR21-50000-C", "index_price": 55910.86, "direction": "buy", "amount": 0.6}, {"trade_seq": 1307, "trade_id": "138192584", "timestamp": 1616573418045, "tick_direction": 1, "price": 0.1085, "mark_price": 0.10852193, "iv": 106.73, "instrument_name": "BTC-26MAR21-50000-C", "index_price": 55907.91, "direction": "buy", "amount": 0.1}, {"trade_seq": 1306, "trade_id": "138192583", "timestamp": 1616573417996, "tick_direction": 1, "price": 0.1085, "mark_price": 0.10852193, "iv": 106.73, "instrument_name": "BTC-26MAR21-50000-C", "index_price": 55907.91, "direction": "buy", "amount": 0.1}, {"trade_seq": 1305, "trade_id": "138192582", "timestamp": 1616573417985, "tick_direction": 1, "price": 0.1085, "mark_price": 0.10852193, "iv": 106.73, "instrument_name": "BTC-26MAR21-50000-C", "index_price": 55907.91, "direction": "buy", "amount": 0.1}, {"trade_seq": 1304, "trade_id": "138192581", "timestamp": 1616573417982, "tick_direction": 1, "price": 0.1085, "mark_price": 0.10852193, "iv": 106.73, "instrument_name": "BTC-26MAR21-50000-C", "index_price": 55907.91, "direction": "buy", "amount": 0.1}, {"trade_seq": 1303, "trade_id": "138192548", "timestamp": 1616573417483, "tick_direction": 1, "price": 0.1085, "mark_price": 0.10849871, "iv": 107.21, "instrument_name": "BTC-26MAR21-50000-C", "index_price": 55901.31, "direction": "buy", "amount": 0.5}, {"trade_seq": 1302, "trade_id": "138192052", "timestamp": 1616573352789, "tick_direction": 1, "price": 0.1085, "mark_price": 0.10843241, "iv": 107.75, "instrument_name": "BTC-26MAR21-50000-C", "index_price": 55878.63, "direction": "buy", "amount": 0.1}, {"trade_seq": 1301, "trade_id": "138192023", "timestamp": 1616573347972, "tick_direction": 1, "price": 0.1085, "mark_price": 0.10810293, "iv": 110.78, "instrument_name": "BTC-26MAR21-50000-C", "index_price": 55860.5, "direction": "buy", "amount": 0.1}, {"trade_seq": 1300, "trade_id": "138192022", "timestamp": 1616573347795, "tick_direction": 1, "price": 0.1085, "mark_price": 0.10810293, "iv": 110.78, "instrument_name": "BTC-26MAR21-50000-C", "index_price": 55860.5, "direction": "buy", "amount": 0.6}, {"trade_seq": 1299, "trade_id": "138192014", "timestamp": 1616573346845, "tick_direction": 1, "price": 0.1085, "mark_price": 0.10799963, "iv": 111.69, "instrument_name": "BTC-26MAR21-50000-C", "index_price": 55853.97, "direction": "buy", "amount": 0.4}, {"trade_seq": 1298, "trade_id": "138192013", "timestamp": 1616573346744, "tick_direction": 1, "price": 0.1085, "mark_price": 0.10799963, "iv": 111.69, "instrument_name": "BTC-26MAR21-50000-C", "index_price": 55853.97, "direction": "buy", "amount": 0.2}, {"trade_seq": 1297, "trade_id": "138192009", "timestamp": 1616573346601, "tick_direction": 1, "price": 0.1085, "mark_price": 0.10799963, "iv": 111.69, "instrument_name": "BTC-26MAR21-50000-C", "index_price": 55853.97, "direction": "buy", "amount": 0.1}, {"trade_seq": 1296, "trade_id": "138192006", "timestamp": 1616573346545, "tick_direction": 1, "price": 0.1085, "mark_price": 0.10799963, "iv": 111.69, "instrument_name": "BTC-26MAR21-50000-C", "index_price": 55853.97, "direction": "buy", "amount": 0.3}, {"trade_seq": 1295, "trade_id": "138192003", "timestamp": 1616573346433, "tick_direction": 1, "price": 0.1085, "mark_price": 0.10787529, "iv": 111.69, "instrument_name": "BTC-26MAR21-50000-C", "index_price": 55853.97, "direction": "buy", "amount": 0.3}, {"trade_seq": 1294, "trade_id": "138191998", "timestamp": 1616573346276, "tick_direction": 1, "price": 0.1085, "mark_price": 0.10787529, "iv": 111.69, "instrument_name": "BTC-26MAR21-50000-C", "index_price": 55853.97, "direction": "buy", "amount": 0.2}, {"trade_seq": 1293, "trade_id": "138191566", "timestamp": 1616573333877, "tick_direction": 1, "price": 0.1085, "mark_price": 0.10754476, "iv": 115.48, "instrument_name": "BTC-26MAR21-50000-C", "index_price": 55821.51, "direction": "buy", "amount": 1.3}, {"trade_seq": 1292, "trade_id": "138191564", "timestamp": 1616573333804, "tick_direction": 1, "price": 0.1085, "mark_price": 0.10754476, "iv": 115.48, "instrument_name": "BTC-26MAR21-50000-C", "index_price": 55821.51, "direction": "buy", "amount": 1.3}, {"trade_seq": 1291, "trade_id": "138191540", "timestamp": 1616573333601, "tick_direction": 1, "price": 0.1085, "mark_price": 0.10754476, "iv": 115.48, "instrument_name": "BTC-26MAR21-50000-C", "index_price": 55821.51, "direction": "buy", "amount": 0.2}, {"trade_seq": 1290, "trade_id": "138191526", "timestamp": 1616573333546, "tick_direction": 0, "price": 0.1085, "mark_price": 0.10754476, "iv": 115.48, "instrument_name": "BTC-26MAR21-50000-C", "index_price": 55821.51, "direction": "buy", "amount": 0.1}, {"trade_seq": 1289, "trade_id": "138139508", "timestamp": 1616561918100, "tick_direction": 1, "price": 0.082, "mark_price": 0.08234197, "iv": 97.46, "instrument_name": "BTC-26MAR21-50000-C", "index_price": 54138.53, "direction": "buy", "amount": 0.1}, {"trade_seq": 1288, "trade_id": "138139505", "timestamp": 1616561917429, "tick_direction": 0, "price": 0.082, "mark_price": 0.08234197, "iv": 97.72, "instrument_name": "BTC-26MAR21-50000-C", "index_price": 54134.14, "direction": "buy", "amount": 0.1}, {"trade_seq": 1287, "trade_id": "138139055", "timestamp": 1616561771745, "tick_direction": 2, "price": 0.081, "mark_price": 0.08166657, "iv": 96.26, "instrument_name": "BTC-26MAR21-50000-C", "index_price": 54086.78, "direction": "sell", "amount": 0.2}, {"trade_seq": 1286, "trade_id": "138112664", "timestamp": 1616551660799, "tick_direction": 0, "price": 0.083, "mark_price": 0.08714386, "iv": 68.37, "instrument_name": "BTC-26MAR21-50000-C", "index_price": 54383.96, "direction": "sell", "amount": 0.1}, {"trade_seq": 1285, "trade_id": "138108029", "timestamp": 1616549770804, "tick_direction": 2, "price": 0.082, "mark_price": 0.08583418, "iv": 69.41, "instrument_name": "BTC-26MAR21-50000-C", "index_price": 54309.99, "direction": "sell", "amount": 0.1}, {"trade_seq": 1284, "trade_id": "137963209", "timestamp": 1616502206121, "tick_direction": 2, "price": 0.096, "mark_price": 0.0938708, "iv": 104.54, "instrument_name": "BTC-26MAR21-50000-C", "index_price": 54841.63, "direction": "buy", "amount": 0.1}, {"trade_seq": 1283, "trade_id": "137962831", "timestamp": 1616502057798, "tick_direction": 0, "price": 0.097, "mark_price": 0.09477373, "iv": 104.88, "instrument_name": "BTC-26MAR21-50000-C", "index_price": 54915.03, "direction": "sell", "amount": 0.1}, {"trade_seq": 1282, "trade_id": "137888664", "timestamp": 1616480148147, "tick_direction": 3, "price": 0.0685, "mark_price": 0.07155365, "iv": 71.85, "instrument_name": "BTC-26MAR21-50000-C", "index_price": 53353.88, "direction": "buy", "amount": 2.5}, {"trade_seq": 1281, "trade_id": "137888663", "timestamp": 1616480148145, "tick_direction": 3, "price": 0.0685, "mark_price": 0.07155365, "iv": 71.85, "instrument_name": "BTC-26MAR21-50000-C", "index_price": 53353.88, "direction": "buy", "amount": 8.0}, {"trade_seq": 1280, "trade_id": "137888661", "timestamp": 1616480148144, "tick_direction": 3, "price": 0.0685, "mark_price": 0.07155365, "iv": 71.85, "instrument_name": "BTC-26MAR21-50000-C", "index_price": 53353.88, "direction": "buy", "amount": 1.2}, {"trade_seq": 1279, "trade_id": "137888660", "timestamp": 1616480148143, "tick_direction": 3, "price": 0.0685, "mark_price": 0.07155365, "iv": 71.85, "instrument_name": "BTC-26MAR21-50000-C", "index_price": 53353.88, "direction": "buy", "amount": 0.5}, {"trade_seq": 1278, "trade_id": "137888659", "timestamp": 1616480148141, "tick_direction": 3, "price": 0.0685, "mark_price": 0.07155365, "iv": 71.85, "instrument_name": "BTC-26MAR21-50000-C", "index_price": 53353.88, "direction": "buy", "amount": 8.4}, {"trade_seq": 1277, "trade_id": "137888658", "timestamp": 1616480148141, "tick_direction": 3, "price": 0.0685, "mark_price": 0.07155365, "iv": 71.85, "instrument_name": "BTC-26MAR21-50000-C", "index_price": 53353.88, "direction": "buy", "amount": 5.0}, {"trade_seq": 1276, "trade_id": "137888657", "timestamp": 1616480148140, "tick_direction": 3, "price": 0.0685, "mark_price": 0.07155365, "iv": 71.85, "instrument_name": "BTC-26MAR21-50000-C", "index_price": 53353.88, "direction": "buy", "amount": 14.0}, {"trade_seq": 1275, "trade_id": "137888654", "timestamp": 1616480148137, "tick_direction": 3, "price": 0.0685, "mark_price": 0.07155365, "iv": 71.85, "instrument_name": "BTC-26MAR21-50000-C", "index_price": 53353.88, "direction": "buy", "amount": 8.4}, {"trade_seq": 1274, "trade_id": "137888653", "timestamp": 1616480148137, "tick_direction": 3, "price": 0.0685, "mark_price": 0.07155365, "iv": 71.85, "instrument_name": "BTC-26MAR21-50000-C", "index_price": 53353.88, "direction": "buy", "amount": 0.5}, {"trade_seq": 1273, "trade_id": "137888652", "timestamp": 1616480148135, "tick_direction": 2, "price": 0.0685, "mark_price": 0.07155365, "iv": 71.85, "instrument_name": "BTC-26MAR21-50000-C", "index_price": 53353.88, "direction": "sell", "amount": 1.5}, {"trade_seq": 1272, "trade_id": "137799413", "timestamp": 1616453224177, "tick_direction": 3, "price": 0.089, "mark_price": 0.08803748, "iv": 92.72, "instrument_name": "BTC-26MAR21-50000-C", "index_price": 54349.05, "direction": "buy", "amount": 0.2}, {"trade_seq": 1271, "trade_id": "137799412", "timestamp": 1616453224118, "tick_direction": 3, "price": 0.089, "mark_price": 0.08803748, "iv": 92.72, "instrument_name": "BTC-26MAR21-50000-C", "index_price": 54349.05, "direction": "buy", "amount": 0.2}, {"trade_seq": 1270, "trade_id": "137795474", "timestamp": 1616452080828, "tick_direction": 2, "price": 0.089, "mark_price": 0.08785497, "iv": 92.76, "instrument_name": "BTC-26MAR21-50000-C", "index_price": 54345.27, "direction": "buy", "amount": 0.1}, {"trade_seq": 1269, "trade_id": "137616434", "timestamp": 1616391680569, "tick_direction": 0, "price": 0.1455, "mark_price": 0.13634248, "iv": 140.84, "instrument_name": "BTC-26MAR21-50000-C", "index_price": 57499.77, "direction": "buy", "amount": 1.0}, {"trade_seq": 1268, "trade_id": "137466047", "timestamp": 1616317344414, "tick_direction": 2, "price": 0.1315, "mark_price": 0.13250765, "iv": 84.84, "instrument_name": "BTC-26MAR21-50000-C", "index_price": 57216.72, "direction": "buy", "amount": 1.0}, {"trade_seq": 1267, "trade_id": "137268792", "timestamp": 1616224572532, "tick_direction": 1, "price": 0.153, "mark_price": 0.15328192, "iv": 92.49, "instrument_name": "BTC-26MAR21-50000-C", "index_price": 58539.58, "direction": "buy", "amount": 0.1}, {"trade_seq": 1266, "trade_id": "137268758", "timestamp": 1616224571106, "tick_direction": 0, "price": 0.153, "mark_price": 0.15319182, "iv": 92.49, "instrument_name": "BTC-26MAR21-50000-C", "index_price": 58517.5, "direction": "buy", "amount": 0.7}, {"trade_seq": 1265, "trade_id": "137264241", "timestamp": 1616219782600, "tick_direction": 0, "price": 0.152, "mark_price": 0.1501436, "iv": 102.16, "instrument_name": "BTC-26MAR21-50000-C", "index_price": 58261.64, "direction": "buy", "amount": 1.9}, {"trade_seq": 1264, "trade_id": "136917307", "timestamp": 1616070867588, "tick_direction": 3, "price": 0.145, "mark_price": 0.1457995, "iv": 90.4, "instrument_name": "BTC-26MAR21-50000-C", "index_price": 57662.96, "direction": "buy", "amount": 0.5}, {"trade_seq": 1263, "trade_id": "136917306", "timestamp": 1616070866188, "tick_direction": 3, "price": 0.145, "mark_price": 0.14572272, "iv": 90.59, "instrument_name": "BTC-26MAR21-50000-C", "index_price": 57653.51, "direction": "buy", "amount": 0.2}, {"trade_seq": 1262, "trade_id": "136917305", "timestamp": 1616070866129, "tick_direction": 3, "price": 0.145, "mark_price": 0.14572272, "iv": 90.59, "instrument_name": "BTC-26MAR21-50000-C", "index_price": 57653.51, "direction": "buy", "amount": 0.2}, {"trade_seq": 1261, "trade_id": "136917304", "timestamp": 1616070866031, "tick_direction": 3, "price": 0.145, "mark_price": 0.14572272, "iv": 90.59, "instrument_name": "BTC-26MAR21-50000-C", "index_price": 57653.51, "direction": "buy", "amount": 0.6}, {"trade_seq": 1260, "trade_id": "136917303", "timestamp": 1616070865831, "tick_direction": 3, "price": 0.145, "mark_price": 0.14572272, "iv": 90.67, "instrument_name": "BTC-26MAR21-50000-C", "index_price": 57653.51, "direction": "buy", "amount": 0.6}, {"trade_seq": 1259, "trade_id": "136917299", "timestamp": 1616070865455, "tick_direction": 3, "price": 0.145, "mark_price": 0.14571436, "iv": 90.67, "instrument_name": "BTC-26MAR21-50000-C", "index_price": 57653.51, "direction": "buy", "amount": 0.2}, {"trade_seq": 1258, "trade_id": "136917298", "timestamp": 1616070865371, "tick_direction": 3, "price": 0.145, "mark_price": 0.14571436, "iv": 90.67, "instrument_name": "BTC-26MAR21-50000-C", "index_price": 57653.51, "direction": "buy", "amount": 0.2}, {"trade_seq": 1257, "trade_id": "136917282", "timestamp": 1616070865032, "tick_direction": 3, "price": 0.145, "mark_price": 0.14571436, "iv": 90.7, "instrument_name": "BTC-26MAR21-50000-C", "index_price": 57651.73, "direction": "buy", "amount": 0.2}, {"trade_seq": 1256, "trade_id": "136917281", "timestamp": 1616070864965, "tick_direction": 3, "price": 0.145, "mark_price": 0.14571436, "iv": 90.7, "instrument_name": "BTC-26MAR21-50000-C", "index_price": 57651.73, "direction": "buy", "amount": 0.4}, {"trade_seq": 1255, "trade_id": "136917280", "timestamp": 1616070864834, "tick_direction": 3, "price": 0.145, "mark_price": 0.14571436, "iv": 90.7, "instrument_name": "BTC-26MAR21-50000-C", "index_price": 57651.73, "direction": "buy", "amount": 0.2}, {"trade_seq": 1254, "trade_id": "136917271", "timestamp": 1616070864007, "tick_direction": 3, "price": 0.145, "mark_price": 0.14557503, "iv": 91.18, "instrument_name": "BTC-26MAR21-50000-C", "index_price": 57651.07, "direction": "buy", "amount": 0.6}, {"trade_seq": 1253, "trade_id": "136917270", "timestamp": 1616070863512, "tick_direction": 3, "price": 0.145, "mark_price": 0.14557503, "iv": 91.18, "instrument_name": "BTC-26MAR21-50000-C", "index_price": 57651.07, "direction": "buy", "amount": 0.8}, {"trade_seq": 1252, "trade_id": "136917258", "timestamp": 1616070862004, "tick_direction": 3, "price": 0.145, "mark_price": 0.14534461, "iv": 91.96, "instrument_name": "BTC-26MAR21-50000-C", "index_price": 57628.14, "direction": "buy", "amount": 0.1}, {"trade_seq": 1251, "trade_id": "136917253", "timestamp": 1616070861833, "tick_direction": 3, "price": 0.145, "mark_price": 0.14534461, "iv": 91.96, "instrument_name": "BTC-26MAR21-50000-C", "index_price": 57628.14, "direction": "buy", "amount": 0.1}, {"trade_seq": 1250, "trade_id": "136917252", "timestamp": 1616070861768, "tick_direction": 3, "price": 0.145, "mark_price": 0.14534461, "iv": 91.96, "instrument_name": "BTC-26MAR21-50000-C", "index_price": 57628.14, "direction": "buy", "amount": 0.2}, {"trade_seq": 1249, "trade_id": "136917251", "timestamp": 1616070861742, "tick_direction": 3, "price": 0.145, "mark_price": 0.14534461, "iv": 91.96, "instrument_name": "BTC-26MAR21-50000-C", "index_price": 57628.14, "direction": "buy", "amount": 0.4}, {"trade_seq": 1248, "trade_id": "136917250", "timestamp": 1616070861652, "tick_direction": 3, "price": 0.145, "mark_price": 0.14534461, "iv": 91.96, "instrument_name": "BTC-26MAR21-50000-C", "index_price": 57628.14, "direction": "buy", "amount": 0.5}, {"trade_seq": 1247, "trade_id": "136917249", "timestamp": 1616070861552, "tick_direction": 3, "price": 0.145, "mark_price": 0.14534461, "iv": 91.96, "instrument_name": "BTC-26MAR21-50000-C", "index_price": 57628.14, "direction": "buy", "amount": 0.2}, {"trade_seq": 1246, "trade_id": "136917247", "timestamp": 1616070861518, "tick_direction": 3, "price": 0.145, "mark_price": 0.14534461, "iv": 91.96, "instrument_name": "BTC-26MAR21-50000-C", "index_price": 57628.14, "direction": "buy", "amount": 0.1}, {"trade_seq": 1245, "trade_id": "136917246", "timestamp": 1616070861517, "tick_direction": 3, "price": 0.145, "mark_price": 0.14534461, "iv": 91.96, "instrument_name": "BTC-26MAR21-50000-C", "index_price": 57628.14, "direction": "buy", "amount": 0.4}, {"trade_seq": 1244, "trade_id": "136917245", "timestamp": 1616070861493, "tick_direction": 2, "price": 0.145, "mark_price": 0.14525273, "iv": 91.96, "instrument_name": "BTC-26MAR21-50000-C", "index_price": 57628.14, "direction": "buy", "amount": 0.2}, {"trade_seq": 1243, "trade_id": "136898240", "timestamp": 1616062214717, "tick_direction": 2, "price": 0.158, "mark_price": 0.15820136, "iv": 93.75, "instrument_name": "BTC-26MAR21-50000-C", "index_price": 58633.33, "direction": "buy", "amount": 0.6}, {"trade_seq": 1242, "trade_id": "136868108", "timestamp": 1616046789002, "tick_direction": 0, "price": 0.165, "mark_price": 0.16411083, "iv": 100.46, "instrument_name": "BTC-26MAR21-50000-C", "index_price": 59030.09, "direction": "sell", "amount": 0.1}, {"trade_seq": 1241, "trade_id": "136779175", "timestamp": 1616016806842, "tick_direction": 0, "price": 0.158, "mark_price": 0.15791626, "iv": 100.4, "instrument_name": "BTC-26MAR21-50000-C", "index_price": 58375.22, "direction": "buy", "amount": 0.1}, {"trade_seq": 1240, "trade_id": "136762865", "timestamp": 1616012358731, "tick_direction": 1, "price": 0.1535, "mark_price": 0.15373511, "iv": 99.56, "instrument_name": "BTC-26MAR21-50000-C", "index_price": 58079.81, "direction": "buy", "amount": 0.2}, {"trade_seq": 1239, "trade_id": "136762864", "timestamp": 1616012358688, "tick_direction": 1, "price": 0.1535, "mark_price": 0.15373511, "iv": 99.56, "instrument_name": "BTC-26MAR21-50000-C", "index_price": 58079.81, "direction": "buy", "amount": 0.3}, {"trade_seq": 1238, "trade_id": "136762830", "timestamp": 1616012358556, "tick_direction": 1, "price": 0.1535, "mark_price": 0.15373511, "iv": 99.74, "instrument_name": "BTC-26MAR21-50000-C", "index_price": 58078.68, "direction": "buy", "amount": 0.2}, {"trade_seq": 1237, "trade_id": "136762795", "timestamp": 1616012352373, "tick_direction": 1, "price": 0.1535, "mark_price": 0.15364036, "iv": 100.02, "instrument_name": "BTC-26MAR21-50000-C", "index_price": 58066.36, "direction": "buy", "amount": 0.3}, {"trade_seq": 1236, "trade_id": "136762788", "timestamp": 1616012352069, "tick_direction": 1, "price": 0.1535, "mark_price": 0.15364036, "iv": 100.02, "instrument_name": "BTC-26MAR21-50000-C", "index_price": 58066.36, "direction": "buy", "amount": 0.1}, {"trade_seq": 1235, "trade_id": "136762787", "timestamp": 1616012351830, "tick_direction": 1, "price": 0.1535, "mark_price": 0.15358306, "iv": 100.02, "instrument_name": "BTC-26MAR21-50000-C", "index_price": 58066.36, "direction": "buy", "amount": 0.2}, {"trade_seq": 1234, "trade_id": "136762786", "timestamp": 1616012351714, "tick_direction": 1, "price": 0.1535, "mark_price": 0.15358306, "iv": 100.02, "instrument_name": "BTC-26MAR21-50000-C", "index_price": 58066.36, "direction": "buy", "amount": 0.2}, {"trade_seq": 1233, "trade_id": "136762785", "timestamp": 1616012351695, "tick_direction": 1, "price": 0.1535, "mark_price": 0.15358306, "iv": 100.02, "instrument_name": "BTC-26MAR21-50000-C", "index_price": 58066.36, "direction": "buy", "amount": 0.5}, {"trade_seq": 1232, "trade_id": "136761863", "timestamp": 1616012078554, "tick_direction": 1, "price": 0.1535, "mark_price": 0.1538123, "iv": 99.33, "instrument_name": "BTC-26MAR21-50000-C", "index_price": 58081.7, "direction": "buy", "amount": 0.1}, {"trade_seq": 1231, "trade_id": "136761860", "timestamp": 1616012076835, "tick_direction": 1, "price": 0.1535, "mark_price": 0.15382047, "iv": 99.29, "instrument_name": "BTC-26MAR21-50000-C", "index_price": 58081.52, "direction": "buy", "amount": 0.3}, {"trade_seq": 1230, "trade_id": "136761857", "timestamp": 1616012076693, "tick_direction": 1, "price": 0.1535, "mark_price": 0.15382047, "iv": 99.29, "instrument_name": "BTC-26MAR21-50000-C", "index_price": 58081.52, "direction": "buy", "amount": 0.2}, {"trade_seq": 1229, "trade_id": "136761855", "timestamp": 1616012076406, "tick_direction": 1, "price": 0.1535, "mark_price": 0.15380198, "iv": 99.26, "instrument_name": "BTC-26MAR21-50000-C", "index_price": 58082.81, "direction": "buy", "amount": 0.3}, {"trade_seq": 1228, "trade_id": "136761854", "timestamp": 1616012076382, "tick_direction": 1, "price": 0.1535, "mark_price": 0.15380198, "iv": 99.26, "instrument_name": "BTC-26MAR21-50000-C", "index_price": 58082.81, "direction": "buy", "amount": 0.3}, {"trade_seq": 1227, "trade_id": "136761811", "timestamp": 1616012063898, "tick_direction": 1, "price": 0.1535, "mark_price": 0.15375023, "iv": 99.45, "instrument_name": "BTC-26MAR21-50000-C", "index_price": 58079.3, "direction": "buy", "amount": 0.2}, {"trade_seq": 1226, "trade_id": "136761810", "timestamp": 1616012063864, "tick_direction": 1, "price": 0.1535, "mark_price": 0.15375023, "iv": 99.45, "instrument_name": "BTC-26MAR21-50000-C", "index_price": 58079.3, "direction": "buy", "amount": 0.2}, {"trade_seq": 1225, "trade_id": "136761809", "timestamp": 1616012063832, "tick_direction": 1, "price": 0.1535, "mark_price": 0.15375023, "iv": 99.45, "instrument_name": "BTC-26MAR21-50000-C", "index_price": 58079.3, "direction": "buy", "amount": 0.3}, {"trade_seq": 1224, "trade_id": "136761800", "timestamp": 1616012063291, "tick_direction": 1, "price": 0.1535, "mark_price": 0.15370777, "iv": 99.45, "instrument_name": "BTC-26MAR21-50000-C", "index_price": 58076.06, "direction": "buy", "amount": 0.3}, {"trade_seq": 1223, "trade_id": "136761797", "timestamp": 1616012062794, "tick_direction": 1, "price": 0.1535, "mark_price": 0.15370777, "iv": 99.57, "instrument_name": "BTC-26MAR21-50000-C", "index_price": 58076.06, "direction": "buy", "amount": 0.2}, {"trade_seq": 1222, "trade_id": "136761754", "timestamp": 1616012057540, "tick_direction": 1, "price": 0.1535, "mark_price": 0.15365403, "iv": 99.75, "instrument_name": "BTC-26MAR21-50000-C", "index_price": 58071.29, "direction": "buy", "amount": 0.3}, {"trade_seq": 1221, "trade_id": "136761736", "timestamp": 1616012054292, "tick_direction": 0, "price": 0.1535, "mark_price": 0.15348198, "iv": 99.97, "instrument_name": "BTC-26MAR21-50000-C", "index_price": 58061.25, "direction": "buy", "amount": 0.3}, {"trade_seq": 1220, "trade_id": "136759200", "timestamp": 1616011519037, "tick_direction": 1, "price": 0.153, "mark_price": 0.15282927, "iv": 99.79, "instrument_name": "BTC-26MAR21-50000-C", "index_price": 58046.09, "direction": "buy", "amount": 0.1}, {"trade_seq": 1219, "trade_id": "136757723", "timestamp": 1616011247999, "tick_direction": 0, "price": 0.153, "mark_price": 0.15327175, "iv": 98.27, "instrument_name": "BTC-26MAR21-50000-C", "index_price": 58082.51, "direction": "buy", "amount": 0.1}, {"trade_seq": 1218, "trade_id": "136658899", "timestamp": 1615985367595, "tick_direction": 1, "price": 0.1175, "mark_price": 0.11919527, "iv": 94.72, "instrument_name": "BTC-26MAR21-50000-C", "index_price": 55195.12, "direction": "buy", "amount": 3.9}, {"trade_seq": 1217, "trade_id": "136658897", "timestamp": 1615985367578, "tick_direction": 0, "price": 0.1175, "mark_price": 0.11919527, "iv": 94.72, "instrument_name": "BTC-26MAR21-50000-C", "index_price": 55195.12, "direction": "buy", "amount": 1.1}, {"trade_seq": 1216, "trade_id": "136623359", "timestamp": 1615974831351, "tick_direction": 0, "price": 0.1155, "mark_price": 0.11350626, "iv": 99.75, "instrument_name": "BTC-26MAR21-50000-C", "index_price": 54840.12, "direction": "buy", "amount": 0.1}, {"trade_seq": 1215, "trade_id": "136622918", "timestamp": 1615974768106, "tick_direction": 0, "price": 0.115, "mark_price": 0.11348263, "iv": 98.87, "instrument_name": "BTC-26MAR21-50000-C", "index_price": 54827.21, "direction": "buy", "amount": 0.1}, {"trade_seq": 1214, "trade_id": "136622891", "timestamp": 1615974764550, "tick_direction": 2, "price": 0.1145, "mark_price": 0.11324139, "iv": 98.42, "instrument_name": "BTC-26MAR21-50000-C", "index_price": 54792.08, "direction": "sell", "amount": 0.1}, {"trade_seq": 1213, "trade_id": "136614794", "timestamp": 1615973966555, "tick_direction": 2, "price": 0.12, "mark_price": 0.1185873, "iv": 99.22, "instrument_name": "BTC-26MAR21-50000-C", "index_price": 55195.42, "direction": "buy", "amount": 0.1}, {"trade_seq": 1212, "trade_id": "136605170", "timestamp": 1615970733394, "tick_direction": 2, "price": 0.126, "mark_price": 0.12714161, "iv": 93.82, "instrument_name": "BTC-26MAR21-50000-C", "index_price": 55870.57, "direction": "sell", "amount": 19.8}, {"trade_seq": 1211, "trade_id": "136597949", "timestamp": 1615966933965, "tick_direction": 2, "price": 0.1285, "mark_price": 0.12783251, "iv": 97.93, "instrument_name": "BTC-26MAR21-50000-C", "index_price": 55912.13, "direction": "sell", "amount": 0.2}, {"trade_seq": 1210, "trade_id": "136524906", "timestamp": 1615934386175, "tick_direction": 0, "price": 0.1355, "mark_price": 0.13560063, "iv": 97.14, "instrument_name": "BTC-26MAR21-50000-C", "index_price": 56515.31, "direction": "sell", "amount": 0.1}, {"trade_seq": 1209, "trade_id": "136522746", "timestamp": 1615933198029, "tick_direction": 2, "price": 0.13, "mark_price": 0.13602263, "iv": 82.56, "instrument_name": "BTC-26MAR21-50000-C", "index_price": 56524.63, "direction": "buy", "amount": 0.1}, {"trade_seq": 1208, "trade_id": "136514169", "timestamp": 1615928185594, "tick_direction": 0, "price": 0.1335, "mark_price": 0.13345381, "iv": 96.31, "instrument_name": "BTC-26MAR21-50000-C", "index_price": 56309.51, "direction": "buy", "amount": 0.3}, {"trade_seq": 1207, "trade_id": "136511313", "timestamp": 1615926501805, "tick_direction": 0, "price": 0.1325, "mark_price": 0.13248817, "iv": 96.02, "instrument_name": "BTC-26MAR21-50000-C", "index_price": 56218.01, "direction": "buy", "amount": 0.1}, {"trade_seq": 1206, "trade_id": "136506397", "timestamp": 1615925070172, "tick_direction": 0, "price": 0.132, "mark_price": 0.13231273, "iv": 95.25, "instrument_name": "BTC-26MAR21-50000-C", "index_price": 56191.75, "direction": "buy", "amount": 0.1}, {"trade_seq": 1205, "trade_id": "136486437", "timestamp": 1615915843075, "tick_direction": 0, "price": 0.1225, "mark_price": 0.12210226, "iv": 95.27, "instrument_name": "BTC-26MAR21-50000-C", "index_price": 55409.42, "direction": "buy", "amount": 0.3}, {"trade_seq": 1204, "trade_id": "136486301", "timestamp": 1615915813918, "tick_direction": 2, "price": 0.122, "mark_price": 0.12181553, "iv": 94.9, "instrument_name": "BTC-26MAR21-50000-C", "index_price": 55372.21, "direction": "buy", "amount": 0.2}, {"trade_seq": 1203, "trade_id": "136478836", "timestamp": 1615913362479, "tick_direction": 0, "price": 0.1265, "mark_price": 0.12600089, "iv": 95.31, "instrument_name": "BTC-26MAR21-50000-C", "index_price": 55745.95, "direction": "buy", "amount": 0.1}, {"trade_seq": 1202, "trade_id": "136467049", "timestamp": 1615908713508, "tick_direction": 1, "price": 0.124, "mark_price": 0.12326214, "iv": 94.22, "instrument_name": "BTC-26MAR21-50000-C", "index_price": 55548.07, "direction": "buy", "amount": 0.1}, {"trade_seq": 1201, "trade_id": "136467046", "timestamp": 1615908713386, "tick_direction": 0, "price": 0.124, "mark_price": 0.12326214, "iv": 94.22, "instrument_name": "BTC-26MAR21-50000-C", "index_price": 55548.07, "direction": "buy", "amount": 0.2}, {"trade_seq": 1200, "trade_id": "136466944", "timestamp": 1615908609268, "tick_direction": 3, "price": 0.1235, "mark_price": 0.12234183, "iv": 94.74, "instrument_name": "BTC-26MAR21-50000-C", "index_price": 55493.12, "direction": "buy", "amount": 0.2}, {"trade_seq": 1199, "trade_id": "136466924", "timestamp": 1615908602796, "tick_direction": 3, "price": 0.1235, "mark_price": 0.12223182, "iv": 94.98, "instrument_name": "BTC-26MAR21-50000-C", "index_price": 55494.54, "direction": "buy", "amount": 0.2}, {"trade_seq": 1198, "trade_id": "136466922", "timestamp": 1615908602674, "tick_direction": 3, "price": 0.1235, "mark_price": 0.12223182, "iv": 94.98, "instrument_name": "BTC-26MAR21-50000-C", "index_price": 55494.54, "direction": "buy", "amount": 0.2}, {"trade_seq": 1197, "trade_id": "136466920", "timestamp": 1615908602612, "tick_direction": 2, "price": 0.1235, "mark_price": 0.12223182, "iv": 94.98, "instrument_name": "BTC-26MAR21-50000-C", "index_price": 55494.54, "direction": "buy", "amount": 0.4}, {"trade_seq": 1196, "trade_id": "136455495", "timestamp": 1615904299932, "tick_direction": 1, "price": 0.124, "mark_price": 0.12368451, "iv": 93.66, "instrument_name": "BTC-26MAR21-50000-C", "index_price": 55530.12, "direction": "buy", "amount": 0.5}, {"trade_seq": 1195, "trade_id": "136455490", "timestamp": 1615904297518, "tick_direction": 1, "price": 0.124, "mark_price": 0.12380747, "iv": 93.53, "instrument_name": "BTC-26MAR21-50000-C", "index_price": 55534.67, "direction": "buy", "amount": 0.2}, {"trade_seq": 1194, "trade_id": "136455486", "timestamp": 1615904297232, "tick_direction": 0, "price": 0.124, "mark_price": 0.12380747, "iv": 93.53, "instrument_name": "BTC-26MAR21-50000-C", "index_price": 55534.67, "direction": "buy", "amount": 0.1}, {"trade_seq": 1193, "trade_id": "136423534", "timestamp": 1615895010031, "tick_direction": 1, "price": 0.115, "mark_price": 0.11803248, "iv": 85.98, "instrument_name": "BTC-26MAR21-50000-C", "index_price": 55085.3, "direction": "buy", "amount": 3.6}, {"trade_seq": 1192, "trade_id": "136423533", "timestamp": 1615895010030, "tick_direction": 1, "price": 0.115, "mark_price": 0.11803248, "iv": 85.98, "instrument_name": "BTC-26MAR21-50000-C", "index_price": 55085.3, "direction": "buy", "amount": 8.0}, {"trade_seq": 1191, "trade_id": "136423532", "timestamp": 1615895010027, "tick_direction": 1, "price": 0.115, "mark_price": 0.11803248, "iv": 85.98, "instrument_name": "BTC-26MAR21-50000-C", "index_price": 55085.3, "direction": "buy", "amount": 6.4}, {"trade_seq": 1190, "trade_id": "136423531", "timestamp": 1615895010019, "tick_direction": 0, "price": 0.115, "mark_price": 0.11803248, "iv": 85.98, "instrument_name": "BTC-26MAR21-50000-C", "index_price": 55085.3, "direction": "sell", "amount": 2.0}, {"trade_seq": 1189, "trade_id": "136351686", "timestamp": 1615872715802, "tick_direction": 2, "price": 0.105, "mark_price": 0.10523491, "iv": 92.64, "instrument_name": "BTC-26MAR21-50000-C", "index_price": 53936.03, "direction": "buy", "amount": 0.1}, {"trade_seq": 1188, "trade_id": "136266757", "timestamp": 1615852096118, "tick_direction": 2, "price": 0.13, "mark_price": 0.13030384, "iv": 95.22, "instrument_name": "BTC-26MAR21-50000-C", "index_price": 55848.37, "direction": "sell", "amount": 0.3}, {"trade_seq": 1187, "trade_id": "136223872", "timestamp": 1615836483611, "tick_direction": 1, "price": 0.139, "mark_price": 0.13821873, "iv": 98.0, "instrument_name": "BTC-26MAR21-50000-C", "index_price": 56452.51, "direction": "sell", "amount": 0.2}, {"trade_seq": 1186, "trade_id": "136223869", "timestamp": 1615836483426, "tick_direction": 1, "price": 0.139, "mark_price": 0.13821873, "iv": 98.0, "instrument_name": "BTC-26MAR21-50000-C", "index_price": 56452.51, "direction": "sell", "amount": 0.9}, {"trade_seq": 1185, "trade_id": "136223862", "timestamp": 1615836483353, "tick_direction": 1, "price": 0.139, "mark_price": 0.13821873, "iv": 98.0, "instrument_name": "BTC-26MAR21-50000-C", "index_price": 56452.51, "direction": "sell", "amount": 1.2}, {"trade_seq": 1184, "trade_id": "136223861", "timestamp": 1615836483299, "tick_direction": 1, "price": 0.139, "mark_price": 0.13821873, "iv": 98.0, "instrument_name": "BTC-26MAR21-50000-C", "index_price": 56452.51, "direction": "sell", "amount": 0.3}, {"trade_seq": 1183, "trade_id": "136223851", "timestamp": 1615836483100, "tick_direction": 1, "price": 0.139, "mark_price": 0.13821873, "iv": 98.01, "instrument_name": "BTC-26MAR21-50000-C", "index_price": 56466.29, "direction": "sell", "amount": 0.1}, {"trade_seq": 1182, "trade_id": "136223844", "timestamp": 1615836483012, "tick_direction": 1, "price": 0.139, "mark_price": 0.1382183, "iv": 98.01, "instrument_name": "BTC-26MAR21-50000-C", "index_price": 56466.29, "direction": "sell", "amount": 0.8}, {"trade_seq": 1181, "trade_id": "136223830", "timestamp": 1615836482866, "tick_direction": 1, "price": 0.139, "mark_price": 0.1382183, "iv": 98.01, "instrument_name": "BTC-26MAR21-50000-C", "index_price": 56466.29, "direction": "sell", "amount": 0.1}, {"trade_seq": 1180, "trade_id": "136223829", "timestamp": 1615836482786, "tick_direction": 1, "price": 0.139, "mark_price": 0.1382183, "iv": 98.01, "instrument_name": "BTC-26MAR21-50000-C", "index_price": 56466.29, "direction": "sell", "amount": 0.1}, {"trade_seq": 1179, "trade_id": "136223825", "timestamp": 1615836482607, "tick_direction": 1, "price": 0.139, "mark_price": 0.1382183, "iv": 98.01, "instrument_name": "BTC-26MAR21-50000-C", "index_price": 56466.29, "direction": "sell", "amount": 0.4}, {"trade_seq": 1178, "trade_id": "136223824", "timestamp": 1615836482445, "tick_direction": 1, "price": 0.139, "mark_price": 0.1382183, "iv": 98.01, "instrument_name": "BTC-26MAR21-50000-C", "index_price": 56466.29, "direction": "sell", "amount": 0.1}, {"trade_seq": 1177, "trade_id": "136223822", "timestamp": 1615836482250, "tick_direction": 1, "price": 0.139, "mark_price": 0.1382183, "iv": 98.01, "instrument_name": "BTC-26MAR21-50000-C", "index_price": 56466.29, "direction": "sell", "amount": 0.2}, {"trade_seq": 1176, "trade_id": "136223821", "timestamp": 1615836482146, "tick_direction": 1, "price": 0.139, "mark_price": 0.1382183, "iv": 98.01, "instrument_name": "BTC-26MAR21-50000-C", "index_price": 56466.29, "direction": "sell", "amount": 0.2}, {"trade_seq": 1175, "trade_id": "136223768", "timestamp": 1615836426166, "tick_direction": 1, "price": 0.139, "mark_price": 0.13810512, "iv": 97.99, "instrument_name": "BTC-26MAR21-50000-C", "index_price": 56460.91, "direction": "sell", "amount": 0.1}, {"trade_seq": 1174, "trade_id": "136223767", "timestamp": 1615836424648, "tick_direction": 1, "price": 0.139, "mark_price": 0.13813404, "iv": 97.92, "instrument_name": "BTC-26MAR21-50000-C", "index_price": 56462.91, "direction": "sell", "amount": 0.1}, {"trade_seq": 1173, "trade_id": "136223766", "timestamp": 1615836424565, "tick_direction": 1, "price": 0.139, "mark_price": 0.13813404, "iv": 97.92, "instrument_name": "BTC-26MAR21-50000-C", "index_price": 56462.91, "direction": "sell", "amount": 0.1}, {"trade_seq": 1172, "trade_id": "136223761", "timestamp": 1615836419677, "tick_direction": 1, "price": 0.139, "mark_price": 0.13809681, "iv": 97.96, "instrument_name": "BTC-26MAR21-50000-C", "index_price": 56462.43, "direction": "sell", "amount": 0.1}, {"trade_seq": 1171, "trade_id": "136223760", "timestamp": 1615836419235, "tick_direction": 1, "price": 0.139, "mark_price": 0.13809681, "iv": 97.96, "instrument_name": "BTC-26MAR21-50000-C", "index_price": 56463.58, "direction": "sell", "amount": 0.2}, {"trade_seq": 1170, "trade_id": "136223759", "timestamp": 1615836419163, "tick_direction": 1, "price": 0.139, "mark_price": 0.13809681, "iv": 97.96, "instrument_name": "BTC-26MAR21-50000-C", "index_price": 56463.58, "direction": "sell", "amount": 0.1}, {"trade_seq": 1169, "trade_id": "136223758", "timestamp": 1615836419021, "tick_direction": 1, "price": 0.139, "mark_price": 0.13809681, "iv": 97.96, "instrument_name": "BTC-26MAR21-50000-C", "index_price": 56463.58, "direction": "sell", "amount": 0.1}, {"trade_seq": 1168, "trade_id": "136223757", "timestamp": 1615836418907, "tick_direction": 1, "price": 0.139, "mark_price": 0.13807594, "iv": 97.96, "instrument_name": "BTC-26MAR21-50000-C", "index_price": 56463.58, "direction": "sell", "amount": 0.5}, {"trade_seq": 1167, "trade_id": "136223750", "timestamp": 1615836414038, "tick_direction": 1, "price": 0.139, "mark_price": 0.13802712, "iv": 98.08, "instrument_name": "BTC-26MAR21-50000-C", "index_price": 56464.35, "direction": "sell", "amount": 0.2}, {"trade_seq": 1166, "trade_id": "136223749", "timestamp": 1615836413987, "tick_direction": 1, "price": 0.139, "mark_price": 0.13804956, "iv": 98.08, "instrument_name": "BTC-26MAR21-50000-C", "index_price": 56464.35, "direction": "sell", "amount": 0.2}, {"trade_seq": 1165, "trade_id": "136223748", "timestamp": 1615836413935, "tick_direction": 1, "price": 0.139, "mark_price": 0.13804956, "iv": 98.08, "instrument_name": "BTC-26MAR21-50000-C", "index_price": 56464.35, "direction": "sell", "amount": 0.4}, {"trade_seq": 1164, "trade_id": "136223747", "timestamp": 1615836413853, "tick_direction": 1, "price": 0.139, "mark_price": 0.13804956, "iv": 98.08, "instrument_name": "BTC-26MAR21-50000-C", "index_price": 56464.35, "direction": "sell", "amount": 0.8}, {"trade_seq": 1163, "trade_id": "136223746", "timestamp": 1615836413833, "tick_direction": 1, "price": 0.139, "mark_price": 0.13804956, "iv": 98.08, "instrument_name": "BTC-26MAR21-50000-C", "index_price": 56464.35, "direction": "sell", "amount": 0.3}, {"trade_seq": 1162, "trade_id": "136223745", "timestamp": 1615836413823, "tick_direction": 0, "price": 0.139, "mark_price": 0.13804956, "iv": 98.08, "instrument_name": "BTC-26MAR21-50000-C", "index_price": 56464.35, "direction": "sell", "amount": 1.7}, {"trade_seq": 1161, "trade_id": "136223724", "timestamp": 1615836392425, "tick_direction": 1, "price": 0.1385, "mark_price": 0.13795687, "iv": 97.18, "instrument_name": "BTC-26MAR21-50000-C", "index_price": 56455.83, "direction": "sell", "amount": 0.1}, {"trade_seq": 1160, "trade_id": "136223716", "timestamp": 1615836385191, "tick_direction": 1, "price": 0.1385, "mark_price": 0.1380521, "iv": 96.85, "instrument_name": "BTC-26MAR21-50000-C", "index_price": 56463.69, "direction": "sell", "amount": 0.2}, {"trade_seq": 1159, "trade_id": "136223711", "timestamp": 1615836385005, "tick_direction": 1, "price": 0.1385, "mark_price": 0.1380521, "iv": 96.85, "instrument_name": "BTC-26MAR21-50000-C", "index_price": 56463.69, "direction": "sell", "amount": 0.1}, {"trade_seq": 1158, "trade_id": "136223710", "timestamp": 1615836384960, "tick_direction": 1, "price": 0.1385, "mark_price": 0.1380521, "iv": 96.85, "instrument_name": "BTC-26MAR21-50000-C", "index_price": 56463.69, "direction": "sell", "amount": 0.3}, {"trade_seq": 1157, "trade_id": "136223709", "timestamp": 1615836384941, "tick_direction": 1, "price": 0.1385, "mark_price": 0.1380521, "iv": 96.85, "instrument_name": "BTC-26MAR21-50000-C", "index_price": 56463.69, "direction": "sell", "amount": 0.2}, {"trade_seq": 1156, "trade_id": "136223708", "timestamp": 1615836384893, "tick_direction": 1, "price": 0.1385, "mark_price": 0.13808606, "iv": 96.85, "instrument_name": "BTC-26MAR21-50000-C", "index_price": 56463.69, "direction": "sell", "amount": 0.3}, {"trade_seq": 1155, "trade_id": "136223707", "timestamp": 1615836384812, "tick_direction": 1, "price": 0.1385, "mark_price": 0.13808606, "iv": 96.85, "instrument_name": "BTC-26MAR21-50000-C", "index_price": 56463.69, "direction": "sell", "amount": 0.6}, {"trade_seq": 1154, "trade_id": "136223700", "timestamp": 1615836384512, "tick_direction": 1, "price": 0.1385, "mark_price": 0.13808606, "iv": 96.85, "instrument_name": "BTC-26MAR21-50000-C", "index_price": 56463.69, "direction": "sell", "amount": 0.3}, {"trade_seq": 1153, "trade_id": "136223690", "timestamp": 1615836382625, "tick_direction": 1, "price": 0.1385, "mark_price": 0.13813715, "iv": 96.7, "instrument_name": "BTC-26MAR21-50000-C", "index_price": 56465.97, "direction": "sell", "amount": 0.8}, {"trade_seq": 1152, "trade_id": "136223686", "timestamp": 1615836382257, "tick_direction": 1, "price": 0.1385, "mark_price": 0.13813715, "iv": 96.65, "instrument_name": "BTC-26MAR21-50000-C", "index_price": 56467.92, "direction": "sell", "amount": 0.4}, {"trade_seq": 1151, "trade_id": "136223685", "timestamp": 1615836382208, "tick_direction": 1, "price": 0.1385, "mark_price": 0.13813715, "iv": 96.65, "instrument_name": "BTC-26MAR21-50000-C", "index_price": 56467.92, "direction": "sell", "amount": 0.4}, {"trade_seq": 1150, "trade_id": "136223659", "timestamp": 1615836380687, "tick_direction": 1, "price": 0.1385, "mark_price": 0.13820804, "iv": 96.6, "instrument_name": "BTC-26MAR21-50000-C", "index_price": 56468.32, "direction": "sell", "amount": 0.4}, {"trade_seq": 1149, "trade_id": "136223658", "timestamp": 1615836380632, "tick_direction": 1, "price": 0.1385, "mark_price": 0.13820804, "iv": 96.6, "instrument_name": "BTC-26MAR21-50000-C", "index_price": 56468.32, "direction": "sell", "amount": 0.1}, {"trade_seq": 1148, "trade_id": "136223657", "timestamp": 1615836380631, "tick_direction": 1, "price": 0.1385, "mark_price": 0.13820804, "iv": 96.6, "instrument_name": "BTC-26MAR21-50000-C", "index_price": 56468.32, "direction": "sell", "amount": 0.4}, {"trade_seq": 1147, "trade_id": "136223656", "timestamp": 1615836380628, "tick_direction": 1, "price": 0.1385, "mark_price": 0.13820804, "iv": 96.6, "instrument_name": "BTC-26MAR21-50000-C", "index_price": 56468.32, "direction": "sell", "amount": 1.0}, {"trade_seq": 1146, "trade_id": "136223655", "timestamp": 1615836380622, "tick_direction": 1, "price": 0.1385, "mark_price": 0.13820804, "iv": 96.6, "instrument_name": "BTC-26MAR21-50000-C", "index_price": 56468.32, "direction": "sell", "amount": 2.9}, {"trade_seq": 1145, "trade_id": "136223654", "timestamp": 1615836380616, "tick_direction": 1, "price": 0.1385, "mark_price": 0.13820804, "iv": 96.6, "instrument_name": "BTC-26MAR21-50000-C", "index_price": 56468.32, "direction": "sell", "amount": 1.0}, {"trade_seq": 1144, "trade_id": "136223653", "timestamp": 1615836380612, "tick_direction": 0, "price": 0.1385, "mark_price": 0.13820804, "iv": 96.6, "instrument_name": "BTC-26MAR21-50000-C", "index_price": 56468.32, "direction": "buy", "amount": 1.0}, {"trade_seq": 1143, "trade_id": "136209144", "timestamp": 1615829527801, "tick_direction": 1, "price": 0.13, "mark_price": 0.13009923, "iv": 95.93, "instrument_name": "BTC-26MAR21-50000-C", "index_price": 55735.44, "direction": "sell", "amount": 0.1}, {"trade_seq": 1142, "trade_id": "136209143", "timestamp": 1615829527565, "tick_direction": 1, "price": 0.13, "mark_price": 0.13009923, "iv": 95.93, "instrument_name": "BTC-26MAR21-50000-C", "index_price": 55735.44, "direction": "sell", "amount": 0.1}, {"trade_seq": 1141, "trade_id": "136209142", "timestamp": 1615829527365, "tick_direction": 1, "price": 0.13, "mark_price": 0.13009923, "iv": 95.71, "instrument_name": "BTC-26MAR21-50000-C", "index_price": 55748.88, "direction": "sell", "amount": 0.1}, {"trade_seq": 1140, "trade_id": "136208971", "timestamp": 1615829445436, "tick_direction": 1, "price": 0.13, "mark_price": 0.13049006, "iv": 94.98, "instrument_name": "BTC-26MAR21-50000-C", "index_price": 55750.37, "direction": "sell", "amount": 0.4}, {"trade_seq": 1139, "trade_id": "136208966", "timestamp": 1615829445296, "tick_direction": 0, "price": 0.13, "mark_price": 0.13049006, "iv": 94.98, "instrument_name": "BTC-26MAR21-50000-C", "index_price": 55750.37, "direction": "sell", "amount": 0.3}, {"trade_seq": 1138, "trade_id": "136208419", "timestamp": 1615829326198, "tick_direction": 3, "price": 0.127, "mark_price": 0.12759104, "iv": 94.89, "instrument_name": "BTC-26MAR21-50000-C", "index_price": 55542.69, "direction": "buy", "amount": 18.9}, {"trade_seq": 1137, "trade_id": "136208418", "timestamp": 1615829326198, "tick_direction": 2, "price": 0.127, "mark_price": 0.12759104, "iv": 94.89, "instrument_name": "BTC-26MAR21-50000-C", "index_price": 55542.69, "direction": "buy", "amount": 19.0}, {"trade_seq": 1136, "trade_id": "136208162", "timestamp": 1615829302487, "tick_direction": 3, "price": 0.128, "mark_price": 0.1286412, "iv": 94.88, "instrument_name": "BTC-26MAR21-50000-C", "index_price": 55602.91, "direction": "buy", "amount": 0.1}, {"trade_seq": 1135, "trade_id": "136208130", "timestamp": 1615829297514, "tick_direction": 3, "price": 0.128, "mark_price": 0.12893181, "iv": 94.31, "instrument_name": "BTC-26MAR21-50000-C", "index_price": 55630.14, "direction": "buy", "amount": 1.2}, {"trade_seq": 1134, "trade_id": "136208129", "timestamp": 1615829297424, "tick_direction": 3, "price": 0.128, "mark_price": 0.12893181, "iv": 94.31, "instrument_name": "BTC-26MAR21-50000-C", "index_price": 55630.14, "direction": "buy", "amount": 0.1}, {"trade_seq": 1133, "trade_id": "136208128", "timestamp": 1615829297296, "tick_direction": 3, "price": 0.128, "mark_price": 0.12893181, "iv": 94.31, "instrument_name": "BTC-26MAR21-50000-C", "index_price": 55630.14, "direction": "buy", "amount": 0.6}, {"trade_seq": 1132, "trade_id": "136208126", "timestamp": 1615829297210, "tick_direction": 2, "price": 0.128, "mark_price": 0.12893181, "iv": 94.31, "instrument_name": "BTC-26MAR21-50000-C", "index_price": 55630.14, "direction": "buy", "amount": 0.1}, {"trade_seq": 1131, "trade_id": "136207995", "timestamp": 1615829283104, "tick_direction": 1, "price": 0.129, "mark_price": 0.128712, "iv": 96.76, "instrument_name": "BTC-26MAR21-50000-C", "index_price": 55623.3, "direction": "buy", "amount": 0.1}, {"trade_seq": 1130, "trade_id": "136207569", "timestamp": 1615829258047, "tick_direction": 1, "price": 0.129, "mark_price": 0.13019582, "iv": 93.8, "instrument_name": "BTC-26MAR21-50000-C", "index_price": 55747.09, "direction": "buy", "amount": 5.7}, {"trade_seq": 1129, "trade_id": "136207568", "timestamp": 1615829258046, "tick_direction": 0, "price": 0.129, "mark_price": 0.13019582, "iv": 93.8, "instrument_name": "BTC-26MAR21-50000-C", "index_price": 55747.09, "direction": "buy", "amount": 4.3}, {"trade_seq": 1128, "trade_id": "136102380", "timestamp": 1615810114560, "tick_direction": 3, "price": 0.1285, "mark_price": 0.12844371, "iv": 96.51, "instrument_name": "BTC-26MAR21-50000-C", "index_price": 55515.21, "direction": "buy", "amount": 0.3}, {"trade_seq": 1127, "trade_id": "136102368", "timestamp": 1615810113245, "tick_direction": 3, "price": 0.1285, "mark_price": 0.12834545, "iv": 96.55, "instrument_name": "BTC-26MAR21-50000-C", "index_price": 55527.51, "direction": "buy", "amount": 0.1}, {"trade_seq": 1126, "trade_id": "136102367", "timestamp": 1615810113227, "tick_direction": 3, "price": 0.1285, "mark_price": 0.12834545, "iv": 96.55, "instrument_name": "BTC-26MAR21-50000-C", "index_price": 55527.51, "direction": "buy", "amount": 0.1}, {"trade_seq": 1125, "trade_id": "136102366", "timestamp": 1615810113219, "tick_direction": 3, "price": 0.1285, "mark_price": 0.12834545, "iv": 96.55, "instrument_name": "BTC-26MAR21-50000-C", "index_price": 55527.51, "direction": "buy", "amount": 0.1}, {"trade_seq": 1124, "trade_id": "136102365", "timestamp": 1615810113204, "tick_direction": 2, "price": 0.1285, "mark_price": 0.12834545, "iv": 96.55, "instrument_name": "BTC-26MAR21-50000-C", "index_price": 55527.51, "direction": "buy", "amount": 0.3}, {"trade_seq": 1123, "trade_id": "136102155", "timestamp": 1615810095749, "tick_direction": 2, "price": 0.1295, "mark_price": 0.12959354, "iv": 96.07, "instrument_name": "BTC-26MAR21-50000-C", "index_price": 55615.93, "direction": "buy", "amount": 0.1}, {"trade_seq": 1122, "trade_id": "135895102", "timestamp": 1615772961813, "tick_direction": 3, "price": 0.1885, "mark_price": 0.18950726, "iv": 100.45, "instrument_name": "BTC-26MAR21-50000-C", "index_price": 60024.22, "direction": "buy", "amount": 1.0}, {"trade_seq": 1121, "trade_id": "135895100", "timestamp": 1615772960751, "tick_direction": 3, "price": 0.1885, "mark_price": 0.18950308, "iv": 100.46, "instrument_name": "BTC-26MAR21-50000-C", "index_price": 60022.97, "direction": "buy", "amount": 0.1}, {"trade_seq": 1120, "trade_id": "135895099", "timestamp": 1615772960718, "tick_direction": 3, "price": 0.1885, "mark_price": 0.18939217, "iv": 100.46, "instrument_name": "BTC-26MAR21-50000-C", "index_price": 60022.97, "direction": "buy", "amount": 0.2}, {"trade_seq": 1119, "trade_id": "135895098", "timestamp": 1615772960533, "tick_direction": 3, "price": 0.1885, "mark_price": 0.18939217, "iv": 100.46, "instrument_name": "BTC-26MAR21-50000-C", "index_price": 60022.97, "direction": "buy", "amount": 0.5}, {"trade_seq": 1118, "trade_id": "135895092", "timestamp": 1615772958680, "tick_direction": 3, "price": 0.1885, "mark_price": 0.18938052, "iv": 100.81, "instrument_name": "BTC-26MAR21-50000-C", "index_price": 60014.17, "direction": "buy", "amount": 0.1}, {"trade_seq": 1117, "trade_id": "135895091", "timestamp": 1615772958498, "tick_direction": 2, "price": 0.1885, "mark_price": 0.18938052, "iv": 100.81, "instrument_name": "BTC-26MAR21-50000-C", "index_price": 60014.17, "direction": "buy", "amount": 0.1}, {"trade_seq": 1116, "trade_id": "135894885", "timestamp": 1615772857141, "tick_direction": 3, "price": 0.189, "mark_price": 0.19009117, "iv": 100.15, "instrument_name": "BTC-26MAR21-50000-C", "index_price": 60073.81, "direction": "buy", "amount": 6.1}, {"trade_seq": 1115, "trade_id": "135894884", "timestamp": 1615772855845, "tick_direction": 3, "price": 0.189, "mark_price": 0.19005085, "iv": 100.29, "instrument_name": "BTC-26MAR21-50000-C", "index_price": 60075.1, "direction": "buy", "amount": 0.4}, {"trade_seq": 1114, "trade_id": "135894883", "timestamp": 1615772855820, "tick_direction": 3, "price": 0.189, "mark_price": 0.19005085, "iv": 100.29, "instrument_name": "BTC-26MAR21-50000-C", "index_price": 60075.1, "direction": "buy", "amount": 0.2}, {"trade_seq": 1113, "trade_id": "135894882", "timestamp": 1615772855801, "tick_direction": 3, "price": 0.189, "mark_price": 0.19005085, "iv": 100.29, "instrument_name": "BTC-26MAR21-50000-C", "index_price": 60075.1, "direction": "buy", "amount": 0.5}, {"trade_seq": 1112, "trade_id": "135894875", "timestamp": 1615772850076, "tick_direction": 3, "price": 0.189, "mark_price": 0.19013561, "iv": 100.15, "instrument_name": "BTC-26MAR21-50000-C", "index_price": 60076.44, "direction": "buy", "amount": 0.2}, {"trade_seq": 1111, "trade_id": "135894874", "timestamp": 1615772849661, "tick_direction": 3, "price": 0.189, "mark_price": 0.19013561, "iv": 100.04, "instrument_name": "BTC-26MAR21-50000-C", "index_price": 60076.55, "direction": "buy", "amount": 0.1}, {"trade_seq": 1110, "trade_id": "135894873", "timestamp": 1615772849385, "tick_direction": 2, "price": 0.189, "mark_price": 0.19013482, "iv": 100.04, "instrument_name": "BTC-26MAR21-50000-C", "index_price": 60076.55, "direction": "buy", "amount": 0.5}, {"trade_seq": 1109, "trade_id": "135846851", "timestamp": 1615761802875, "tick_direction": 1, "price": 0.19, "mark_price": 0.19030588, "iv": 99.15, "instrument_name": "BTC-26MAR21-50000-C", "index_price": 60194.74, "direction": "buy", "amount": 0.7}, {"trade_seq": 1108, "trade_id": "135846776", "timestamp": 1615761798662, "tick_direction": 1, "price": 0.19, "mark_price": 0.19019422, "iv": 99.54, "instrument_name": "BTC-26MAR21-50000-C", "index_price": 60188.29, "direction": "buy", "amount": 0.1}, {"trade_seq": 1107, "trade_id": "135846775", "timestamp": 1615761798399, "tick_direction": 1, "price": 0.19, "mark_price": 0.19019422, "iv": 99.54, "instrument_name": "BTC-26MAR21-50000-C", "index_price": 60188.29, "direction": "buy", "amount": 0.1}, {"trade_seq": 1106, "trade_id": "135846774", "timestamp": 1615761798131, "tick_direction": 0, "price": 0.19, "mark_price": 0.19017725, "iv": 99.59, "instrument_name": "BTC-26MAR21-50000-C", "index_price": 60185.04, "direction": "buy", "amount": 0.1}, {"trade_seq": 1105, "trade_id": "135846634", "timestamp": 1615761710317, "tick_direction": 1, "price": 0.1895, "mark_price": 0.18959048, "iv": 99.81, "instrument_name": "BTC-26MAR21-50000-C", "index_price": 60159.17, "direction": "buy", "amount": 0.3}