{"trades": [{"trade_seq": 868, "trade_id": "197216221", "timestamp": 1640918247745, "tick_direction": 1, "price": 0.0225, "mark_price": 0.02292163, "iv": 67.4, "instrument_name": "BTC-31DEC21-46000-C", "index_price": 46953.13, "direction": "buy", "amount": 1.1}, {"trade_seq": 867, "trade_id": "197216214", "timestamp": 1640918246974, "tick_direction": 1, "price": 0.0225, "mark_price": 0.02291744, "iv": 67.4, "instrument_name": "BTC-31DEC21-46000-C", "index_price": 46953.13, "direction": "buy", "amount": 0.7}, {"trade_seq": 866, "trade_id": "197216213", "timestamp": 1640918240525, "tick_direction": 1, "price": 0.0225, "mark_price": 0.02259436, "iv": 74.53, "instrument_name": "BTC-31DEC21-46000-C", "index_price": 46938.14, "direction": "buy", "amount": 0.9}, {"trade_seq": 865, "trade_id": "197216178", "timestamp": 1640918203613, "tick_direction": 1, "price": 0.0225, "mark_price": 0.02295665, "iv": 66.09, "instrument_name": "BTC-31DEC21-46000-C", "index_price": 46952.54, "direction": "buy", "amount": 0.9}, {"trade_seq": 864, "trade_id": "197216175", "timestamp": 1640918193464, "tick_direction": 1, "price": 0.0225, "mark_price": 0.02282815, "iv": 69.21, "instrument_name": "BTC-31DEC21-46000-C", "index_price": 46942.15, "direction": "buy", "amount": 1.4}, {"trade_seq": 863, "trade_id": "197211544", "timestamp": 1640913157763, "tick_direction": 1, "price": 0.0225, "mark_price": 0.02240075, "iv": 75.34, "instrument_name": "BTC-31DEC21-46000-C", "index_price": 46902.71, "direction": "buy", "amount": 1.2}, {"trade_seq": 862, "trade_id": "197211543", "timestamp": 1640913157746, "tick_direction": 0, "price": 0.0225, "mark_price": 0.02240075, "iv": 75.34, "instrument_name": "BTC-31DEC21-46000-C", "index_price": 46902.71, "direction": "buy", "amount": 1.8}, {"trade_seq": 861, "trade_id": "197209856", "timestamp": 1640911384163, "tick_direction": 2, "price": 0.022, "mark_price": 0.02182364, "iv": 75.49, "instrument_name": "BTC-31DEC21-46000-C", "index_price": 46882.41, "direction": "sell", "amount": 0.1}, {"trade_seq": 860, "trade_id": "197204108", "timestamp": 1640906909330, "tick_direction": 0, "price": 0.0255, "mark_price": 0.02561725, "iv": 70.17, "instrument_name": "BTC-31DEC21-46000-C", "index_price": 47078.54, "direction": "buy", "amount": 0.5}, {"trade_seq": 859, "trade_id": "197200097", "timestamp": 1640904243664, "tick_direction": 1, "price": 0.023, "mark_price": 0.02322471, "iv": 73.4, "instrument_name": "BTC-31DEC21-46000-C", "index_price": 46909.32, "direction": "buy", "amount": 2.1}, {"trade_seq": 858, "trade_id": "197200090", "timestamp": 1640904243408, "tick_direction": 1, "price": 0.023, "mark_price": 0.02322471, "iv": 73.4, "instrument_name": "BTC-31DEC21-46000-C", "index_price": 46909.32, "direction": "buy", "amount": 1.5}, {"trade_seq": 857, "trade_id": "197200089", "timestamp": 1640904243375, "tick_direction": 0, "price": 0.023, "mark_price": 0.02318808, "iv": 73.4, "instrument_name": "BTC-31DEC21-46000-C", "index_price": 46909.32, "direction": "buy", "amount": 1.4}, {"trade_seq": 856, "trade_id": "197199942", "timestamp": 1640904212565, "tick_direction": 3, "price": 0.0205, "mark_price": 0.02179789, "iv": 61.14, "instrument_name": "BTC-31DEC21-46000-C", "index_price": 46825.34, "direction": "buy", "amount": 1.9}, {"trade_seq": 855, "trade_id": "197199941", "timestamp": 1640904212561, "tick_direction": 3, "price": 0.0205, "mark_price": 0.02179789, "iv": 61.14, "instrument_name": "BTC-31DEC21-46000-C", "index_price": 46825.34, "direction": "sell", "amount": 3.0}, {"trade_seq": 854, "trade_id": "197199940", "timestamp": 1640904212561, "tick_direction": 2, "price": 0.0205, "mark_price": 0.02179789, "iv": 61.14, "instrument_name": "BTC-31DEC21-46000-C", "index_price": 46825.34, "direction": "sell", "amount": 0.1}, {"trade_seq": 853, "trade_id": "197199740", "timestamp": 1640904123959, "tick_direction": 3, "price": 0.0215, "mark_price": 0.02267405, "iv": 62.08, "instrument_name": "BTC-31DEC21-46000-C", "index_price": 46867.12, "direction": "buy", "amount": 6.9}, {"trade_seq": 852, "trade_id": "197199739", "timestamp": 1640904123953, "tick_direction": 3, "price": 0.0215, "mark_price": 0.02267405, "iv": 62.08, "instrument_name": "BTC-31DEC21-46000-C", "index_price": 46867.12, "direction": "sell", "amount": 0.1}, {"trade_seq": 851, "trade_id": "197199738", "timestamp": 1640904123953, "tick_direction": 2, "price": 0.0215, "mark_price": 0.02267405, "iv": 62.08, "instrument_name": "BTC-31DEC21-46000-C", "index_price": 46867.12, "direction": "sell", "amount": 3.0}, {"trade_seq": 850, "trade_id": "197191787", "timestamp": 1640899071116, "tick_direction": 2, "price": 0.0305, "mark_price": 0.03014889, "iv": 82.43, "instrument_name": "BTC-31DEC21-46000-C", "index_price": 47270.88, "direction": "buy", "amount": 0.5}, {"trade_seq": 849, "trade_id": "197184338", "timestamp": 1640896916728, "tick_direction": 3, "price": 0.033, "mark_price": 0.03316444, "iv": 74.96, "instrument_name": "BTC-31DEC21-46000-C", "index_price": 47431.22, "direction": "sell", "amount": 1.0}, {"trade_seq": 848, "trade_id": "197184337", "timestamp": 1640896916722, "tick_direction": 3, "price": 0.033, "mark_price": 0.03316444, "iv": 74.96, "instrument_name": "BTC-31DEC21-46000-C", "index_price": 47431.22, "direction": "sell", "amount": 1.3}, {"trade_seq": 847, "trade_id": "197184313", "timestamp": 1640896887987, "tick_direction": 3, "price": 0.033, "mark_price": 0.03316081, "iv": 74.66, "instrument_name": "BTC-31DEC21-46000-C", "index_price": 47437.61, "direction": "sell", "amount": 1.4}, {"trade_seq": 846, "trade_id": "197184277", "timestamp": 1640896877155, "tick_direction": 3, "price": 0.033, "mark_price": 0.03348732, "iv": 69.66, "instrument_name": "BTC-31DEC21-46000-C", "index_price": 47456.23, "direction": "sell", "amount": 0.1}, {"trade_seq": 845, "trade_id": "197184276", "timestamp": 1640896877152, "tick_direction": 2, "price": 0.033, "mark_price": 0.03348732, "iv": 69.66, "instrument_name": "BTC-31DEC21-46000-C", "index_price": 47456.23, "direction": "sell", "amount": 1.2}, {"trade_seq": 844, "trade_id": "197183940", "timestamp": 1640896614182, "tick_direction": 2, "price": 0.034, "mark_price": 0.03488748, "iv": 62.24, "instrument_name": "BTC-31DEC21-46000-C", "index_price": 47530.92, "direction": "buy", "amount": 0.4}, {"trade_seq": 843, "trade_id": "197183661", "timestamp": 1640896365659, "tick_direction": 0, "price": 0.035, "mark_price": 0.03688908, "iv": 0.0, "instrument_name": "BTC-31DEC21-46000-C", "index_price": 47641.89, "direction": "buy", "amount": 0.2}, {"trade_seq": 842, "trade_id": "197171634", "timestamp": 1640887770490, "tick_direction": 0, "price": 0.034, "mark_price": 0.03468686, "iv": 65.95, "instrument_name": "BTC-31DEC21-46000-C", "index_price": 47516.47, "direction": "sell", "amount": 0.9}, {"trade_seq": 841, "trade_id": "197148600", "timestamp": 1640874759936, "tick_direction": 2, "price": 0.031, "mark_price": 0.03095468, "iv": 65.44, "instrument_name": "BTC-31DEC21-46000-C", "index_price": 47291.52, "direction": "buy", "amount": 0.2}, {"trade_seq": 840, "trade_id": "197140354", "timestamp": 1640870542084, "tick_direction": 0, "price": 0.0345, "mark_price": 0.03431333, "iv": 68.09, "instrument_name": "BTC-31DEC21-46000-C", "index_price": 47493.63, "direction": "sell", "amount": 1.0}, {"trade_seq": 839, "trade_id": "197110204", "timestamp": 1640858622760, "tick_direction": 3, "price": 0.0245, "mark_price": 0.0247437, "iv": 64.96, "instrument_name": "BTC-31DEC21-46000-C", "index_price": 46842.92, "direction": "buy", "amount": 1.1}, {"trade_seq": 838, "trade_id": "197110201", "timestamp": 1640858620112, "tick_direction": 3, "price": 0.0245, "mark_price": 0.02464308, "iv": 65.7, "instrument_name": "BTC-31DEC21-46000-C", "index_price": 46835.78, "direction": "buy", "amount": 2.0}, {"trade_seq": 837, "trade_id": "197110185", "timestamp": 1640858603318, "tick_direction": 2, "price": 0.0245, "mark_price": 0.02446454, "iv": 66.92, "instrument_name": "BTC-31DEC21-46000-C", "index_price": 46830.56, "direction": "buy", "amount": 1.9}, {"trade_seq": 836, "trade_id": "197097543", "timestamp": 1640851583372, "tick_direction": 2, "price": 0.03, "mark_price": 0.02997242, "iv": 73.84, "instrument_name": "BTC-31DEC21-46000-C", "index_price": 47119.11, "direction": "buy", "amount": 0.1}, {"trade_seq": 835, "trade_id": "197097146", "timestamp": 1640851396544, "tick_direction": 0, "price": 0.031, "mark_price": 0.03090167, "iv": 74.17, "instrument_name": "BTC-31DEC21-46000-C", "index_price": 47144.87, "direction": "buy", "amount": 0.1}, {"trade_seq": 834, "trade_id": "197093905", "timestamp": 1640849127443, "tick_direction": 3, "price": 0.0285, "mark_price": 0.02902639, "iv": 70.38, "instrument_name": "BTC-31DEC21-46000-C", "index_price": 47029.2, "direction": "buy", "amount": 0.4}, {"trade_seq": 833, "trade_id": "197093904", "timestamp": 1640849127441, "tick_direction": 3, "price": 0.0285, "mark_price": 0.02902639, "iv": 70.38, "instrument_name": "BTC-31DEC21-46000-C", "index_price": 47029.2, "direction": "buy", "amount": 2.3}, {"trade_seq": 832, "trade_id": "197093903", "timestamp": 1640849127439, "tick_direction": 3, "price": 0.0285, "mark_price": 0.02902639, "iv": 70.38, "instrument_name": "BTC-31DEC21-46000-C", "index_price": 47029.2, "direction": "buy", "amount": 1.6}, {"trade_seq": 831, "trade_id": "197093902", "timestamp": 1640849126629, "tick_direction": 3, "price": 0.0285, "mark_price": 0.02902452, "iv": 70.88, "instrument_name": "BTC-31DEC21-46000-C", "index_price": 47026.99, "direction": "buy", "amount": 1.7}, {"trade_seq": 830, "trade_id": "197093898", "timestamp": 1640849125363, "tick_direction": 3, "price": 0.0285, "mark_price": 0.02889867, "iv": 70.9, "instrument_name": "BTC-31DEC21-46000-C", "index_price": 47023.54, "direction": "buy", "amount": 1.5}, {"trade_seq": 829, "trade_id": "197093896", "timestamp": 1640849125187, "tick_direction": 3, "price": 0.0285, "mark_price": 0.02880545, "iv": 71.63, "instrument_name": "BTC-31DEC21-46000-C", "index_price": 47014.97, "direction": "buy", "amount": 1.5}, {"trade_seq": 828, "trade_id": "197093886", "timestamp": 1640849123042, "tick_direction": 2, "price": 0.0285, "mark_price": 0.02885738, "iv": 72.17, "instrument_name": "BTC-31DEC21-46000-C", "index_price": 47008.74, "direction": "buy", "amount": 2.0}, {"trade_seq": 827, "trade_id": "197091512", "timestamp": 1640847856597, "tick_direction": 0, "price": 0.0295, "mark_price": 0.02893276, "iv": 75.18, "instrument_name": "BTC-31DEC21-46000-C", "index_price": 47029.34, "direction": "buy", "amount": 1.1}, {"trade_seq": 826, "trade_id": "197090986", "timestamp": 1640847675192, "tick_direction": 3, "price": 0.027, "mark_price": 0.02682993, "iv": 75.06, "instrument_name": "BTC-31DEC21-46000-C", "index_price": 46867.08, "direction": "sell", "amount": 5.2}, {"trade_seq": 825, "trade_id": "197090978", "timestamp": 1640847674628, "tick_direction": 3, "price": 0.027, "mark_price": 0.02682993, "iv": 75.06, "instrument_name": "BTC-31DEC21-46000-C", "index_price": 46877.48, "direction": "sell", "amount": 1.7}, {"trade_seq": 824, "trade_id": "197090977", "timestamp": 1640847674447, "tick_direction": 3, "price": 0.027, "mark_price": 0.02685009, "iv": 75.06, "instrument_name": "BTC-31DEC21-46000-C", "index_price": 46877.48, "direction": "sell", "amount": 1.3}, {"trade_seq": 823, "trade_id": "197090973", "timestamp": 1640847674002, "tick_direction": 3, "price": 0.027, "mark_price": 0.02685009, "iv": 75.01, "instrument_name": "BTC-31DEC21-46000-C", "index_price": 46877.48, "direction": "sell", "amount": 0.1}, {"trade_seq": 822, "trade_id": "197090970", "timestamp": 1640847673938, "tick_direction": 3, "price": 0.027, "mark_price": 0.02685009, "iv": 75.01, "instrument_name": "BTC-31DEC21-46000-C", "index_price": 46877.48, "direction": "sell", "amount": 0.1}, {"trade_seq": 821, "trade_id": "197090969", "timestamp": 1640847673900, "tick_direction": 3, "price": 0.027, "mark_price": 0.02685009, "iv": 74.94, "instrument_name": "BTC-31DEC21-46000-C", "index_price": 46877.83, "direction": "sell", "amount": 0.9}, {"trade_seq": 820, "trade_id": "197090884", "timestamp": 1640847635033, "tick_direction": 3, "price": 0.027, "mark_price": 0.02689262, "iv": 74.8, "instrument_name": "BTC-31DEC21-46000-C", "index_price": 46875.7, "direction": "sell", "amount": 2.5}, {"trade_seq": 819, "trade_id": "197090880", "timestamp": 1640847633416, "tick_direction": 3, "price": 0.027, "mark_price": 0.02702689, "iv": 73.8, "instrument_name": "BTC-31DEC21-46000-C", "index_price": 46889.41, "direction": "sell", "amount": 1.8}, {"trade_seq": 818, "trade_id": "197090876", "timestamp": 1640847633120, "tick_direction": 3, "price": 0.027, "mark_price": 0.02702689, "iv": 73.8, "instrument_name": "BTC-31DEC21-46000-C", "index_price": 46889.41, "direction": "sell", "amount": 0.7}, {"trade_seq": 817, "trade_id": "197090865", "timestamp": 1640847633038, "tick_direction": 3, "price": 0.027, "mark_price": 0.02702689, "iv": 73.8, "instrument_name": "BTC-31DEC21-46000-C", "index_price": 46889.41, "direction": "sell", "amount": 0.1}, {"trade_seq": 816, "trade_id": "197090860", "timestamp": 1640847632997, "tick_direction": 3, "price": 0.027, "mark_price": 0.02702689, "iv": 73.8, "instrument_name": "BTC-31DEC21-46000-C", "index_price": 46889.41, "direction": "sell", "amount": 0.6}, {"trade_seq": 815, "trade_id": "197090859", "timestamp": 1640847632997, "tick_direction": 2, "price": 0.027, "mark_price": 0.02702689, "iv": 73.8, "instrument_name": "BTC-31DEC21-46000-C", "index_price": 46889.41, "direction": "sell", "amount": 0.1}, {"trade_seq": 814, "trade_id": "197089732", "timestamp": 1640846693381, "tick_direction": 1, "price": 0.0285, "mark_price": 0.02783318, "iv": 77.24, "instrument_name": "BTC-31DEC21-46000-C", "index_price": 46939.16, "direction": "sell", "amount": 0.1}, {"trade_seq": 813, "trade_id": "197089731", "timestamp": 1640846693376, "tick_direction": 1, "price": 0.0285, "mark_price": 0.02783318, "iv": 77.24, "instrument_name": "BTC-31DEC21-46000-C", "index_price": 46939.16, "direction": "buy", "amount": 3.0}, {"trade_seq": 812, "trade_id": "197089730", "timestamp": 1640846693376, "tick_direction": 0, "price": 0.0285, "mark_price": 0.02783318, "iv": 77.24, "instrument_name": "BTC-31DEC21-46000-C", "index_price": 46939.16, "direction": "buy", "amount": 1.9}, {"trade_seq": 811, "trade_id": "197089286", "timestamp": 1640846287028, "tick_direction": 0, "price": 0.026, "mark_price": 0.02612004, "iv": 72.21, "instrument_name": "BTC-31DEC21-46000-C", "index_price": 46817.8, "direction": "buy", "amount": 0.2}, {"trade_seq": 810, "trade_id": "197089112", "timestamp": 1640846151701, "tick_direction": 1, "price": 0.0255, "mark_price": 0.02610571, "iv": 70.59, "instrument_name": "BTC-31DEC21-46000-C", "index_price": 46802.81, "direction": "buy", "amount": 0.2}, {"trade_seq": 809, "trade_id": "197089094", "timestamp": 1640846134488, "tick_direction": 0, "price": 0.0255, "mark_price": 0.02609839, "iv": 70.61, "instrument_name": "BTC-31DEC21-46000-C", "index_price": 46804.12, "direction": "buy", "amount": 0.2}, {"trade_seq": 808, "trade_id": "197089058", "timestamp": 1640846106273, "tick_direction": 2, "price": 0.025, "mark_price": 0.02589535, "iv": 69.05, "instrument_name": "BTC-31DEC21-46000-C", "index_price": 46796.5, "direction": "sell", "amount": 0.2}, {"trade_seq": 807, "trade_id": "197089055", "timestamp": 1640846104695, "tick_direction": 0, "price": 0.0255, "mark_price": 0.02580364, "iv": 72.14, "instrument_name": "BTC-31DEC21-46000-C", "index_price": 46790.55, "direction": "buy", "amount": 0.2}, {"trade_seq": 806, "trade_id": "197079113", "timestamp": 1640837552442, "tick_direction": 0, "price": 0.0245, "mark_price": 0.02490654, "iv": 71.42, "instrument_name": "BTC-31DEC21-46000-C", "index_price": 46699.54, "direction": "sell", "amount": 0.1}, {"trade_seq": 805, "trade_id": "197078874", "timestamp": 1640837103677, "tick_direction": 3, "price": 0.023, "mark_price": 0.02345475, "iv": 70.65, "instrument_name": "BTC-31DEC21-46000-C", "index_price": 46581.37, "direction": "sell", "amount": 0.1}, {"trade_seq": 804, "trade_id": "197078860", "timestamp": 1640837080759, "tick_direction": 2, "price": 0.023, "mark_price": 0.0230793, "iv": 72.39, "instrument_name": "BTC-31DEC21-46000-C", "index_price": 46555.28, "direction": "buy", "amount": 0.1}, {"trade_seq": 803, "trade_id": "197078382", "timestamp": 1640836379138, "tick_direction": 0, "price": 0.024, "mark_price": 0.02339076, "iv": 76.33, "instrument_name": "BTC-31DEC21-46000-C", "index_price": 46565.51, "direction": "sell", "amount": 0.1}, {"trade_seq": 802, "trade_id": "197072486", "timestamp": 1640830703982, "tick_direction": 2, "price": 0.0215, "mark_price": 0.0213887, "iv": 75.44, "instrument_name": "BTC-31DEC21-46000-C", "index_price": 46338.33, "direction": "buy", "amount": 2.0}, {"trade_seq": 801, "trade_id": "197066206", "timestamp": 1640825504080, "tick_direction": 0, "price": 0.0255, "mark_price": 0.02656163, "iv": 70.67, "instrument_name": "BTC-31DEC21-46000-C", "index_price": 46709.61, "direction": "sell", "amount": 1.0}, {"trade_seq": 800, "trade_id": "197059944", "timestamp": 1640823860379, "tick_direction": 0, "price": 0.0225, "mark_price": 0.02222703, "iv": 76.0, "instrument_name": "BTC-31DEC21-46000-C", "index_price": 46362.0, "direction": "buy", "amount": 7.8}, {"trade_seq": 799, "trade_id": "197058339", "timestamp": 1640823676465, "tick_direction": 2, "price": 0.018, "mark_price": 0.01858477, "iv": 74.26, "instrument_name": "BTC-31DEC21-46000-C", "index_price": 46020.74, "direction": "sell", "amount": 0.8}, {"trade_seq": 798, "trade_id": "197053452", "timestamp": 1640823279679, "tick_direction": 0, "price": 0.021, "mark_price": 0.0209294, "iv": 76.34, "instrument_name": "BTC-31DEC21-46000-C", "index_price": 46250.59, "direction": "buy", "amount": 4.4}, {"trade_seq": 797, "trade_id": "197052946", "timestamp": 1640823156450, "tick_direction": 3, "price": 0.02, "mark_price": 0.01993546, "iv": 76.32, "instrument_name": "BTC-31DEC21-46000-C", "index_price": 46163.91, "direction": "buy", "amount": 0.1}, {"trade_seq": 796, "trade_id": "197052145", "timestamp": 1640823131137, "tick_direction": 2, "price": 0.02, "mark_price": 0.02014347, "iv": 75.65, "instrument_name": "BTC-31DEC21-46000-C", "index_price": 46176.69, "direction": "buy", "amount": 0.2}, {"trade_seq": 795, "trade_id": "197048597", "timestamp": 1640821835856, "tick_direction": 0, "price": 0.0235, "mark_price": 0.02349974, "iv": 75.31, "instrument_name": "BTC-31DEC21-46000-C", "index_price": 46460.49, "direction": "buy", "amount": 1.0}, {"trade_seq": 794, "trade_id": "197046114", "timestamp": 1640821383718, "tick_direction": 3, "price": 0.021, "mark_price": 0.02163095, "iv": 73.06, "instrument_name": "BTC-31DEC21-46000-C", "index_price": 46299.91, "direction": "buy", "amount": 1.5}, {"trade_seq": 793, "trade_id": "197046113", "timestamp": 1640821383715, "tick_direction": 3, "price": 0.021, "mark_price": 0.02163095, "iv": 73.06, "instrument_name": "BTC-31DEC21-46000-C", "index_price": 46299.91, "direction": "sell", "amount": 0.1}, {"trade_seq": 792, "trade_id": "197046112", "timestamp": 1640821383715, "tick_direction": 3, "price": 0.021, "mark_price": 0.02163095, "iv": 73.06, "instrument_name": "BTC-31DEC21-46000-C", "index_price": 46299.91, "direction": "sell", "amount": 1.0}, {"trade_seq": 791, "trade_id": "197045124", "timestamp": 1640821183587, "tick_direction": 3, "price": 0.021, "mark_price": 0.0223737, "iv": 69.84, "instrument_name": "BTC-31DEC21-46000-C", "index_price": 46350.44, "direction": "buy", "amount": 0.4}, {"trade_seq": 790, "trade_id": "197045123", "timestamp": 1640821183585, "tick_direction": 3, "price": 0.021, "mark_price": 0.0223737, "iv": 69.84, "instrument_name": "BTC-31DEC21-46000-C", "index_price": 46350.44, "direction": "sell", "amount": 8.0}, {"trade_seq": 789, "trade_id": "197045122", "timestamp": 1640821183585, "tick_direction": 3, "price": 0.021, "mark_price": 0.0223737, "iv": 69.84, "instrument_name": "BTC-31DEC21-46000-C", "index_price": 46350.44, "direction": "sell", "amount": 0.1}, {"trade_seq": 788, "trade_id": "197045121", "timestamp": 1640821183585, "tick_direction": 2, "price": 0.021, "mark_price": 0.0223737, "iv": 69.84, "instrument_name": "BTC-31DEC21-46000-C", "index_price": 46350.44, "direction": "sell", "amount": 1.5}, {"trade_seq": 787, "trade_id": "197028553", "timestamp": 1640816863636, "tick_direction": 2, "price": 0.0355, "mark_price": 0.0360167, "iv": 72.04, "instrument_name": "BTC-31DEC21-46000-C", "index_price": 47340.59, "direction": "buy", "amount": 0.2}, {"trade_seq": 786, "trade_id": "196995761", "timestamp": 1640793977187, "tick_direction": 0, "price": 0.0485, "mark_price": 0.04777566, "iv": 78.71, "instrument_name": "BTC-31DEC21-46000-C", "index_price": 48009.39, "direction": "sell", "amount": 1.0}, {"trade_seq": 785, "trade_id": "196989723", "timestamp": 1640790856028, "tick_direction": 1, "price": 0.0455, "mark_price": 0.04561362, "iv": 74.69, "instrument_name": "BTC-31DEC21-46000-C", "index_price": 47847.38, "direction": "sell", "amount": 3.0}, {"trade_seq": 784, "trade_id": "196989722", "timestamp": 1640790856003, "tick_direction": 1, "price": 0.0455, "mark_price": 0.04561362, "iv": 74.69, "instrument_name": "BTC-31DEC21-46000-C", "index_price": 47847.38, "direction": "sell", "amount": 2.1}, {"trade_seq": 783, "trade_id": "196989696", "timestamp": 1640790846072, "tick_direction": 1, "price": 0.0455, "mark_price": 0.04567248, "iv": 74.19, "instrument_name": "BTC-31DEC21-46000-C", "index_price": 47856.04, "direction": "sell", "amount": 0.6}, {"trade_seq": 782, "trade_id": "196989148", "timestamp": 1640790759444, "tick_direction": 1, "price": 0.0455, "mark_price": 0.04524119, "iv": 76.78, "instrument_name": "BTC-31DEC21-46000-C", "index_price": 47839.86, "direction": "sell", "amount": 1.2}, {"trade_seq": 781, "trade_id": "196989082", "timestamp": 1640790757595, "tick_direction": 1, "price": 0.0455, "mark_price": 0.04527751, "iv": 76.59, "instrument_name": "BTC-31DEC21-46000-C", "index_price": 47840.38, "direction": "sell", "amount": 2.0}, {"trade_seq": 780, "trade_id": "196989078", "timestamp": 1640790757190, "tick_direction": 1, "price": 0.0455, "mark_price": 0.04545797, "iv": 76.59, "instrument_name": "BTC-31DEC21-46000-C", "index_price": 47840.38, "direction": "sell", "amount": 2.4}, {"trade_seq": 779, "trade_id": "196989068", "timestamp": 1640790756512, "tick_direction": 1, "price": 0.0455, "mark_price": 0.04545797, "iv": 75.67, "instrument_name": "BTC-31DEC21-46000-C", "index_price": 47851.47, "direction": "sell", "amount": 1.8}, {"trade_seq": 778, "trade_id": "196989043", "timestamp": 1640790755494, "tick_direction": 0, "price": 0.0455, "mark_price": 0.04558325, "iv": 75.05, "instrument_name": "BTC-31DEC21-46000-C", "index_price": 47858.73, "direction": "sell", "amount": 1.9}, {"trade_seq": 777, "trade_id": "196958184", "timestamp": 1640782516503, "tick_direction": 3, "price": 0.0305, "mark_price": 0.03141396, "iv": 70.83, "instrument_name": "BTC-31DEC21-46000-C", "index_price": 46878.34, "direction": "sell", "amount": 1.5}, {"trade_seq": 776, "trade_id": "196958183", "timestamp": 1640782516503, "tick_direction": 2, "price": 0.0305, "mark_price": 0.03141396, "iv": 70.83, "instrument_name": "BTC-31DEC21-46000-C", "index_price": 46878.34, "direction": "sell", "amount": 8.5}, {"trade_seq": 775, "trade_id": "196950780", "timestamp": 1640780694620, "tick_direction": 0, "price": 0.031, "mark_price": 0.03163351, "iv": 69.45, "instrument_name": "BTC-31DEC21-46000-C", "index_price": 46920.2, "direction": "buy", "amount": 0.1}, {"trade_seq": 774, "trade_id": "196950355", "timestamp": 1640780577150, "tick_direction": 3, "price": 0.0295, "mark_price": 0.03046983, "iv": 67.91, "instrument_name": "BTC-31DEC21-46000-C", "index_price": 46861.59, "direction": "buy", "amount": 1.5}, {"trade_seq": 773, "trade_id": "196950354", "timestamp": 1640780577147, "tick_direction": 2, "price": 0.0295, "mark_price": 0.03046983, "iv": 67.91, "instrument_name": "BTC-31DEC21-46000-C", "index_price": 46861.59, "direction": "sell", "amount": 8.5}, {"trade_seq": 772, "trade_id": "196947823", "timestamp": 1640780120737, "tick_direction": 1, "price": 0.0335, "mark_price": 0.03356182, "iv": 71.22, "instrument_name": "BTC-31DEC21-46000-C", "index_price": 47063.95, "direction": "buy", "amount": 0.6}, {"trade_seq": 771, "trade_id": "196947822", "timestamp": 1640780120706, "tick_direction": 1, "price": 0.0335, "mark_price": 0.03356182, "iv": 71.22, "instrument_name": "BTC-31DEC21-46000-C", "index_price": 47063.95, "direction": "buy", "amount": 0.5}, {"trade_seq": 770, "trade_id": "196947821", "timestamp": 1640780120697, "tick_direction": 1, "price": 0.0335, "mark_price": 0.03356182, "iv": 71.22, "instrument_name": "BTC-31DEC21-46000-C", "index_price": 47063.95, "direction": "buy", "amount": 1.4}, {"trade_seq": 769, "trade_id": "196947820", "timestamp": 1640780120686, "tick_direction": 1, "price": 0.0335, "mark_price": 0.03356182, "iv": 71.22, "instrument_name": "BTC-31DEC21-46000-C", "index_price": 47063.95, "direction": "buy", "amount": 0.3}, {"trade_seq": 768, "trade_id": "196947819", "timestamp": 1640780120677, "tick_direction": 1, "price": 0.0335, "mark_price": 0.03356182, "iv": 71.22, "instrument_name": "BTC-31DEC21-46000-C", "index_price": 47063.95, "direction": "buy", "amount": 0.7}, {"trade_seq": 767, "trade_id": "196947813", "timestamp": 1640780120641, "tick_direction": 1, "price": 0.0335, "mark_price": 0.03356182, "iv": 71.22, "instrument_name": "BTC-31DEC21-46000-C", "index_price": 47063.95, "direction": "buy", "amount": 0.8}, {"trade_seq": 766, "trade_id": "196947804", "timestamp": 1640780119593, "tick_direction": 0, "price": 0.0335, "mark_price": 0.0335001, "iv": 71.32, "instrument_name": "BTC-31DEC21-46000-C", "index_price": 47062.51, "direction": "buy", "amount": 5.7}, {"trade_seq": 765, "trade_id": "196946230", "timestamp": 1640779961718, "tick_direction": 2, "price": 0.0305, "mark_price": 0.03171659, "iv": 67.97, "instrument_name": "BTC-31DEC21-46000-C", "index_price": 46914.13, "direction": "sell", "amount": 0.1}, {"trade_seq": 764, "trade_id": "196945462", "timestamp": 1640779867166, "tick_direction": 2, "price": 0.035, "mark_price": 0.03540941, "iv": 69.72, "instrument_name": "BTC-31DEC21-46000-C", "index_price": 47194.41, "direction": "sell", "amount": 0.7}, {"trade_seq": 763, "trade_id": "196939546", "timestamp": 1640779291184, "tick_direction": 3, "price": 0.044, "mark_price": 0.04421344, "iv": 70.86, "instrument_name": "BTC-31DEC21-46000-C", "index_price": 47765.99, "direction": "buy", "amount": 3.0}, {"trade_seq": 762, "trade_id": "196939544", "timestamp": 1640779290667, "tick_direction": 2, "price": 0.044, "mark_price": 0.0441323, "iv": 70.86, "instrument_name": "BTC-31DEC21-46000-C", "index_price": 47765.99, "direction": "buy", "amount": 2.0}, {"trade_seq": 761, "trade_id": "196928870", "timestamp": 1640771411607, "tick_direction": 1, "price": 0.047, "mark_price": 0.04714572, "iv": 72.06, "instrument_name": "BTC-31DEC21-46000-C", "index_price": 47916.35, "direction": "buy", "amount": 0.6}, {"trade_seq": 760, "trade_id": "196928854", "timestamp": 1640771411358, "tick_direction": 1, "price": 0.047, "mark_price": 0.04714572, "iv": 72.78, "instrument_name": "BTC-31DEC21-46000-C", "index_price": 47906.26, "direction": "buy", "amount": 2.8}, {"trade_seq": 759, "trade_id": "196928853", "timestamp": 1640771411228, "tick_direction": 1, "price": 0.047, "mark_price": 0.04714572, "iv": 72.78, "instrument_name": "BTC-31DEC21-46000-C", "index_price": 47906.26, "direction": "buy", "amount": 1.8}, {"trade_seq": 758, "trade_id": "196928852", "timestamp": 1640771411153, "tick_direction": 1, "price": 0.047, "mark_price": 0.04714572, "iv": 72.78, "instrument_name": "BTC-31DEC21-46000-C", "index_price": 47906.26, "direction": "buy", "amount": 2.8}, {"trade_seq": 757, "trade_id": "196928779", "timestamp": 1640771410004, "tick_direction": 1, "price": 0.047, "mark_price": 0.04636916, "iv": 76.4, "instrument_name": "BTC-31DEC21-46000-C", "index_price": 47861.21, "direction": "buy", "amount": 0.1}, {"trade_seq": 756, "trade_id": "196928774", "timestamp": 1640771409933, "tick_direction": 1, "price": 0.047, "mark_price": 0.04636916, "iv": 76.4, "instrument_name": "BTC-31DEC21-46000-C", "index_price": 47861.21, "direction": "buy", "amount": 0.1}, {"trade_seq": 755, "trade_id": "196928770", "timestamp": 1640771409863, "tick_direction": 0, "price": 0.047, "mark_price": 0.04636916, "iv": 76.4, "instrument_name": "BTC-31DEC21-46000-C", "index_price": 47861.21, "direction": "buy", "amount": 2.7}, {"trade_seq": 754, "trade_id": "196918199", "timestamp": 1640765650563, "tick_direction": 3, "price": 0.0445, "mark_price": 0.04472036, "iv": 73.33, "instrument_name": "BTC-31DEC21-46000-C", "index_price": 47731.31, "direction": "buy", "amount": 1.0}, {"trade_seq": 753, "trade_id": "196918182", "timestamp": 1640765628035, "tick_direction": 3, "price": 0.0445, "mark_price": 0.04457517, "iv": 74.01, "instrument_name": "BTC-31DEC21-46000-C", "index_price": 47723.0, "direction": "buy", "amount": 1.0}, {"trade_seq": 752, "trade_id": "196918167", "timestamp": 1640765615598, "tick_direction": 3, "price": 0.0445, "mark_price": 0.04472224, "iv": 73.32, "instrument_name": "BTC-31DEC21-46000-C", "index_price": 47729.51, "direction": "buy", "amount": 4.9}, {"trade_seq": 751, "trade_id": "196918151", "timestamp": 1640765610197, "tick_direction": 3, "price": 0.0445, "mark_price": 0.04456147, "iv": 73.54, "instrument_name": "BTC-31DEC21-46000-C", "index_price": 47726.04, "direction": "buy", "amount": 1.5}, {"trade_seq": 750, "trade_id": "196918109", "timestamp": 1640765600517, "tick_direction": 2, "price": 0.0445, "mark_price": 0.04433106, "iv": 74.88, "instrument_name": "BTC-31DEC21-46000-C", "index_price": 47702.09, "direction": "buy", "amount": 0.7}, {"trade_seq": 749, "trade_id": "196903354", "timestamp": 1640754607933, "tick_direction": 0, "price": 0.0465, "mark_price": 0.0463546, "iv": 73.11, "instrument_name": "BTC-31DEC21-46000-C", "index_price": 47840.8, "direction": "buy", "amount": 0.1}, {"trade_seq": 748, "trade_id": "196879472", "timestamp": 1640735529378, "tick_direction": 3, "price": 0.043, "mark_price": 0.0451444, "iv": 66.02, "instrument_name": "BTC-31DEC21-46000-C", "index_price": 47657.87, "direction": "buy", "amount": 0.7}, {"trade_seq": 747, "trade_id": "196879471", "timestamp": 1640735529375, "tick_direction": 3, "price": 0.043, "mark_price": 0.0451444, "iv": 66.02, "instrument_name": "BTC-31DEC21-46000-C", "index_price": 47657.87, "direction": "buy", "amount": 7.0}, {"trade_seq": 746, "trade_id": "196879470", "timestamp": 1640735529370, "tick_direction": 2, "price": 0.043, "mark_price": 0.0451444, "iv": 66.02, "instrument_name": "BTC-31DEC21-46000-C", "index_price": 47657.87, "direction": "sell", "amount": 2.3}, {"trade_seq": 745, "trade_id": "196844407", "timestamp": 1640713350090, "tick_direction": 3, "price": 0.05, "mark_price": 0.04903203, "iv": 77.39, "instrument_name": "BTC-31DEC21-46000-C", "index_price": 47865.35, "direction": "sell", "amount": 2.0}, {"trade_seq": 744, "trade_id": "196844406", "timestamp": 1640713350087, "tick_direction": 3, "price": 0.05, "mark_price": 0.04903203, "iv": 77.39, "instrument_name": "BTC-31DEC21-46000-C", "index_price": 47865.35, "direction": "sell", "amount": 5.8}, {"trade_seq": 743, "trade_id": "196844405", "timestamp": 1640713350081, "tick_direction": 3, "price": 0.05, "mark_price": 0.04903203, "iv": 77.39, "instrument_name": "BTC-31DEC21-46000-C", "index_price": 47865.35, "direction": "buy", "amount": 0.1}, {"trade_seq": 742, "trade_id": "196844404", "timestamp": 1640713350081, "tick_direction": 2, "price": 0.05, "mark_price": 0.04903203, "iv": 77.39, "instrument_name": "BTC-31DEC21-46000-C", "index_price": 47865.35, "direction": "buy", "amount": 2.1}, {"trade_seq": 741, "trade_id": "196723601", "timestamp": 1640666839217, "tick_direction": 2, "price": 0.0695, "mark_price": 0.06955524, "iv": 72.53, "instrument_name": "BTC-31DEC21-46000-C", "index_price": 49129.62, "direction": "buy", "amount": 5.9}, {"trade_seq": 740, "trade_id": "196675181", "timestamp": 1640652416832, "tick_direction": 3, "price": 0.09, "mark_price": 0.090162, "iv": 77.86, "instrument_name": "BTC-31DEC21-46000-C", "index_price": 50328.25, "direction": "buy", "amount": 4.3}, {"trade_seq": 739, "trade_id": "196675166", "timestamp": 1640652415216, "tick_direction": 3, "price": 0.09, "mark_price": 0.09016932, "iv": 78.39, "instrument_name": "BTC-31DEC21-46000-C", "index_price": 50322.08, "direction": "buy", "amount": 0.2}, {"trade_seq": 738, "trade_id": "196675165", "timestamp": 1640652415208, "tick_direction": 2, "price": 0.09, "mark_price": 0.09016932, "iv": 78.39, "instrument_name": "BTC-31DEC21-46000-C", "index_price": 50322.08, "direction": "buy", "amount": 0.5}, {"trade_seq": 737, "trade_id": "196584437", "timestamp": 1640590671400, "tick_direction": 0, "price": 0.099, "mark_price": 0.09982535, "iv": 71.45, "instrument_name": "BTC-31DEC21-46000-C", "index_price": 50832.29, "direction": "buy", "amount": 1.1}, {"trade_seq": 736, "trade_id": "196540763", "timestamp": 1640552645052, "tick_direction": 2, "price": 0.0875, "mark_price": 0.09025974, "iv": 61.88, "instrument_name": "BTC-31DEC21-46000-C", "index_price": 50219.11, "direction": "sell", "amount": 0.1}, {"trade_seq": 735, "trade_id": "196476899", "timestamp": 1640482619155, "tick_direction": 3, "price": 0.098, "mark_price": 0.09807864, "iv": 76.4, "instrument_name": "BTC-31DEC21-46000-C", "index_price": 50566.79, "direction": "buy", "amount": 2.6}, {"trade_seq": 734, "trade_id": "196476876", "timestamp": 1640482618012, "tick_direction": 3, "price": 0.098, "mark_price": 0.09734011, "iv": 77.13, "instrument_name": "BTC-31DEC21-46000-C", "index_price": 50558.05, "direction": "buy", "amount": 0.1}, {"trade_seq": 733, "trade_id": "196476859", "timestamp": 1640482617964, "tick_direction": 3, "price": 0.098, "mark_price": 0.09734011, "iv": 77.13, "instrument_name": "BTC-31DEC21-46000-C", "index_price": 50558.05, "direction": "buy", "amount": 0.9}, {"trade_seq": 732, "trade_id": "196476857", "timestamp": 1640482617938, "tick_direction": 2, "price": 0.098, "mark_price": 0.09734011, "iv": 77.13, "instrument_name": "BTC-31DEC21-46000-C", "index_price": 50558.05, "direction": "buy", "amount": 1.4}, {"trade_seq": 731, "trade_id": "196452360", "timestamp": 1640457288065, "tick_direction": 1, "price": 0.108, "mark_price": 0.10781269, "iv": 76.81, "instrument_name": "BTC-31DEC21-46000-C", "index_price": 51133.15, "direction": "buy", "amount": 1.9}, {"trade_seq": 730, "trade_id": "196452310", "timestamp": 1640457286994, "tick_direction": 1, "price": 0.108, "mark_price": 0.10770617, "iv": 77.24, "instrument_name": "BTC-31DEC21-46000-C", "index_price": 51127.09, "direction": "buy", "amount": 0.4}, {"trade_seq": 729, "trade_id": "196452301", "timestamp": 1640457286980, "tick_direction": 1, "price": 0.108, "mark_price": 0.10770617, "iv": 77.24, "instrument_name": "BTC-31DEC21-46000-C", "index_price": 51127.09, "direction": "buy", "amount": 0.1}, {"trade_seq": 728, "trade_id": "196452299", "timestamp": 1640457286970, "tick_direction": 0, "price": 0.108, "mark_price": 0.10691625, "iv": 77.24, "instrument_name": "BTC-31DEC21-46000-C", "index_price": 51127.09, "direction": "buy", "amount": 1.7}, {"trade_seq": 727, "trade_id": "196439837", "timestamp": 1640452516819, "tick_direction": 2, "price": 0.0995, "mark_price": 0.09957766, "iv": 74.57, "instrument_name": "BTC-31DEC21-46000-C", "index_price": 50650.57, "direction": "buy", "amount": 0.2}, {"trade_seq": 726, "trade_id": "196392477", "timestamp": 1640379736786, "tick_direction": 0, "price": 0.109, "mark_price": 0.10843532, "iv": 78.13, "instrument_name": "BTC-31DEC21-46000-C", "index_price": 51107.62, "direction": "sell", "amount": 0.2}, {"trade_seq": 725, "trade_id": "196392451", "timestamp": 1640379703623, "tick_direction": 2, "price": 0.1085, "mark_price": 0.10796814, "iv": 78.01, "instrument_name": "BTC-31DEC21-46000-C", "index_price": 51077.86, "direction": "sell", "amount": 0.1}, {"trade_seq": 724, "trade_id": "196392360", "timestamp": 1640379653256, "tick_direction": 2, "price": 0.109, "mark_price": 0.10905711, "iv": 75.91, "instrument_name": "BTC-31DEC21-46000-C", "index_price": 51148.31, "direction": "sell", "amount": 0.3}, {"trade_seq": 723, "trade_id": "196284709", "timestamp": 1640309618080, "tick_direction": 1, "price": 0.1145, "mark_price": 0.11212877, "iv": 84.03, "instrument_name": "BTC-31DEC21-46000-C", "index_price": 51220.81, "direction": "sell", "amount": 6.3}, {"trade_seq": 722, "trade_id": "196284708", "timestamp": 1640309618078, "tick_direction": 0, "price": 0.1145, "mark_price": 0.11212877, "iv": 84.03, "instrument_name": "BTC-31DEC21-46000-C", "index_price": 51220.81, "direction": "buy", "amount": 3.7}, {"trade_seq": 721, "trade_id": "196186777", "timestamp": 1640246630455, "tick_direction": 2, "price": 0.0685, "mark_price": 0.06937211, "iv": 69.13, "instrument_name": "BTC-31DEC21-46000-C", "index_price": 48202.66, "direction": "buy", "amount": 0.2}, {"trade_seq": 720, "trade_id": "196139722", "timestamp": 1640189355610, "tick_direction": 0, "price": 0.082, "mark_price": 0.08149773, "iv": 72.74, "instrument_name": "BTC-31DEC21-46000-C", "index_price": 49036.05, "direction": "buy", "amount": 10.0}, {"trade_seq": 719, "trade_id": "196133198", "timestamp": 1640182992787, "tick_direction": 3, "price": 0.0785, "mark_price": 0.07887316, "iv": 71.6, "instrument_name": "BTC-31DEC21-46000-C", "index_price": 48754.56, "direction": "buy", "amount": 0.4}, {"trade_seq": 718, "trade_id": "196133196", "timestamp": 1640182992757, "tick_direction": 3, "price": 0.0785, "mark_price": 0.07887316, "iv": 71.6, "instrument_name": "BTC-31DEC21-46000-C", "index_price": 48754.56, "direction": "buy", "amount": 7.0}, {"trade_seq": 717, "trade_id": "196133185", "timestamp": 1640182988645, "tick_direction": 2, "price": 0.0785, "mark_price": 0.07879185, "iv": 71.81, "instrument_name": "BTC-31DEC21-46000-C", "index_price": 48747.9, "direction": "buy", "amount": 2.6}, {"trade_seq": 716, "trade_id": "196120560", "timestamp": 1640171717436, "tick_direction": 2, "price": 0.086, "mark_price": 0.08572253, "iv": 73.71, "instrument_name": "BTC-31DEC21-46000-C", "index_price": 49222.11, "direction": "buy", "amount": 0.1}, {"trade_seq": 715, "trade_id": "196112130", "timestamp": 1640162470199, "tick_direction": 1, "price": 0.091, "mark_price": 0.09081148, "iv": 75.08, "instrument_name": "BTC-31DEC21-46000-C", "index_price": 49521.05, "direction": "buy", "amount": 3.9}, {"trade_seq": 714, "trade_id": "196112092", "timestamp": 1640162466033, "tick_direction": 0, "price": 0.091, "mark_price": 0.09075602, "iv": 75.17, "instrument_name": "BTC-31DEC21-46000-C", "index_price": 49520.83, "direction": "buy", "amount": 2.2}, {"trade_seq": 713, "trade_id": "196020599", "timestamp": 1640076572110, "tick_direction": 2, "price": 0.084, "mark_price": 0.0842468, "iv": 77.74, "instrument_name": "BTC-31DEC21-46000-C", "index_price": 48657.08, "direction": "sell", "amount": 0.8}, {"trade_seq": 712, "trade_id": "195992505", "timestamp": 1640061753890, "tick_direction": 0, "price": 0.085, "mark_price": 0.08475933, "iv": 79.11, "instrument_name": "BTC-31DEC21-46000-C", "index_price": 48650.93, "direction": "buy", "amount": 1.0}, {"trade_seq": 711, "trade_id": "195961369", "timestamp": 1640050311100, "tick_direction": 0, "price": 0.063, "mark_price": 0.06181089, "iv": 78.95, "instrument_name": "BTC-31DEC21-46000-C", "index_price": 46810.08, "direction": "buy", "amount": 0.3}, {"trade_seq": 710, "trade_id": "195961293", "timestamp": 1640050309987, "tick_direction": 0, "price": 0.0625, "mark_price": 0.06179205, "iv": 78.91, "instrument_name": "BTC-31DEC21-46000-C", "index_price": 46767.58, "direction": "buy", "amount": 1.2}, {"trade_seq": 709, "trade_id": "195951824", "timestamp": 1640041189409, "tick_direction": 3, "price": 0.062, "mark_price": 0.06179949, "iv": 77.59, "instrument_name": "BTC-31DEC21-46000-C", "index_price": 46807.33, "direction": "sell", "amount": 0.2}, {"trade_seq": 708, "trade_id": "195951034", "timestamp": 1640040369905, "tick_direction": 2, "price": 0.062, "mark_price": 0.06184694, "iv": 77.36, "instrument_name": "BTC-31DEC21-46000-C", "index_price": 46819.56, "direction": "sell", "amount": 0.2}, {"trade_seq": 707, "trade_id": "195944245", "timestamp": 1640034921411, "tick_direction": 0, "price": 0.0695, "mark_price": 0.06979313, "iv": 77.48, "instrument_name": "BTC-31DEC21-46000-C", "index_price": 47422.18, "direction": "buy", "amount": 8.8}, {"trade_seq": 706, "trade_id": "195934914", "timestamp": 1640032018634, "tick_direction": 0, "price": 0.0625, "mark_price": 0.06259066, "iv": 77.43, "instrument_name": "BTC-31DEC21-46000-C", "index_price": 46814.13, "direction": "sell", "amount": 0.2}, {"trade_seq": 705, "trade_id": "195932697", "timestamp": 1640031300713, "tick_direction": 0, "price": 0.062, "mark_price": 0.06208895, "iv": 77.37, "instrument_name": "BTC-31DEC21-46000-C", "index_price": 46757.11, "direction": "sell", "amount": 0.2}, {"trade_seq": 704, "trade_id": "195924024", "timestamp": 1640025610053, "tick_direction": 2, "price": 0.0555, "mark_price": 0.05584823, "iv": 77.22, "instrument_name": "BTC-31DEC21-46000-C", "index_price": 46171.11, "direction": "buy", "amount": 0.2}, {"trade_seq": 703, "trade_id": "195921154", "timestamp": 1640023153943, "tick_direction": 2, "price": 0.056, "mark_price": 0.05658157, "iv": 77.28, "instrument_name": "BTC-31DEC21-46000-C", "index_price": 46186.39, "direction": "sell", "amount": 1.8}, {"trade_seq": 702, "trade_id": "195920182", "timestamp": 1640022356581, "tick_direction": 2, "price": 0.057, "mark_price": 0.05728466, "iv": 77.79, "instrument_name": "BTC-31DEC21-46000-C", "index_price": 46284.54, "direction": "buy", "amount": 0.1}, {"trade_seq": 701, "trade_id": "195917424", "timestamp": 1640019681224, "tick_direction": 0, "price": 0.058, "mark_price": 0.05778736, "iv": 78.34, "instrument_name": "BTC-31DEC21-46000-C", "index_price": 46334.27, "direction": "sell", "amount": 0.2}, {"trade_seq": 700, "trade_id": "195905214", "timestamp": 1640012255088, "tick_direction": 0, "price": 0.057, "mark_price": 0.057027, "iv": 77.91, "instrument_name": "BTC-31DEC21-46000-C", "index_price": 46237.41, "direction": "sell", "amount": 0.1}, {"trade_seq": 699, "trade_id": "195896723", "timestamp": 1640010407622, "tick_direction": 2, "price": 0.0507, "mark_price": 0.0512891, "iv": 77.44, "instrument_name": "BTC-31DEC21-46000-C", "index_price": 45683.65, "direction": "sell", "block_trade_id": "27772", "amount": 12.5}, {"trade_seq": 698, "trade_id": "195894756", "timestamp": 1640009780113, "tick_direction": 0, "price": 0.0535, "mark_price": 0.05309296, "iv": 78.79, "instrument_name": "BTC-31DEC21-46000-C", "index_price": 45858.4, "direction": "buy", "amount": 0.5}, {"trade_seq": 697, "trade_id": "195893954", "timestamp": 1640009642494, "tick_direction": 2, "price": 0.0508, "mark_price": 0.05070203, "iv": 78.29, "instrument_name": "BTC-31DEC21-46000-C", "index_price": 45619.96, "direction": "sell", "block_trade_id": "27770", "amount": 12.5}, {"trade_seq": 696, "trade_id": "195889786", "timestamp": 1640005735498, "tick_direction": 0, "price": 0.0515, "mark_price": 0.05146405, "iv": 77.19, "instrument_name": "BTC-31DEC21-46000-C", "index_price": 45767.19, "direction": "buy", "amount": 0.2}, {"trade_seq": 695, "trade_id": "195889067", "timestamp": 1640005390758, "tick_direction": 2, "price": 0.0505, "mark_price": 0.05080561, "iv": 77.12, "instrument_name": "BTC-31DEC21-46000-C", "index_price": 45668.35, "direction": "sell", "amount": 0.1}, {"trade_seq": 694, "trade_id": "195886513", "timestamp": 1640004211991, "tick_direction": 2, "price": 0.0525, "mark_price": 0.05229008, "iv": 78.04, "instrument_name": "BTC-31DEC21-46000-C", "index_price": 45807.0, "direction": "sell", "amount": 0.1}, {"trade_seq": 693, "trade_id": "195886047", "timestamp": 1640003837806, "tick_direction": 3, "price": 0.054, "mark_price": 0.0532253, "iv": 78.76, "instrument_name": "BTC-31DEC21-46000-C", "index_price": 45887.39, "direction": "buy", "amount": 0.1}, {"trade_seq": 692, "trade_id": "195883797", "timestamp": 1640001971305, "tick_direction": 3, "price": 0.054, "mark_price": 0.05396656, "iv": 77.54, "instrument_name": "BTC-31DEC21-46000-C", "index_price": 45970.38, "direction": "sell", "amount": 0.1}, {"trade_seq": 691, "trade_id": "195883795", "timestamp": 1640001968883, "tick_direction": 2, "price": 0.054, "mark_price": 0.05397004, "iv": 77.52, "instrument_name": "BTC-31DEC21-46000-C", "index_price": 45969.33, "direction": "sell", "amount": 0.1}, {"trade_seq": 690, "trade_id": "195883461", "timestamp": 1640001574971, "tick_direction": 0, "price": 0.056, "mark_price": 0.0556561, "iv": 77.94, "instrument_name": "BTC-31DEC21-46000-C", "index_price": 46114.42, "direction": "sell", "amount": 1.0}, {"trade_seq": 689, "trade_id": "195880712", "timestamp": 1639999310860, "tick_direction": 0, "price": 0.0545, "mark_price": 0.05494366, "iv": 76.21, "instrument_name": "BTC-31DEC21-46000-C", "index_price": 46075.11, "direction": "buy", "amount": 0.1}, {"trade_seq": 688, "trade_id": "195879505", "timestamp": 1639998197300, "tick_direction": 2, "price": 0.053, "mark_price": 0.05289638, "iv": 77.3, "instrument_name": "BTC-31DEC21-46000-C", "index_price": 45853.39, "direction": "sell", "amount": 0.2}, {"trade_seq": 687, "trade_id": "195872182", "timestamp": 1639992819919, "tick_direction": 0, "price": 0.0545, "mark_price": 0.0543215, "iv": 77.51, "instrument_name": "BTC-31DEC21-46000-C", "index_price": 45980.77, "direction": "buy", "amount": 0.2}, {"trade_seq": 686, "trade_id": "195870608", "timestamp": 1639991800011, "tick_direction": 2, "price": 0.0535, "mark_price": 0.05307287, "iv": 77.69, "instrument_name": "BTC-31DEC21-46000-C", "index_price": 45888.34, "direction": "buy", "amount": 0.2}, {"trade_seq": 685, "trade_id": "195857724", "timestamp": 1639984667509, "tick_direction": 2, "price": 0.057, "mark_price": 0.05637512, "iv": 78.24, "instrument_name": "BTC-31DEC21-46000-C", "index_price": 46167.21, "direction": "buy", "amount": 0.2}, {"trade_seq": 684, "trade_id": "195850466", "timestamp": 1639980095785, "tick_direction": 3, "price": 0.0585, "mark_price": 0.05912633, "iv": 77.28, "instrument_name": "BTC-31DEC21-46000-C", "index_price": 46334.99, "direction": "sell", "amount": 9.0}, {"trade_seq": 683, "trade_id": "195850465", "timestamp": 1639980095785, "tick_direction": 2, "price": 0.0585, "mark_price": 0.05912633, "iv": 77.28, "instrument_name": "BTC-31DEC21-46000-C", "index_price": 46334.99, "direction": "sell", "amount": 0.1}, {"trade_seq": 682, "trade_id": "195848290", "timestamp": 1639979461907, "tick_direction": 3, "price": 0.0615, "mark_price": 0.06186272, "iv": 77.58, "instrument_name": "BTC-31DEC21-46000-C", "index_price": 46582.62, "direction": "sell", "amount": 0.1}, {"trade_seq": 681, "trade_id": "195848289", "timestamp": 1639979461872, "tick_direction": 3, "price": 0.0615, "mark_price": 0.06186272, "iv": 77.58, "instrument_name": "BTC-31DEC21-46000-C", "index_price": 46582.62, "direction": "sell", "amount": 0.1}, {"trade_seq": 680, "trade_id": "195847859", "timestamp": 1639979222023, "tick_direction": 3, "price": 0.0615, "mark_price": 0.06200017, "iv": 77.48, "instrument_name": "BTC-31DEC21-46000-C", "index_price": 46602.95, "direction": "sell", "amount": 0.1}, {"trade_seq": 679, "trade_id": "195822440", "timestamp": 1639959205842, "tick_direction": 2, "price": 0.0615, "mark_price": 0.06186068, "iv": 78.81, "instrument_name": "BTC-31DEC21-46000-C", "index_price": 46426.06, "direction": "sell", "amount": 6.7}, {"trade_seq": 678, "trade_id": "195765824", "timestamp": 1639920279592, "tick_direction": 2, "price": 0.0683, "mark_price": 0.06869522, "iv": 73.5, "instrument_name": "BTC-31DEC21-46000-C", "index_price": 47296.15, "direction": "sell", "block_trade_id": "27726", "amount": 69.0}, {"trade_seq": 677, "trade_id": "195765818", "timestamp": 1639920236472, "tick_direction": 2, "price": 0.0684, "mark_price": 0.06877128, "iv": 73.53, "instrument_name": "BTC-31DEC21-46000-C", "index_price": 47312.74, "direction": "sell", "block_trade_id": "27725", "amount": 15.0}, {"trade_seq": 676, "trade_id": "195765812", "timestamp": 1639920215915, "tick_direction": 2, "price": 0.0685, "mark_price": 0.06878533, "iv": 73.65, "instrument_name": "BTC-31DEC21-46000-C", "index_price": 47310.67, "direction": "sell", "block_trade_id": "27724", "amount": 15.0}, {"trade_seq": 675, "trade_id": "195765810", "timestamp": 1639920192113, "tick_direction": 2, "price": 0.069, "mark_price": 0.06879297, "iv": 74.28, "instrument_name": "BTC-31DEC21-46000-C", "index_price": 47309.89, "direction": "sell", "block_trade_id": "27723", "amount": 15.0}, {"trade_seq": 674, "trade_id": "195765696", "timestamp": 1639919947343, "tick_direction": 2, "price": 0.0691, "mark_price": 0.06947183, "iv": 73.53, "instrument_name": "BTC-31DEC21-46000-C", "index_price": 47355.14, "direction": "sell", "block_trade_id": "27721", "amount": 15.0}, {"trade_seq": 673, "trade_id": "195765662", "timestamp": 1639919861835, "tick_direction": 0, "price": 0.0695, "mark_price": 0.06972073, "iv": 73.89, "instrument_name": "BTC-31DEC21-46000-C", "index_price": 47367.38, "direction": "sell", "block_trade_id": "27719", "amount": 15.0}, {"trade_seq": 672, "trade_id": "195765528", "timestamp": 1639919659658, "tick_direction": 2, "price": 0.069, "mark_price": 0.07048704, "iv": 72.25, "instrument_name": "BTC-31DEC21-46000-C", "index_price": 47435.68, "direction": "sell", "block_trade_id": "27717", "amount": 15.0}, {"trade_seq": 671, "trade_id": "195742655", "timestamp": 1639892153659, "tick_direction": 1, "price": 0.078, "mark_price": 0.07820923, "iv": 76.2, "instrument_name": "BTC-31DEC21-46000-C", "index_price": 47876.58, "direction": "sell", "amount": 0.3}, {"trade_seq": 670, "trade_id": "195742654", "timestamp": 1639892153641, "tick_direction": 1, "price": 0.078, "mark_price": 0.07820923, "iv": 76.2, "instrument_name": "BTC-31DEC21-46000-C", "index_price": 47876.58, "direction": "sell", "amount": 1.2}, {"trade_seq": 669, "trade_id": "195742652", "timestamp": 1639892153472, "tick_direction": 1, "price": 0.078, "mark_price": 0.07820923, "iv": 76.2, "instrument_name": "BTC-31DEC21-46000-C", "index_price": 47876.58, "direction": "sell", "amount": 1.3}, {"trade_seq": 668, "trade_id": "195742608", "timestamp": 1639891946686, "tick_direction": 1, "price": 0.078, "mark_price": 0.07790573, "iv": 76.36, "instrument_name": "BTC-31DEC21-46000-C", "index_price": 47868.2, "direction": "sell", "amount": 1.4}, {"trade_seq": 667, "trade_id": "195741561", "timestamp": 1639890619483, "tick_direction": 1, "price": 0.078, "mark_price": 0.07774315, "iv": 76.56, "instrument_name": "BTC-31DEC21-46000-C", "index_price": 47854.71, "direction": "sell", "amount": 1.2}, {"trade_seq": 666, "trade_id": "195741551", "timestamp": 1639890578266, "tick_direction": 1, "price": 0.078, "mark_price": 0.07790932, "iv": 76.45, "instrument_name": "BTC-31DEC21-46000-C", "index_price": 47864.36, "direction": "sell", "amount": 0.1}, {"trade_seq": 665, "trade_id": "195741550", "timestamp": 1639890578254, "tick_direction": 1, "price": 0.078, "mark_price": 0.07790932, "iv": 76.45, "instrument_name": "BTC-31DEC21-46000-C", "index_price": 47864.36, "direction": "sell", "amount": 0.1}, {"trade_seq": 664, "trade_id": "195741549", "timestamp": 1639890578243, "tick_direction": 1, "price": 0.078, "mark_price": 0.07790932, "iv": 76.45, "instrument_name": "BTC-31DEC21-46000-C", "index_price": 47864.36, "direction": "sell", "amount": 0.9}, {"trade_seq": 663, "trade_id": "195741534", "timestamp": 1639890521946, "tick_direction": 1, "price": 0.078, "mark_price": 0.07812038, "iv": 76.34, "instrument_name": "BTC-31DEC21-46000-C", "index_price": 47872.52, "direction": "sell", "amount": 1.2}, {"trade_seq": 662, "trade_id": "195741359", "timestamp": 1639890369531, "tick_direction": 0, "price": 0.078, "mark_price": 0.07815985, "iv": 76.3, "instrument_name": "BTC-31DEC21-46000-C", "index_price": 47869.24, "direction": "sell", "amount": 2.3}, {"trade_seq": 661, "trade_id": "195734947", "timestamp": 1639885848420, "tick_direction": 0, "price": 0.076, "mark_price": 0.07609167, "iv": 75.89, "instrument_name": "BTC-31DEC21-46000-C", "index_price": 47726.37, "direction": "sell", "amount": 0.2}, {"trade_seq": 660, "trade_id": "195728143", "timestamp": 1639883925181, "tick_direction": 0, "price": 0.075, "mark_price": 0.07463125, "iv": 75.97, "instrument_name": "BTC-31DEC21-46000-C", "index_price": 47643.83, "direction": "buy", "amount": 1.6}, {"trade_seq": 659, "trade_id": "195695682", "timestamp": 1639850494689, "tick_direction": 2, "price": 0.065, "mark_price": 0.06522427, "iv": 75.77, "instrument_name": "BTC-31DEC21-46000-C", "index_price": 46707.6, "direction": "sell", "amount": 0.2}, {"trade_seq": 658, "trade_id": "195682160", "timestamp": 1639838533911, "tick_direction": 2, "price": 0.067, "mark_price": 0.06642141, "iv": 74.92, "instrument_name": "BTC-31DEC21-46000-C", "index_price": 46924.27, "direction": "buy", "amount": 2.3}, {"trade_seq": 657, "trade_id": "195675347", "timestamp": 1639832679217, "tick_direction": 1, "price": 0.0675, "mark_price": 0.06804358, "iv": 74.27, "instrument_name": "BTC-31DEC21-46000-C", "index_price": 47001.01, "direction": "sell", "amount": 0.3}, {"trade_seq": 656, "trade_id": "195665792", "timestamp": 1639821896193, "tick_direction": 0, "price": 0.0675, "mark_price": 0.06782269, "iv": 75.79, "instrument_name": "BTC-31DEC21-46000-C", "index_price": 46869.84, "direction": "sell", "amount": 0.2}, {"trade_seq": 655, "trade_id": "195661897", "timestamp": 1639818762468, "tick_direction": 1, "price": 0.064, "mark_price": 0.06413428, "iv": 76.1, "instrument_name": "BTC-31DEC21-46000-C", "index_price": 46537.69, "direction": "buy", "amount": 0.1}, {"trade_seq": 654, "trade_id": "195661896", "timestamp": 1639818762350, "tick_direction": 0, "price": 0.064, "mark_price": 0.06413428, "iv": 76.1, "instrument_name": "BTC-31DEC21-46000-C", "index_price": 46537.69, "direction": "buy", "amount": 0.1}, {"trade_seq": 653, "trade_id": "195652114", "timestamp": 1639810284455, "tick_direction": 2, "price": 0.0625, "mark_price": 0.06221076, "iv": 75.68, "instrument_name": "BTC-31DEC21-46000-C", "index_price": 46402.63, "direction": "buy", "amount": 0.1}, {"trade_seq": 652, "trade_id": "195650066", "timestamp": 1639808602608, "tick_direction": 2, "price": 0.063, "mark_price": 0.06300049, "iv": 74.62, "instrument_name": "BTC-31DEC21-46000-C", "index_price": 46507.64, "direction": "buy", "amount": 0.3}, {"trade_seq": 651, "trade_id": "195649041", "timestamp": 1639807846700, "tick_direction": 0, "price": 0.0645, "mark_price": 0.06438079, "iv": 74.07, "instrument_name": "BTC-31DEC21-46000-C", "index_price": 46685.8, "direction": "sell", "amount": 0.2}, {"trade_seq": 650, "trade_id": "195617023", "timestamp": 1639789848749, "tick_direction": 0, "price": 0.058, "mark_price": 0.05879677, "iv": 73.19, "instrument_name": "BTC-31DEC21-46000-C", "index_price": 46075.89, "direction": "sell", "amount": 2.6}, {"trade_seq": 649, "trade_id": "195609760", "timestamp": 1639786204884, "tick_direction": 2, "price": 0.0575, "mark_price": 0.05723831, "iv": 75.34, "instrument_name": "BTC-31DEC21-46000-C", "index_price": 45911.44, "direction": "buy", "amount": 0.2}, {"trade_seq": 648, "trade_id": "195599416", "timestamp": 1639781064574, "tick_direction": 2, "price": 0.059, "mark_price": 0.06012497, "iv": 73.48, "instrument_name": "BTC-31DEC21-46000-C", "index_price": 46196.65, "direction": "sell", "amount": 1.0}, {"trade_seq": 647, "trade_id": "195596865", "timestamp": 1639780051242, "tick_direction": 0, "price": 0.061, "mark_price": 0.06138967, "iv": 74.42, "instrument_name": "BTC-31DEC21-46000-C", "index_price": 46317.03, "direction": "buy", "amount": 0.2}, {"trade_seq": 646, "trade_id": "195594633", "timestamp": 1639779642796, "tick_direction": 2, "price": 0.056, "mark_price": 0.05601791, "iv": 74.94, "instrument_name": "BTC-31DEC21-46000-C", "index_price": 45816.22, "direction": "sell", "amount": 0.1}, {"trade_seq": 645, "trade_id": "195593124", "timestamp": 1639779400518, "tick_direction": 2, "price": 0.0575, "mark_price": 0.05765532, "iv": 74.45, "instrument_name": "BTC-31DEC21-46000-C", "index_price": 46027.49, "direction": "buy", "amount": 0.2}, {"trade_seq": 644, "trade_id": "195592390", "timestamp": 1639779379735, "tick_direction": 2, "price": 0.0595, "mark_price": 0.05945919, "iv": 74.95, "instrument_name": "BTC-31DEC21-46000-C", "index_price": 46155.8, "direction": "sell", "amount": 0.1}, {"trade_seq": 643, "trade_id": "195592350", "timestamp": 1639779364172, "tick_direction": 2, "price": 0.06, "mark_price": 0.05989571, "iv": 74.96, "instrument_name": "BTC-31DEC21-46000-C", "index_price": 46198.43, "direction": "sell", "amount": 0.1}, {"trade_seq": 642, "trade_id": "195584694", "timestamp": 1639777190088, "tick_direction": 0, "price": 0.07, "mark_price": 0.07003444, "iv": 74.61, "instrument_name": "BTC-31DEC21-46000-C", "index_price": 47074.01, "direction": "sell", "amount": 0.1}, {"trade_seq": 641, "trade_id": "195583736", "timestamp": 1639777136528, "tick_direction": 0, "price": 0.067, "mark_price": 0.06733519, "iv": 74.35, "instrument_name": "BTC-31DEC21-46000-C", "index_price": 46822.4, "direction": "buy", "amount": 9.0}, {"trade_seq": 640, "trade_id": "195576498", "timestamp": 1639772910180, "tick_direction": 3, "price": 0.063, "mark_price": 0.06229655, "iv": 75.77, "instrument_name": "BTC-31DEC21-46000-C", "index_price": 46371.04, "direction": "buy", "amount": 0.4}, {"trade_seq": 639, "trade_id": "195576497", "timestamp": 1639772910180, "tick_direction": 2, "price": 0.063, "mark_price": 0.06229655, "iv": 75.77, "instrument_name": "BTC-31DEC21-46000-C", "index_price": 46371.04, "direction": "buy", "amount": 0.1}, {"trade_seq": 638, "trade_id": "195574432", "timestamp": 1639772303712, "tick_direction": 2, "price": 0.0635, "mark_price": 0.06404458, "iv": 74.18, "instrument_name": "BTC-31DEC21-46000-C", "index_price": 46505.45, "direction": "sell", "amount": 0.1}, {"trade_seq": 637, "trade_id": "195568293", "timestamp": 1639768022379, "tick_direction": 0, "price": 0.0705, "mark_price": 0.07035775, "iv": 75.66, "instrument_name": "BTC-31DEC21-46000-C", "index_price": 47064.8, "direction": "sell", "amount": 0.3}, {"trade_seq": 636, "trade_id": "195567170", "timestamp": 1639767752412, "tick_direction": 0, "price": 0.069, "mark_price": 0.06881834, "iv": 75.54, "instrument_name": "BTC-31DEC21-46000-C", "index_price": 46911.53, "direction": "sell", "amount": 0.2}, {"trade_seq": 635, "trade_id": "195558801", "timestamp": 1639763454580, "tick_direction": 2, "price": 0.067, "mark_price": 0.0670631, "iv": 74.77, "instrument_name": "BTC-31DEC21-46000-C", "index_price": 46780.7, "direction": "buy", "amount": 0.2}, {"trade_seq": 634, "trade_id": "195553975", "timestamp": 1639760370975, "tick_direction": 0, "price": 0.0705, "mark_price": 0.07057052, "iv": 75.22, "instrument_name": "BTC-31DEC21-46000-C", "index_price": 47070.84, "direction": "sell", "amount": 0.2}, {"trade_seq": 633, "trade_id": "195552609", "timestamp": 1639759922640, "tick_direction": 0, "price": 0.07, "mark_price": 0.06954631, "iv": 75.72, "instrument_name": "BTC-31DEC21-46000-C", "index_price": 46961.73, "direction": "sell", "amount": 0.2}, {"trade_seq": 632, "trade_id": "195552092", "timestamp": 1639759705845, "tick_direction": 0, "price": 0.068, "mark_price": 0.06793307, "iv": 75.29, "instrument_name": "BTC-31DEC21-46000-C", "index_price": 46811.85, "direction": "sell", "amount": 0.2}, {"trade_seq": 631, "trade_id": "195538352", "timestamp": 1639757137559, "tick_direction": 0, "price": 0.0655, "mark_price": 0.06538293, "iv": 76.23, "instrument_name": "BTC-31DEC21-46000-C", "index_price": 46535.76, "direction": "sell", "amount": 0.2}, {"trade_seq": 630, "trade_id": "195535819", "timestamp": 1639756601427, "tick_direction": 0, "price": 0.065, "mark_price": 0.06483425, "iv": 76.37, "instrument_name": "BTC-31DEC21-46000-C", "index_price": 46484.88, "direction": "sell", "amount": 0.2}, {"trade_seq": 629, "trade_id": "195530593", "timestamp": 1639755429042, "tick_direction": 0, "price": 0.064, "mark_price": 0.06375147, "iv": 76.43, "instrument_name": "BTC-31DEC21-46000-C", "index_price": 46379.5, "direction": "buy", "amount": 0.1}, {"trade_seq": 628, "trade_id": "195529527", "timestamp": 1639755323377, "tick_direction": 0, "price": 0.063, "mark_price": 0.06259464, "iv": 76.24, "instrument_name": "BTC-31DEC21-46000-C", "index_price": 46286.1, "direction": "buy", "amount": 0.1}, {"trade_seq": 627, "trade_id": "195528251", "timestamp": 1639755191042, "tick_direction": 0, "price": 0.061, "mark_price": 0.06069848, "iv": 76.54, "instrument_name": "BTC-31DEC21-46000-C", "index_price": 46103.95, "direction": "buy", "amount": 0.1}, {"trade_seq": 626, "trade_id": "195524240", "timestamp": 1639754381892, "tick_direction": 0, "price": 0.057, "mark_price": 0.0570797, "iv": 76.4, "instrument_name": "BTC-31DEC21-46000-C", "index_price": 45720.91, "direction": "buy", "amount": 0.2}, {"trade_seq": 625, "trade_id": "195523875", "timestamp": 1639754346448, "tick_direction": 0, "price": 0.0565, "mark_price": 0.05614357, "iv": 76.72, "instrument_name": "BTC-31DEC21-46000-C", "index_price": 45668.45, "direction": "buy", "amount": 0.2}, {"trade_seq": 624, "trade_id": "195521626", "timestamp": 1639754114968, "tick_direction": 2, "price": 0.056, "mark_price": 0.05622532, "iv": 76.11, "instrument_name": "BTC-31DEC21-46000-C", "index_price": 45668.39, "direction": "sell", "amount": 0.5}, {"trade_seq": 623, "trade_id": "195520179", "timestamp": 1639753788639, "tick_direction": 0, "price": 0.0585, "mark_price": 0.05849678, "iv": 76.3, "instrument_name": "BTC-31DEC21-46000-C", "index_price": 45890.72, "direction": "buy", "amount": 0.2}, {"trade_seq": 622, "trade_id": "195518439", "timestamp": 1639753395804, "tick_direction": 2, "price": 0.0565, "mark_price": 0.05708986, "iv": 75.52, "instrument_name": "BTC-31DEC21-46000-C", "index_price": 45724.29, "direction": "sell", "amount": 1.3}, {"trade_seq": 621, "trade_id": "195516301", "timestamp": 1639753293194, "tick_direction": 2, "price": 0.057, "mark_price": 0.05733803, "iv": 75.66, "instrument_name": "BTC-31DEC21-46000-C", "index_price": 45775.35, "direction": "sell", "amount": 2.5}, {"trade_seq": 620, "trade_id": "195510367", "timestamp": 1639752601006, "tick_direction": 0, "price": 0.0595, "mark_price": 0.05965813, "iv": 75.27, "instrument_name": "BTC-31DEC21-46000-C", "index_price": 46025.18, "direction": "buy", "amount": 0.2}, {"trade_seq": 619, "trade_id": "195508947", "timestamp": 1639752476129, "tick_direction": 0, "price": 0.0585, "mark_price": 0.0580784, "iv": 75.76, "instrument_name": "BTC-31DEC21-46000-C", "index_price": 45911.57, "direction": "sell", "amount": 0.2}, {"trade_seq": 618, "trade_id": "195508116", "timestamp": 1639752414510, "tick_direction": 2, "price": 0.058, "mark_price": 0.05746893, "iv": 75.79, "instrument_name": "BTC-31DEC21-46000-C", "index_price": 45861.06, "direction": "buy", "amount": 0.2}, {"trade_seq": 617, "trade_id": "195503217", "timestamp": 1639752142318, "tick_direction": 3, "price": 0.0585, "mark_price": 0.0588942, "iv": 73.95, "instrument_name": "BTC-31DEC21-46000-C", "index_price": 46031.46, "direction": "sell", "amount": 2.0}, {"trade_seq": 616, "trade_id": "195503216", "timestamp": 1639752142318, "tick_direction": 2, "price": 0.0585, "mark_price": 0.0588942, "iv": 73.95, "instrument_name": "BTC-31DEC21-46000-C", "index_price": 46031.46, "direction": "sell", "amount": 3.1}, {"trade_seq": 615, "trade_id": "195503195", "timestamp": 1639752141565, "tick_direction": 0, "price": 0.059, "mark_price": 0.05888874, "iv": 74.55, "instrument_name": "BTC-31DEC21-46000-C", "index_price": 46028.11, "direction": "buy", "amount": 0.1}, {"trade_seq": 614, "trade_id": "195503139", "timestamp": 1639752136138, "tick_direction": 3, "price": 0.0585, "mark_price": 0.05943752, "iv": 73.19, "instrument_name": "BTC-31DEC21-46000-C", "index_price": 46078.64, "direction": "sell", "amount": 0.1}, {"trade_seq": 613, "trade_id": "195503138", "timestamp": 1639752136138, "tick_direction": 2, "price": 0.0585, "mark_price": 0.05943752, "iv": 73.19, "instrument_name": "BTC-31DEC21-46000-C", "index_price": 46078.64, "direction": "sell", "amount": 0.1}, {"trade_seq": 612, "trade_id": "195496343", "timestamp": 1639751795055, "tick_direction": 3, "price": 0.061, "mark_price": 0.0614174, "iv": 74.07, "instrument_name": "BTC-31DEC21-46000-C", "index_price": 46266.71, "direction": "sell", "amount": 1.6}, {"trade_seq": 611, "trade_id": "195496331", "timestamp": 1639751794999, "tick_direction": 3, "price": 0.061, "mark_price": 0.0614174, "iv": 73.5, "instrument_name": "BTC-31DEC21-46000-C", "index_price": 46266.71, "direction": "sell", "amount": 2.9}, {"trade_seq": 610, "trade_id": "195496316", "timestamp": 1639751794878, "tick_direction": 2, "price": 0.061, "mark_price": 0.0614174, "iv": 73.5, "instrument_name": "BTC-31DEC21-46000-C", "index_price": 46266.71, "direction": "sell", "amount": 3.8}, {"trade_seq": 609, "trade_id": "195496276", "timestamp": 1639751794483, "tick_direction": 2, "price": 0.0615, "mark_price": 0.0614174, "iv": 74.16, "instrument_name": "BTC-31DEC21-46000-C", "index_price": 46266.71, "direction": "sell", "amount": 6.1}, {"trade_seq": 608, "trade_id": "195489083", "timestamp": 1639749892745, "tick_direction": 3, "price": 0.0665, "mark_price": 0.06686532, "iv": 73.76, "instrument_name": "BTC-31DEC21-46000-C", "index_price": 46789.33, "direction": "sell", "amount": 0.5}, {"trade_seq": 607, "trade_id": "195488979", "timestamp": 1639749870053, "tick_direction": 2, "price": 0.0665, "mark_price": 0.06691667, "iv": 73.65, "instrument_name": "BTC-31DEC21-46000-C", "index_price": 46803.92, "direction": "sell", "amount": 0.5}, {"trade_seq": 606, "trade_id": "195457438", "timestamp": 1639727229477, "tick_direction": 3, "price": 0.07, "mark_price": 0.06984526, "iv": 76.97, "instrument_name": "BTC-31DEC21-46000-C", "index_price": 46816.92, "direction": "sell", "amount": 3.0}, {"trade_seq": 605, "trade_id": "195457435", "timestamp": 1639727229448, "tick_direction": 3, "price": 0.07, "mark_price": 0.06984526, "iv": 76.97, "instrument_name": "BTC-31DEC21-46000-C", "index_price": 46816.92, "direction": "sell", "amount": 5.3}, {"trade_seq": 604, "trade_id": "195457302", "timestamp": 1639727227320, "tick_direction": 2, "price": 0.07, "mark_price": 0.06992682, "iv": 76.85, "instrument_name": "BTC-31DEC21-46000-C", "index_price": 46834.16, "direction": "sell", "amount": 1.7}, {"trade_seq": 603, "trade_id": "195409749", "timestamp": 1639689788309, "tick_direction": 0, "price": 0.0855, "mark_price": 0.08500027, "iv": 77.25, "instrument_name": "BTC-31DEC21-46000-C", "index_price": 48090.54, "direction": "buy", "amount": 1.6}, {"trade_seq": 602, "trade_id": "195400868", "timestamp": 1639684404547, "tick_direction": 1, "price": 0.082, "mark_price": 0.0820771, "iv": 76.13, "instrument_name": "BTC-31DEC21-46000-C", "index_price": 47825.91, "direction": "buy", "amount": 0.1}, {"trade_seq": 601, "trade_id": "195400867", "timestamp": 1639684403622, "tick_direction": 1, "price": 0.082, "mark_price": 0.08216238, "iv": 76.14, "instrument_name": "BTC-31DEC21-46000-C", "index_price": 47831.06, "direction": "buy", "amount": 0.1}, {"trade_seq": 600, "trade_id": "195400866", "timestamp": 1639684403591, "tick_direction": 0, "price": 0.082, "mark_price": 0.08216238, "iv": 76.14, "instrument_name": "BTC-31DEC21-46000-C", "index_price": 47831.06, "direction": "buy", "amount": 0.8}, {"trade_seq": 599, "trade_id": "195400582", "timestamp": 1639684342373, "tick_direction": 2, "price": 0.081, "mark_price": 0.08138884, "iv": 75.63, "instrument_name": "BTC-31DEC21-46000-C", "index_price": 47784.82, "direction": "buy", "amount": 1.0}, {"trade_seq": 598, "trade_id": "195301694", "timestamp": 1639605954208, "tick_direction": 2, "price": 0.1025, "mark_price": 0.10286689, "iv": 80.2, "instrument_name": "BTC-31DEC21-46000-C", "index_price": 49124.59, "direction": "sell", "amount": 0.1}, {"trade_seq": 597, "trade_id": "195300866", "timestamp": 1639605407709, "tick_direction": 2, "price": 0.1045, "mark_price": 0.10355471, "iv": 81.7, "instrument_name": "BTC-31DEC21-46000-C", "index_price": 49203.11, "direction": "buy", "amount": 0.1}, {"trade_seq": 596, "trade_id": "195289999", "timestamp": 1639600650186, "tick_direction": 1, "price": 0.108, "mark_price": 0.10612641, "iv": 84.6, "instrument_name": "BTC-31DEC21-46000-C", "index_price": 49307.8, "direction": "sell", "amount": 4.1}, {"trade_seq": 595, "trade_id": "195289998", "timestamp": 1639600650174, "tick_direction": 1, "price": 0.108, "mark_price": 0.10612641, "iv": 84.6, "instrument_name": "BTC-31DEC21-46000-C", "index_price": 49307.8, "direction": "buy", "amount": 2.0}, {"trade_seq": 594, "trade_id": "195289997", "timestamp": 1639600650174, "tick_direction": 0, "price": 0.108, "mark_price": 0.10612641, "iv": 84.6, "instrument_name": "BTC-31DEC21-46000-C", "index_price": 49307.8, "direction": "buy", "amount": 8.9}, {"trade_seq": 593, "trade_id": "195239439", "timestamp": 1639595010814, "tick_direction": 1, "price": 0.093, "mark_price": 0.09392237, "iv": 81.22, "instrument_name": "BTC-31DEC21-46000-C", "index_price": 48332.19, "direction": "buy", "amount": 2.5}, {"trade_seq": 592, "trade_id": "195239430", "timestamp": 1639595010689, "tick_direction": 0, "price": 0.093, "mark_price": 0.09392237, "iv": 81.22, "instrument_name": "BTC-31DEC21-46000-C", "index_price": 48332.19, "direction": "buy", "amount": 2.3}, {"trade_seq": 591, "trade_id": "195231801", "timestamp": 1639594644096, "tick_direction": 0, "price": 0.0885, "mark_price": 0.08910325, "iv": 82.17, "instrument_name": "BTC-31DEC21-46000-C", "index_price": 47758.02, "direction": "sell", "amount": 1.3}, {"trade_seq": 590, "trade_id": "195223552", "timestamp": 1639592839677, "tick_direction": 1, "price": 0.083, "mark_price": 0.08333895, "iv": 82.35, "instrument_name": "BTC-31DEC21-46000-C", "index_price": 47326.09, "direction": "sell", "amount": 0.3}, {"trade_seq": 589, "trade_id": "195223551", "timestamp": 1639592839611, "tick_direction": 0, "price": 0.083, "mark_price": 0.08333895, "iv": 82.35, "instrument_name": "BTC-31DEC21-46000-C", "index_price": 47326.09, "direction": "sell", "amount": 1.1}, {"trade_seq": 588, "trade_id": "195211979", "timestamp": 1639586481290, "tick_direction": 2, "price": 0.075, "mark_price": 0.07530761, "iv": 79.99, "instrument_name": "BTC-31DEC21-46000-C", "index_price": 46721.05, "direction": "buy", "amount": 0.2}, {"trade_seq": 587, "trade_id": "195210129", "timestamp": 1639585213258, "tick_direction": 2, "price": 0.0755, "mark_price": 0.07581153, "iv": 79.99, "instrument_name": "BTC-31DEC21-46000-C", "index_price": 46766.0, "direction": "sell", "amount": 0.1}, {"trade_seq": 586, "trade_id": "195208929", "timestamp": 1639584634030, "tick_direction": 2, "price": 0.077, "mark_price": 0.07710107, "iv": 80.45, "instrument_name": "BTC-31DEC21-46000-C", "index_price": 46868.89, "direction": "sell", "amount": 0.1}, {"trade_seq": 585, "trade_id": "195198620", "timestamp": 1639582310687, "tick_direction": 2, "price": 0.0785, "mark_price": 0.07873534, "iv": 80.08, "instrument_name": "BTC-31DEC21-46000-C", "index_price": 47028.12, "direction": "sell", "amount": 0.5}, {"trade_seq": 584, "trade_id": "195100178", "timestamp": 1639514276973, "tick_direction": 0, "price": 0.0885, "mark_price": 0.08908314, "iv": 82.29, "instrument_name": "BTC-31DEC21-46000-C", "index_price": 47622.92, "direction": "buy", "amount": 0.2}, {"trade_seq": 583, "trade_id": "195074976", "timestamp": 1639497373950, "tick_direction": 2, "price": 0.0775, "mark_price": 0.07794994, "iv": 81.21, "instrument_name": "BTC-31DEC21-46000-C", "index_price": 46702.23, "direction": "sell", "amount": 0.5}, {"trade_seq": 582, "trade_id": "195074760", "timestamp": 1639497356814, "tick_direction": 2, "price": 0.078, "mark_price": 0.07827918, "iv": 81.09, "instrument_name": "BTC-31DEC21-46000-C", "index_price": 46768.58, "direction": "sell", "amount": 0.5}, {"trade_seq": 581, "trade_id": "195070987", "timestamp": 1639496434278, "tick_direction": 2, "price": 0.0848, "mark_price": 0.08515931, "iv": 81.24, "instrument_name": "BTC-31DEC21-46000-C", "index_price": 47349.76, "direction": "sell", "block_trade_id": "27421", "amount": 15.0}, {"trade_seq": 580, "trade_id": "195070655", "timestamp": 1639496110689, "tick_direction": 2, "price": 0.0851, "mark_price": 0.0856103, "iv": 81.51, "instrument_name": "BTC-31DEC21-46000-C", "index_price": 47368.82, "direction": "sell", "block_trade_id": "27420", "amount": 15.0}, {"trade_seq": 579, "trade_id": "195070516", "timestamp": 1639496065049, "tick_direction": 0, "price": 0.0855, "mark_price": 0.08586961, "iv": 81.7, "instrument_name": "BTC-31DEC21-46000-C", "index_price": 47389.93, "direction": "sell", "amount": 2.0}, {"trade_seq": 578, "trade_id": "195070511", "timestamp": 1639496062038, "tick_direction": 0, "price": 0.085, "mark_price": 0.08592254, "iv": 81.03, "instrument_name": "BTC-31DEC21-46000-C", "index_price": 47393.21, "direction": "sell", "block_trade_id": "27419", "amount": 15.0}, {"trade_seq": 577, "trade_id": "195066667", "timestamp": 1639493368049, "tick_direction": 2, "price": 0.0835, "mark_price": 0.08333506, "iv": 82.06, "instrument_name": "BTC-31DEC21-46000-C", "index_price": 47185.68, "direction": "buy", "amount": 0.2}, {"trade_seq": 576, "trade_id": "195055465", "timestamp": 1639485310626, "tick_direction": 0, "price": 0.0895, "mark_price": 0.08864821, "iv": 82.04, "instrument_name": "BTC-31DEC21-46000-C", "index_price": 47695.37, "direction": "buy", "amount": 1.0}, {"trade_seq": 575, "trade_id": "195048062", "timestamp": 1639480871608, "tick_direction": 0, "price": 0.0855, "mark_price": 0.08597586, "iv": 80.68, "instrument_name": "BTC-31DEC21-46000-C", "index_price": 47428.12, "direction": "sell", "amount": 2.0}, {"trade_seq": 574, "trade_id": "195043293", "timestamp": 1639477049849, "tick_direction": 0, "price": 0.081, "mark_price": 0.08130115, "iv": 81.6, "instrument_name": "BTC-31DEC21-46000-C", "index_price": 46965.0, "direction": "sell", "amount": 0.1}, {"trade_seq": 573, "trade_id": "195042399", "timestamp": 1639475894761, "tick_direction": 2, "price": 0.08, "mark_price": 0.08038412, "iv": 81.89, "instrument_name": "BTC-31DEC21-46000-C", "index_price": 46844.69, "direction": "sell", "amount": 0.1}, {"trade_seq": 572, "trade_id": "195041924", "timestamp": 1639475668821, "tick_direction": 2, "price": 0.0815, "mark_price": 0.08170536, "iv": 81.96, "instrument_name": "BTC-31DEC21-46000-C", "index_price": 46974.0, "direction": "sell", "amount": 0.5}, {"trade_seq": 571, "trade_id": "195041675", "timestamp": 1639475410877, "tick_direction": 0, "price": 0.082, "mark_price": 0.08242519, "iv": 81.73, "instrument_name": "BTC-31DEC21-46000-C", "index_price": 47048.87, "direction": "sell", "amount": 0.5}, {"trade_seq": 570, "trade_id": "194955328", "timestamp": 1639425133698, "tick_direction": 1, "price": 0.0805, "mark_price": 0.07972064, "iv": 84.99, "instrument_name": "BTC-31DEC21-46000-C", "index_price": 46519.99, "direction": "buy", "amount": 6.0}, {"trade_seq": 569, "trade_id": "194955327", "timestamp": 1639425133698, "tick_direction": 0, "price": 0.0805, "mark_price": 0.07972064, "iv": 84.99, "instrument_name": "BTC-31DEC21-46000-C", "index_price": 46519.99, "direction": "buy", "amount": 9.0}, {"trade_seq": 568, "trade_id": "194949735", "timestamp": 1639424755942, "tick_direction": 0, "price": 0.077, "mark_price": 0.07648869, "iv": 84.64, "instrument_name": "BTC-31DEC21-46000-C", "index_price": 46194.66, "direction": "buy", "amount": 2.6}, {"trade_seq": 567, "trade_id": "194944047", "timestamp": 1639424295007, "tick_direction": 2, "price": 0.0735, "mark_price": 0.07394974, "iv": 83.56, "instrument_name": "BTC-31DEC21-46000-C", "index_price": 45969.55, "direction": "sell", "amount": 0.1}, {"trade_seq": 566, "trade_id": "194909089", "timestamp": 1639418210337, "tick_direction": 2, "price": 0.089, "mark_price": 0.09022693, "iv": 81.58, "instrument_name": "BTC-31DEC21-46000-C", "index_price": 47514.36, "direction": "sell", "amount": 0.1}, {"trade_seq": 565, "trade_id": "194882246", "timestamp": 1639411521820, "tick_direction": 0, "price": 0.09, "mark_price": 0.08990729, "iv": 84.71, "instrument_name": "BTC-31DEC21-46000-C", "index_price": 47375.58, "direction": "buy", "amount": 7.2}, {"trade_seq": 564, "trade_id": "194881331", "timestamp": 1639411422147, "tick_direction": 2, "price": 0.086, "mark_price": 0.08581765, "iv": 84.85, "instrument_name": "BTC-31DEC21-46000-C", "index_price": 47001.54, "direction": "sell", "amount": 1.1}, {"trade_seq": 563, "trade_id": "194868121", "timestamp": 1639408824498, "tick_direction": 2, "price": 0.09, "mark_price": 0.09063983, "iv": 83.39, "instrument_name": "BTC-31DEC21-46000-C", "index_price": 47499.0, "direction": "sell", "amount": 0.5}, {"trade_seq": 562, "trade_id": "194853492", "timestamp": 1639404362445, "tick_direction": 2, "price": 0.1005, "mark_price": 0.1011749, "iv": 84.61, "instrument_name": "BTC-31DEC21-46000-C", "index_price": 48320.83, "direction": "sell", "amount": 0.5}, {"trade_seq": 561, "trade_id": "194848976", "timestamp": 1639401210824, "tick_direction": 2, "price": 0.102, "mark_price": 0.10293197, "iv": 84.56, "instrument_name": "BTC-31DEC21-46000-C", "index_price": 48413.84, "direction": "sell", "amount": 1.2}, {"trade_seq": 560, "trade_id": "194843225", "timestamp": 1639395104531, "tick_direction": 0, "price": 0.1075, "mark_price": 0.10777882, "iv": 85.76, "instrument_name": "BTC-31DEC21-46000-C", "index_price": 48817.42, "direction": "buy", "amount": 0.1}, {"trade_seq": 559, "trade_id": "194651440", "timestamp": 1639228074186, "tick_direction": 0, "price": 0.106, "mark_price": 0.10672177, "iv": 84.41, "instrument_name": "BTC-31DEC21-46000-C", "index_price": 48428.9, "direction": "sell", "amount": 1.6}, {"trade_seq": 558, "trade_id": "194586885", "timestamp": 1639181888079, "tick_direction": 2, "price": 0.089, "mark_price": 0.08989908, "iv": 83.38, "instrument_name": "BTC-31DEC21-46000-C", "index_price": 46900.86, "direction": "buy", "amount": 3.0}, {"trade_seq": 557, "trade_id": "194583060", "timestamp": 1639180878547, "tick_direction": 2, "price": 0.0935, "mark_price": 0.09303696, "iv": 84.4, "instrument_name": "BTC-31DEC21-46000-C", "index_price": 47216.93, "direction": "sell", "amount": 1.0}, {"trade_seq": 556, "trade_id": "194573405", "timestamp": 1639177686155, "tick_direction": 0, "price": 0.097, "mark_price": 0.09666791, "iv": 83.83, "instrument_name": "BTC-31DEC21-46000-C", "index_price": 47612.78, "direction": "sell", "amount": 2.0}, {"trade_seq": 555, "trade_id": "194571752", "timestamp": 1639177252403, "tick_direction": 2, "price": 0.095, "mark_price": 0.0950945, "iv": 83.39, "instrument_name": "BTC-31DEC21-46000-C", "index_price": 47468.29, "direction": "sell", "amount": 0.1}, {"trade_seq": 554, "trade_id": "194558692", "timestamp": 1639172367358, "tick_direction": 0, "price": 0.106, "mark_price": 0.10612749, "iv": 84.0, "instrument_name": "BTC-31DEC21-46000-C", "index_price": 48324.67, "direction": "sell", "amount": 0.2}, {"trade_seq": 553, "trade_id": "194521632", "timestamp": 1639153031096, "tick_direction": 2, "price": 0.097, "mark_price": 0.09757083, "iv": 83.91, "instrument_name": "BTC-31DEC21-46000-C", "index_price": 47494.9, "direction": "sell", "amount": 0.5}, {"trade_seq": 552, "trade_id": "194521348", "timestamp": 1639153023468, "tick_direction": 2, "price": 0.0975, "mark_price": 0.09790721, "iv": 83.97, "instrument_name": "BTC-31DEC21-46000-C", "index_price": 47533.26, "direction": "sell", "amount": 0.1}, {"trade_seq": 551, "trade_id": "194449165", "timestamp": 1639125563054, "tick_direction": 2, "price": 0.105, "mark_price": 0.10579377, "iv": 83.82, "instrument_name": "BTC-31DEC21-46000-C", "index_price": 48130.2, "direction": "sell", "amount": 0.5}, {"trade_seq": 550, "trade_id": "194409534", "timestamp": 1639101108553, "tick_direction": 1, "price": 0.1095, "mark_price": 0.11010515, "iv": 83.65, "instrument_name": "BTC-31DEC21-46000-C", "index_price": 48534.28, "direction": "buy", "amount": 4.9}, {"trade_seq": 549, "trade_id": "194409505", "timestamp": 1639101106050, "tick_direction": 1, "price": 0.1095, "mark_price": 0.11000776, "iv": 83.78, "instrument_name": "BTC-31DEC21-46000-C", "index_price": 48530.45, "direction": "buy", "amount": 1.2}, {"trade_seq": 548, "trade_id": "194409391", "timestamp": 1639101079930, "tick_direction": 1, "price": 0.1095, "mark_price": 0.1100383, "iv": 83.85, "instrument_name": "BTC-31DEC21-46000-C", "index_price": 48521.87, "direction": "buy", "amount": 1.2}, {"trade_seq": 547, "trade_id": "194409384", "timestamp": 1639101075383, "tick_direction": 1, "price": 0.1095, "mark_price": 0.10992275, "iv": 84.0, "instrument_name": "BTC-31DEC21-46000-C", "index_price": 48518.47, "direction": "buy", "amount": 1.2}, {"trade_seq": 546, "trade_id": "194409383", "timestamp": 1639101075195, "tick_direction": 0, "price": 0.1095, "mark_price": 0.10988757, "iv": 84.0, "instrument_name": "BTC-31DEC21-46000-C", "index_price": 48518.47, "direction": "buy", "amount": 1.5}, {"trade_seq": 545, "trade_id": "194355473", "timestamp": 1639075939932, "tick_direction": 2, "price": 0.1, "mark_price": 0.0999966, "iv": 84.84, "instrument_name": "BTC-31DEC21-46000-C", "index_price": 47529.81, "direction": "sell", "amount": 0.1}, {"trade_seq": 544, "trade_id": "194349225", "timestamp": 1639074466573, "tick_direction": 2, "price": 0.1025, "mark_price": 0.10260515, "iv": 84.13, "instrument_name": "BTC-31DEC21-46000-C", "index_price": 47816.79, "direction": "sell", "amount": 0.1}, {"trade_seq": 543, "trade_id": "194347822", "timestamp": 1639074367459, "tick_direction": 2, "price": 0.105, "mark_price": 0.10535248, "iv": 83.95, "instrument_name": "BTC-31DEC21-46000-C", "index_price": 48061.46, "direction": "sell", "amount": 0.1}, {"trade_seq": 542, "trade_id": "194343623", "timestamp": 1639072503349, "tick_direction": 0, "price": 0.1085, "mark_price": 0.10899035, "iv": 83.74, "instrument_name": "BTC-31DEC21-46000-C", "index_price": 48405.28, "direction": "sell", "amount": 0.5}, {"trade_seq": 541, "trade_id": "194336124", "timestamp": 1639066666354, "tick_direction": 0, "price": 0.108, "mark_price": 0.10750289, "iv": 84.93, "instrument_name": "BTC-31DEC21-46000-C", "index_price": 48262.87, "direction": "buy", "amount": 1.3}, {"trade_seq": 540, "trade_id": "194324615", "timestamp": 1639063641145, "tick_direction": 2, "price": 0.1075, "mark_price": 0.10782456, "iv": 84.26, "instrument_name": "BTC-31DEC21-46000-C", "index_price": 48262.86, "direction": "sell", "amount": 0.1}, {"trade_seq": 539, "trade_id": "194318376", "timestamp": 1639062072228, "tick_direction": 2, "price": 0.11, "mark_price": 0.10990734, "iv": 84.93, "instrument_name": "BTC-31DEC21-46000-C", "index_price": 48444.23, "direction": "sell", "amount": 0.1}, {"trade_seq": 538, "trade_id": "194311315", "timestamp": 1639060357977, "tick_direction": 2, "price": 0.1125, "mark_price": 0.11332011, "iv": 83.01, "instrument_name": "BTC-31DEC21-46000-C", "index_price": 48806.18, "direction": "sell", "amount": 0.1}, {"trade_seq": 537, "trade_id": "194310530", "timestamp": 1639060348263, "tick_direction": 2, "price": 0.115, "mark_price": 0.11533774, "iv": 83.86, "instrument_name": "BTC-31DEC21-46000-C", "index_price": 48951.45, "direction": "sell", "amount": 0.1}, {"trade_seq": 536, "trade_id": "194152906", "timestamp": 1638967625078, "tick_direction": 2, "price": 0.1175, "mark_price": 0.11801225, "iv": 82.73, "instrument_name": "BTC-31DEC21-46000-C", "index_price": 49092.59, "direction": "sell", "amount": 0.1}, {"trade_seq": 535, "trade_id": "194049391", "timestamp": 1638899278654, "tick_direction": 0, "price": 0.1395, "mark_price": 0.14380431, "iv": 80.19, "instrument_name": "BTC-31DEC21-46000-C", "index_price": 51041.47, "direction": "sell", "amount": 1.0}, {"trade_seq": 534, "trade_id": "193889058", "timestamp": 1638827337271, "tick_direction": 0, "price": 0.1315, "mark_price": 0.13112679, "iv": 84.85, "instrument_name": "BTC-31DEC21-46000-C", "index_price": 49891.29, "direction": "buy", "amount": 9.0}, {"trade_seq": 533, "trade_id": "193879566", "timestamp": 1638823656632, "tick_direction": 2, "price": 0.119, "mark_price": 0.12288624, "iv": 80.07, "instrument_name": "BTC-31DEC21-46000-C", "index_price": 49184.87, "direction": "sell", "amount": 2.8}, {"trade_seq": 532, "trade_id": "193840152", "timestamp": 1638805320272, "tick_direction": 1, "price": 0.12, "mark_price": 0.11765971, "iv": 86.6, "instrument_name": "BTC-31DEC21-46000-C", "index_price": 48736.85, "direction": "sell", "amount": 0.5}, {"trade_seq": 531, "trade_id": "193840151", "timestamp": 1638805320272, "tick_direction": 0, "price": 0.12, "mark_price": 0.11765971, "iv": 86.6, "instrument_name": "BTC-31DEC21-46000-C", "index_price": 48736.85, "direction": "sell", "amount": 1.0}, {"trade_seq": 530, "trade_id": "193840150", "timestamp": 1638805320269, "tick_direction": 0, "price": 0.1185, "mark_price": 0.11765971, "iv": 85.04, "instrument_name": "BTC-31DEC21-46000-C", "index_price": 48736.85, "direction": "buy", "amount": 1.3}, {"trade_seq": 529, "trade_id": "193818166", "timestamp": 1638801246113, "tick_direction": 2, "price": 0.1125, "mark_price": 0.11240645, "iv": 84.64, "instrument_name": "BTC-31DEC21-46000-C", "index_price": 48236.57, "direction": "sell", "amount": 0.1}, {"trade_seq": 528, "trade_id": "193818108", "timestamp": 1638801231314, "tick_direction": 2, "price": 0.113, "mark_price": 0.11301198, "iv": 84.46, "instrument_name": "BTC-31DEC21-46000-C", "index_price": 48293.09, "direction": "sell", "amount": 0.1}, {"trade_seq": 527, "trade_id": "193815349", "timestamp": 1638800261156, "tick_direction": 2, "price": 0.1155, "mark_price": 0.11398819, "iv": 85.44, "instrument_name": "BTC-31DEC21-46000-C", "index_price": 48427.53, "direction": "buy", "amount": 0.1}, {"trade_seq": 526, "trade_id": "193815186", "timestamp": 1638800196120, "tick_direction": 0, "price": 0.116, "mark_price": 0.11400906, "iv": 85.94, "instrument_name": "BTC-31DEC21-46000-C", "index_price": 48423.95, "direction": "buy", "amount": 0.1}, {"trade_seq": 525, "trade_id": "193772961", "timestamp": 1638788941722, "tick_direction": 2, "price": 0.1025, "mark_price": 0.10277417, "iv": 84.17, "instrument_name": "BTC-31DEC21-46000-C", "index_price": 47352.62, "direction": "sell", "amount": 0.1}, {"trade_seq": 524, "trade_id": "193763556", "timestamp": 1638786287757, "tick_direction": 0, "price": 0.105, "mark_price": 0.10582392, "iv": 83.67, "instrument_name": "BTC-31DEC21-46000-C", "index_price": 47626.65, "direction": "sell", "amount": 0.1}, {"trade_seq": 523, "trade_id": "193747935", "timestamp": 1638783398832, "tick_direction": 2, "price": 0.093, "mark_price": 0.10300432, "iv": 73.67, "instrument_name": "BTC-31DEC21-46000-C", "index_price": 47437.26, "direction": "sell", "amount": 0.2}, {"trade_seq": 522, "trade_id": "193745847", "timestamp": 1638783374864, "tick_direction": 2, "price": 0.106, "mark_price": 0.10566426, "iv": 84.14, "instrument_name": "BTC-31DEC21-46000-C", "index_price": 47658.53, "direction": "sell", "amount": 7.4}, {"trade_seq": 521, "trade_id": "193745229", "timestamp": 1638783368742, "tick_direction": 2, "price": 0.1075, "mark_price": 0.10758453, "iv": 83.73, "instrument_name": "BTC-31DEC21-46000-C", "index_price": 47828.33, "direction": "sell", "amount": 0.1}, {"trade_seq": 520, "trade_id": "193739997", "timestamp": 1638781472310, "tick_direction": 2, "price": 0.113, "mark_price": 0.11347177, "iv": 83.3, "instrument_name": "BTC-31DEC21-46000-C", "index_price": 48330.68, "direction": "sell", "amount": 0.1}, {"trade_seq": 519, "trade_id": "193526692", "timestamp": 1638687361829, "tick_direction": 1, "price": 0.13, "mark_price": 0.12994331, "iv": 85.3, "instrument_name": "BTC-31DEC21-46000-C", "index_price": 49651.55, "direction": "buy", "amount": 1.3}, {"trade_seq": 518, "trade_id": "193526680", "timestamp": 1638687358832, "tick_direction": 1, "price": 0.13, "mark_price": 0.12980989, "iv": 85.44, "instrument_name": "BTC-31DEC21-46000-C", "index_price": 49638.07, "direction": "buy", "amount": 0.2}, {"trade_seq": 517, "trade_id": "193526679", "timestamp": 1638687358805, "tick_direction": 1, "price": 0.13, "mark_price": 0.12980989, "iv": 85.44, "instrument_name": "BTC-31DEC21-46000-C", "index_price": 49638.07, "direction": "buy", "amount": 0.1}, {"trade_seq": 516, "trade_id": "193526677", "timestamp": 1638687358777, "tick_direction": 1, "price": 0.13, "mark_price": 0.12980989, "iv": 85.44, "instrument_name": "BTC-31DEC21-46000-C", "index_price": 49638.07, "direction": "buy", "amount": 2.0}, {"trade_seq": 515, "trade_id": "193487557", "timestamp": 1638663839355, "tick_direction": 0, "price": 0.13, "mark_price": 0.12982923, "iv": 83.55, "instrument_name": "BTC-31DEC21-46000-C", "index_price": 49732.55, "direction": "buy", "amount": 1.4}, {"trade_seq": 514, "trade_id": "193422566", "timestamp": 1638632596379, "tick_direction": 1, "price": 0.115, "mark_price": 0.11496435, "iv": 83.66, "instrument_name": "BTC-31DEC21-46000-C", "index_price": 48394.44, "direction": "sell", "amount": 2.6}, {"trade_seq": 513, "trade_id": "193421891", "timestamp": 1638632439296, "tick_direction": 1, "price": 0.115, "mark_price": 0.11489501, "iv": 83.55, "instrument_name": "BTC-31DEC21-46000-C", "index_price": 48426.98, "direction": "sell", "amount": 0.1}, {"trade_seq": 512, "trade_id": "193421890", "timestamp": 1638632439277, "tick_direction": 0, "price": 0.115, "mark_price": 0.11489501, "iv": 83.55, "instrument_name": "BTC-31DEC21-46000-C", "index_price": 48426.98, "direction": "sell", "amount": 2.3}, {"trade_seq": 511, "trade_id": "193351250", "timestamp": 1638614357897, "tick_direction": 2, "price": 0.104, "mark_price": 0.10446192, "iv": 84.81, "instrument_name": "BTC-31DEC21-46000-C", "index_price": 47067.67, "direction": "buy", "amount": 0.5}, {"trade_seq": 510, "trade_id": "193349316", "timestamp": 1638613978874, "tick_direction": 3, "price": 0.108, "mark_price": 0.10752826, "iv": 85.69, "instrument_name": "BTC-31DEC21-46000-C", "index_price": 47393.25, "direction": "sell", "amount": 1.0}, {"trade_seq": 509, "trade_id": "193346243", "timestamp": 1638612459447, "tick_direction": 3, "price": 0.108, "mark_price": 0.10819553, "iv": 84.98, "instrument_name": "BTC-31DEC21-46000-C", "index_price": 47476.99, "direction": "buy", "amount": 0.2}, {"trade_seq": 508, "trade_id": "193344243", "timestamp": 1638611342168, "tick_direction": 3, "price": 0.108, "mark_price": 0.10742701, "iv": 85.28, "instrument_name": "BTC-31DEC21-46000-C", "index_price": 47430.88, "direction": "sell", "amount": 2.9}, {"trade_seq": 507, "trade_id": "193344242", "timestamp": 1638611342164, "tick_direction": 3, "price": 0.108, "mark_price": 0.10742701, "iv": 85.28, "instrument_name": "BTC-31DEC21-46000-C", "index_price": 47430.88, "direction": "sell", "amount": 1.9}, {"trade_seq": 506, "trade_id": "193344241", "timestamp": 1638611342160, "tick_direction": 2, "price": 0.108, "mark_price": 0.10742701, "iv": 85.28, "instrument_name": "BTC-31DEC21-46000-C", "index_price": 47430.88, "direction": "buy", "amount": 0.2}, {"trade_seq": 505, "trade_id": "193331558", "timestamp": 1638607786681, "tick_direction": 0, "price": 0.11, "mark_price": 0.10972331, "iv": 85.04, "instrument_name": "BTC-31DEC21-46000-C", "index_price": 47626.96, "direction": "buy", "amount": 0.2}, {"trade_seq": 504, "trade_id": "193308407", "timestamp": 1638604497910, "tick_direction": 3, "price": 0.1015, "mark_price": 0.10151462, "iv": 83.39, "instrument_name": "BTC-31DEC21-46000-C", "index_price": 46997.25, "direction": "sell", "amount": 4.0}, {"trade_seq": 503, "trade_id": "193308279", "timestamp": 1638604472908, "tick_direction": 3, "price": 0.1015, "mark_price": 0.10135041, "iv": 83.55, "instrument_name": "BTC-31DEC21-46000-C", "index_price": 46981.66, "direction": "sell", "amount": 1.2}, {"trade_seq": 502, "trade_id": "193308277", "timestamp": 1638604472734, "tick_direction": 2, "price": 0.1015, "mark_price": 0.10135041, "iv": 83.55, "instrument_name": "BTC-31DEC21-46000-C", "index_price": 46981.66, "direction": "sell", "amount": 1.7}, {"trade_seq": 501, "trade_id": "193307703", "timestamp": 1638604341624, "tick_direction": 1, "price": 0.1025, "mark_price": 0.10243509, "iv": 83.53, "instrument_name": "BTC-31DEC21-46000-C", "index_price": 47085.54, "direction": "sell", "amount": 0.3}, {"trade_seq": 500, "trade_id": "193307694", "timestamp": 1638604338369, "tick_direction": 1, "price": 0.1025, "mark_price": 0.1023975, "iv": 83.49, "instrument_name": "BTC-31DEC21-46000-C", "index_price": 47093.21, "direction": "sell", "amount": 3.0}, {"trade_seq": 499, "trade_id": "193307578", "timestamp": 1638604321631, "tick_direction": 0, "price": 0.1025, "mark_price": 0.10239365, "iv": 83.46, "instrument_name": "BTC-31DEC21-46000-C", "index_price": 47100.55, "direction": "sell", "amount": 1.7}, {"trade_seq": 498, "trade_id": "193289079", "timestamp": 1638602087690, "tick_direction": 2, "price": 0.1005, "mark_price": 0.10097214, "iv": 84.3, "instrument_name": "BTC-31DEC21-46000-C", "index_price": 46875.57, "direction": "sell", "amount": 0.2}, {"trade_seq": 497, "trade_id": "193278907", "timestamp": 1638600784514, "tick_direction": 2, "price": 0.108, "mark_price": 0.10956546, "iv": 83.97, "instrument_name": "BTC-31DEC21-46000-C", "index_price": 47664.74, "direction": "sell", "amount": 1.2}, {"trade_seq": 496, "trade_id": "193274315", "timestamp": 1638600108141, "tick_direction": 2, "price": 0.1135, "mark_price": 0.11414315, "iv": 88.12, "instrument_name": "BTC-31DEC21-46000-C", "index_price": 47869.44, "direction": "sell", "amount": 0.2}, {"trade_seq": 495, "trade_id": "193272447", "timestamp": 1638599877326, "tick_direction": 2, "price": 0.1165, "mark_price": 0.11792762, "iv": 88.22, "instrument_name": "BTC-31DEC21-46000-C", "index_price": 48122.85, "direction": "buy", "amount": 1.6}, {"trade_seq": 494, "trade_id": "193264081", "timestamp": 1638598955456, "tick_direction": 1, "price": 0.117, "mark_price": 0.11433859, "iv": 93.11, "instrument_name": "BTC-31DEC21-46000-C", "index_price": 47720.68, "direction": "sell", "amount": 14.9}, {"trade_seq": 493, "trade_id": "193263950", "timestamp": 1638598944628, "tick_direction": 0, "price": 0.117, "mark_price": 0.11422339, "iv": 93.1, "instrument_name": "BTC-31DEC21-46000-C", "index_price": 47704.62, "direction": "sell", "amount": 0.1}, {"trade_seq": 492, "trade_id": "193250402", "timestamp": 1638597806124, "tick_direction": 1, "price": 0.116, "mark_price": 0.11188209, "iv": 92.76, "instrument_name": "BTC-31DEC21-46000-C", "index_price": 47733.18, "direction": "buy", "amount": 0.2}, {"trade_seq": 491, "trade_id": "193250401", "timestamp": 1638597806124, "tick_direction": 0, "price": 0.116, "mark_price": 0.11188209, "iv": 92.76, "instrument_name": "BTC-31DEC21-46000-C", "index_price": 47733.18, "direction": "buy", "amount": 0.1}, {"trade_seq": 490, "trade_id": "193250144", "timestamp": 1638597789606, "tick_direction": 0, "price": 0.112, "mark_price": 0.11274429, "iv": 87.82, "instrument_name": "BTC-31DEC21-46000-C", "index_price": 47823.32, "direction": "sell", "amount": 0.2}, {"trade_seq": 489, "trade_id": "193215821", "timestamp": 1638596180375, "tick_direction": 2, "price": 0.111, "mark_price": 0.1006726, "iv": 99.95, "instrument_name": "BTC-31DEC21-46000-C", "index_price": 46730.65, "direction": "sell", "amount": 2.3}, {"trade_seq": 488, "trade_id": "193213584", "timestamp": 1638596134694, "tick_direction": 0, "price": 0.121, "mark_price": 0.10165589, "iv": 108.35, "instrument_name": "BTC-31DEC21-46000-C", "index_price": 46858.54, "direction": "sell", "amount": 2.2}, {"trade_seq": 487, "trade_id": "193188800", "timestamp": 1638595692209, "tick_direction": 2, "price": 0.0685, "mark_price": 0.05481127, "iv": 98.37, "instrument_name": "BTC-31DEC21-46000-C", "index_price": 43450.29, "direction": "sell", "amount": 0.1}, {"trade_seq": 486, "trade_id": "193184648", "timestamp": 1638595593832, "tick_direction": 2, "price": 0.07, "mark_price": 0.07196384, "iv": 81.73, "instrument_name": "BTC-31DEC21-46000-C", "index_price": 44818.84, "direction": "sell", "amount": 0.1}, {"trade_seq": 485, "trade_id": "193183925", "timestamp": 1638595581902, "tick_direction": 2, "price": 0.074, "mark_price": 0.07728755, "iv": 82.04, "instrument_name": "BTC-31DEC21-46000-C", "index_price": 44895.17, "direction": "sell", "amount": 0.1}, {"trade_seq": 484, "trade_id": "193182639", "timestamp": 1638595564861, "tick_direction": 2, "price": 0.089, "mark_price": 0.09101442, "iv": 83.43, "instrument_name": "BTC-31DEC21-46000-C", "index_price": 46078.63, "direction": "sell", "amount": 2.8}, {"trade_seq": 483, "trade_id": "193122549", "timestamp": 1638593636940, "tick_direction": 2, "price": 0.1475, "mark_price": 0.14870377, "iv": 80.66, "instrument_name": "BTC-31DEC21-46000-C", "index_price": 51351.35, "direction": "sell", "amount": 0.2}, {"trade_seq": 482, "trade_id": "192971229", "timestamp": 1638549974268, "tick_direction": 2, "price": 0.196, "mark_price": 0.19740204, "iv": 82.46, "instrument_name": "BTC-31DEC21-46000-C", "index_price": 55341.99, "direction": "buy", "amount": 0.9}, {"trade_seq": 481, "trade_id": "192967174", "timestamp": 1638548727543, "tick_direction": 2, "price": 0.197, "mark_price": 0.19764688, "iv": 83.82, "instrument_name": "BTC-31DEC21-46000-C", "index_price": 55333.61, "direction": "buy", "amount": 2.0}, {"trade_seq": 480, "trade_id": "192883709", "timestamp": 1638507783266, "tick_direction": 2, "price": 0.215, "mark_price": 0.2150315, "iv": 86.12, "instrument_name": "BTC-31DEC21-46000-C", "index_price": 56662.29, "direction": "buy", "amount": 0.3}, {"trade_seq": 479, "trade_id": "192691375", "timestamp": 1638383131419, "tick_direction": 2, "price": 0.229, "mark_price": 0.23026222, "iv": 81.6, "instrument_name": "BTC-31DEC21-46000-C", "index_price": 57902.63, "direction": "sell", "amount": 5.5}, {"trade_seq": 478, "trade_id": "192655134", "timestamp": 1638368770094, "tick_direction": 0, "price": 0.2375, "mark_price": 0.23682164, "iv": 86.16, "instrument_name": "BTC-31DEC21-46000-C", "index_price": 58387.49, "direction": "buy", "amount": 9.0}, {"trade_seq": 477, "trade_id": "192641801", "timestamp": 1638361459277, "tick_direction": 2, "price": 0.2265, "mark_price": 0.22435855, "iv": 88.32, "instrument_name": "BTC-31DEC21-46000-C", "index_price": 57285.76, "direction": "buy", "amount": 0.4}, {"trade_seq": 476, "trade_id": "192484919", "timestamp": 1638285152592, "tick_direction": 0, "price": 0.2445, "mark_price": 0.2444951, "iv": 87.12, "instrument_name": "BTC-31DEC21-46000-C", "index_price": 58937.92, "direction": "buy", "amount": 0.1}, {"trade_seq": 475, "trade_id": "191438904", "timestamp": 1637755191397, "tick_direction": 2, "price": 0.2295, "mark_price": 0.23113757, "iv": 90.91, "instrument_name": "BTC-31DEC21-46000-C", "index_price": 56655.73, "direction": "sell", "amount": 0.2}, {"trade_seq": 474, "trade_id": "191368794", "timestamp": 1637715771313, "tick_direction": 0, "price": 0.237, "mark_price": 0.24065328, "iv": 87.66, "instrument_name": "BTC-31DEC21-46000-C", "index_price": 57584.9, "direction": "sell", "amount": 0.1}, {"trade_seq": 473, "trade_id": "191324958", "timestamp": 1637689592619, "tick_direction": 0, "price": 0.235, "mark_price": 0.23953117, "iv": 86.69, "instrument_name": "BTC-31DEC21-46000-C", "index_price": 57430.32, "direction": "sell", "amount": 0.1}