{"trades": [{"trade_seq": 52, "trade_id": "238310929", "timestamp": 1672163010974, "tick_direction": 1, "price": 0.4, "mark_price": 0.40023809, "iv": 225.35, "instrument_name": "BTC-30DEC22-10000-C", "index_price": 16662.33, "direction": "sell", "amount": 0.5}, {"trade_seq": 51, "trade_id": "236803276", "timestamp": 1669577579652, "tick_direction": 1, "price": 0.4, "mark_price": 0.4000675, "iv": 103.73, "instrument_name": "BTC-30DEC22-10000-C", "index_price": 16552.18, "direction": "sell", "amount": 0.2}, {"trade_seq": 50, "trade_id": "236803275", "timestamp": 1669577579624, "tick_direction": 0, "price": 0.4, "mark_price": 0.4000675, "iv": 103.73, "instrument_name": "BTC-30DEC22-10000-C", "index_price": 16552.18, "direction": "sell", "amount": 1.0}, {"trade_seq": 49, "trade_id": "236634607", "timestamp": 1669221881526, "tick_direction": 0, "price": 0.395, "mark_price": 0.3960368, "iv": 107.95, "instrument_name": "BTC-30DEC22-10000-C", "index_price": 16403.88, "direction": "buy", "amount": 0.5}, {"trade_seq": 48, "trade_id": "236573676", "timestamp": 1669143840928, "tick_direction": 3, "price": 0.3895, "mark_price": 0.38637666, "iv": 118.59, "instrument_name": "BTC-30DEC22-10000-C", "index_price": 16104.34, "direction": "buy", "amount": 0.1}, {"trade_seq": 47, "trade_id": "236573666", "timestamp": 1669143837700, "tick_direction": 2, "price": 0.3895, "mark_price": 0.38637047, "iv": 118.8, "instrument_name": "BTC-30DEC22-10000-C", "index_price": 16101.45, "direction": "buy", "amount": 0.1}, {"trade_seq": 46, "trade_id": "236573664", "timestamp": 1669143835275, "tick_direction": 0, "price": 0.3905, "mark_price": 0.38637646, "iv": 121.01, "instrument_name": "BTC-30DEC22-10000-C", "index_price": 16101.63, "direction": "buy", "amount": 0.2}, {"trade_seq": 45, "trade_id": "236571791", "timestamp": 1669140427937, "tick_direction": 2, "price": 0.3895, "mark_price": 0.38598621, "iv": 119.45, "instrument_name": "BTC-30DEC22-10000-C", "index_price": 16096.49, "direction": "buy", "amount": 0.1}, {"trade_seq": 44, "trade_id": "236571786", "timestamp": 1669140424523, "tick_direction": 0, "price": 0.3945, "mark_price": 0.38595173, "iv": 129.54, "instrument_name": "BTC-30DEC22-10000-C", "index_price": 16095.06, "direction": "buy", "amount": 0.2}, {"trade_seq": 43, "trade_id": "236460300", "timestamp": 1669039470455, "tick_direction": 3, "price": 0.3865, "mark_price": 0.38837722, "iv": 108.41, "instrument_name": "BTC-30DEC22-10000-C", "index_price": 16137.26, "direction": "sell", "amount": 0.1}, {"trade_seq": 42, "trade_id": "236460228", "timestamp": 1669039392289, "tick_direction": 2, "price": 0.3865, "mark_price": 0.38833534, "iv": 108.55, "instrument_name": "BTC-30DEC22-10000-C", "index_price": 16137.31, "direction": "sell", "amount": 0.1}, {"trade_seq": 41, "trade_id": "236458057", "timestamp": 1669037697057, "tick_direction": 0, "price": 0.3875, "mark_price": 0.38935555, "iv": 108.39, "instrument_name": "BTC-30DEC22-10000-C", "index_price": 16175.61, "direction": "sell", "amount": 0.1}, {"trade_seq": 40, "trade_id": "236457993", "timestamp": 1669037614568, "tick_direction": 0, "price": 0.3865, "mark_price": 0.38915284, "iv": 106.43, "instrument_name": "BTC-30DEC22-10000-C", "index_price": 16171.81, "direction": "sell", "amount": 0.1}, {"trade_seq": 39, "trade_id": "236451074", "timestamp": 1669031050548, "tick_direction": 2, "price": 0.3825, "mark_price": 0.3844336, "iv": 108.97, "instrument_name": "BTC-30DEC22-10000-C", "index_price": 16039.67, "direction": "sell", "amount": 0.1}, {"trade_seq": 38, "trade_id": "236450931", "timestamp": 1669030881369, "tick_direction": 2, "price": 0.3865, "mark_price": 0.38520673, "iv": 115.94, "instrument_name": "BTC-30DEC22-10000-C", "index_price": 16063.71, "direction": "sell", "amount": 0.1}, {"trade_seq": 37, "trade_id": "235953205", "timestamp": 1668461462820, "tick_direction": 3, "price": 0.4, "mark_price": 0.40076193, "iv": 115.5, "instrument_name": "BTC-30DEC22-10000-C", "index_price": 16348.86, "direction": "buy", "amount": 0.4}, {"trade_seq": 36, "trade_id": "235953204", "timestamp": 1668461462817, "tick_direction": 3, "price": 0.4, "mark_price": 0.40076193, "iv": 115.5, "instrument_name": "BTC-30DEC22-10000-C", "index_price": 16348.86, "direction": "buy", "amount": 0.1}, {"trade_seq": 35, "trade_id": "235953203", "timestamp": 1668461461187, "tick_direction": 3, "price": 0.4, "mark_price": 0.40050157, "iv": 115.98, "instrument_name": "BTC-30DEC22-10000-C", "index_price": 16340.8, "direction": "buy", "amount": 0.1}, {"trade_seq": 34, "trade_id": "235953202", "timestamp": 1668461460973, "tick_direction": 3, "price": 0.4, "mark_price": 0.40050157, "iv": 115.98, "instrument_name": "BTC-30DEC22-10000-C", "index_price": 16340.8, "direction": "buy", "amount": 0.5}, {"trade_seq": 33, "trade_id": "235953201", "timestamp": 1668461460596, "tick_direction": 2, "price": 0.4, "mark_price": 0.40043047, "iv": 116.12, "instrument_name": "BTC-30DEC22-10000-C", "index_price": 16338.51, "direction": "buy", "amount": 0.1}, {"trade_seq": 32, "trade_id": "235311720", "timestamp": 1668135412861, "tick_direction": 3, "price": 0.4255, "mark_price": 0.42582967, "iv": 111.88, "instrument_name": "BTC-30DEC22-10000-C", "index_price": 17140.38, "direction": "buy", "amount": 0.2}, {"trade_seq": 31, "trade_id": "235311718", "timestamp": 1668135412660, "tick_direction": 2, "price": 0.4255, "mark_price": 0.42582692, "iv": 111.88, "instrument_name": "BTC-30DEC22-10000-C", "index_price": 17140.38, "direction": "buy", "amount": 0.8}, {"trade_seq": 30, "trade_id": "235136663", "timestamp": 1668091799385, "tick_direction": 1, "price": 0.432, "mark_price": 0.43634835, "iv": 104.87, "instrument_name": "BTC-30DEC22-10000-C", "index_price": 17461.55, "direction": "sell", "amount": 0.1}, {"trade_seq": 29, "trade_id": "235136656", "timestamp": 1668091798827, "tick_direction": 0, "price": 0.432, "mark_price": 0.43628321, "iv": 104.86, "instrument_name": "BTC-30DEC22-10000-C", "index_price": 17462.52, "direction": "sell", "amount": 0.1}, {"trade_seq": 28, "trade_id": "234973733", "timestamp": 1668070685486, "tick_direction": 2, "price": 0.4145, "mark_price": 0.41743705, "iv": 105.39, "instrument_name": "BTC-30DEC22-10000-C", "index_price": 16831.4, "direction": "sell", "amount": 0.1}, {"trade_seq": 27, "trade_id": "234477316", "timestamp": 1668000193506, "tick_direction": 2, "price": 0.4365, "mark_price": 0.43939068, "iv": 102.96, "instrument_name": "BTC-30DEC22-10000-C", "index_price": 17456.16, "direction": "sell", "amount": 17.0}, {"trade_seq": 26, "trade_id": "234174972", "timestamp": 1667935615586, "tick_direction": 2, "price": 0.454, "mark_price": 0.45236477, "iv": 112.84, "instrument_name": "BTC-30DEC22-10000-C", "index_price": 17921.83, "direction": "sell", "amount": 0.1}, {"trade_seq": 25, "trade_id": "234152126", "timestamp": 1667933163963, "tick_direction": 2, "price": 0.4695, "mark_price": 0.47330467, "iv": 88.35, "instrument_name": "BTC-30DEC22-10000-C", "index_price": 18724.59, "direction": "sell", "amount": 0.1}, {"trade_seq": 24, "trade_id": "233055711", "timestamp": 1666945518504, "tick_direction": 2, "price": 0.5045, "mark_price": 0.50741799, "iv": 76.18, "instrument_name": "BTC-30DEC22-10000-C", "index_price": 20112.09, "direction": "sell", "amount": 0.1}, {"trade_seq": 23, "trade_id": "232813993", "timestamp": 1666773575294, "tick_direction": 1, "price": 0.52, "mark_price": 0.52201997, "iv": 91.0, "instrument_name": "BTC-30DEC22-10000-C", "index_price": 20663.71, "direction": "sell", "amount": 0.1}, {"trade_seq": 22, "trade_id": "232813985", "timestamp": 1666773574246, "tick_direction": 1, "price": 0.52, "mark_price": 0.52222389, "iv": 90.55, "instrument_name": "BTC-30DEC22-10000-C", "index_price": 20667.84, "direction": "sell", "amount": 0.1}, {"trade_seq": 21, "trade_id": "232813943", "timestamp": 1666773573041, "tick_direction": 1, "price": 0.52, "mark_price": 0.52228532, "iv": 89.04, "instrument_name": "BTC-30DEC22-10000-C", "index_price": 20679.34, "direction": "sell", "amount": 0.1}, {"trade_seq": 20, "trade_id": "232813939", "timestamp": 1666773571664, "tick_direction": 0, "price": 0.52, "mark_price": 0.52228113, "iv": 89.07, "instrument_name": "BTC-30DEC22-10000-C", "index_price": 20678.75, "direction": "sell", "amount": 0.1}, {"trade_seq": 19, "trade_id": "232813934", "timestamp": 1666773570266, "tick_direction": 0, "price": 0.5195, "mark_price": 0.52251168, "iv": 85.35, "instrument_name": "BTC-30DEC22-10000-C", "index_price": 20683.06, "direction": "sell", "amount": 0.1}, {"trade_seq": 18, "trade_id": "232813929", "timestamp": 1666773569204, "tick_direction": 0, "price": 0.5165, "mark_price": 0.52238699, "iv": 0.0, "instrument_name": "BTC-30DEC22-10000-C", "index_price": 20688.85, "direction": "sell", "amount": 0.1}, {"trade_seq": 17, "trade_id": "232801154", "timestamp": 1666771117470, "tick_direction": 1, "price": 0.516, "mark_price": 0.5155306, "iv": 101.01, "instrument_name": "BTC-30DEC22-10000-C", "index_price": 20382.78, "direction": "buy", "amount": 0.6}, {"trade_seq": 16, "trade_id": "232801153", "timestamp": 1666771117451, "tick_direction": 1, "price": 0.516, "mark_price": 0.5155306, "iv": 101.01, "instrument_name": "BTC-30DEC22-10000-C", "index_price": 20382.78, "direction": "buy", "amount": 1.2}, {"trade_seq": 15, "trade_id": "232801122", "timestamp": 1666771117076, "tick_direction": 1, "price": 0.516, "mark_price": 0.5154344, "iv": 101.34, "instrument_name": "BTC-30DEC22-10000-C", "index_price": 20378.45, "direction": "buy", "amount": 1.0}, {"trade_seq": 14, "trade_id": "232801064", "timestamp": 1666771103315, "tick_direction": 1, "price": 0.516, "mark_price": 0.51537765, "iv": 101.54, "instrument_name": "BTC-30DEC22-10000-C", "index_price": 20377.78, "direction": "buy", "amount": 0.6}, {"trade_seq": 13, "trade_id": "232801063", "timestamp": 1666771103288, "tick_direction": 0, "price": 0.516, "mark_price": 0.51537765, "iv": 101.54, "instrument_name": "BTC-30DEC22-10000-C", "index_price": 20377.78, "direction": "buy", "amount": 0.8}, {"trade_seq": 12, "trade_id": "232797977", "timestamp": 1666769396924, "tick_direction": 0, "price": 0.5105, "mark_price": 0.51455339, "iv": 78.28, "instrument_name": "BTC-30DEC22-10000-C", "index_price": 20338.69, "direction": "sell", "amount": 0.1}, {"trade_seq": 11, "trade_id": "232447281", "timestamp": 1666341301869, "tick_direction": 2, "price": 0.479, "mark_price": 0.47939981, "iv": 90.17, "instrument_name": "BTC-30DEC22-10000-C", "index_price": 18976.85, "direction": "sell", "amount": 0.1}, {"trade_seq": 10, "trade_id": "228569377", "timestamp": 1662649066685, "tick_direction": 0, "price": 0.5, "mark_price": 0.50022653, "iv": 93.72, "instrument_name": "BTC-30DEC22-10000-C", "index_price": 19302.88, "direction": "buy", "amount": 0.2}, {"trade_seq": 9, "trade_id": "228422261", "timestamp": 1662492623191, "tick_direction": 2, "price": 0.4905, "mark_price": 0.49046025, "iv": 93.45, "instrument_name": "BTC-30DEC22-10000-C", "index_price": 18861.14, "direction": "sell", "amount": 0.1}, {"trade_seq": 8, "trade_id": "228259282", "timestamp": 1662373249908, "tick_direction": 0, "price": 0.5085, "mark_price": 0.51140453, "iv": 89.1, "instrument_name": "BTC-30DEC22-10000-C", "index_price": 19773.26, "direction": "sell", "amount": 0.1}, {"trade_seq": 7, "trade_id": "228192735", "timestamp": 1662205062461, "tick_direction": 2, "price": 0.4905, "mark_price": 0.51384881, "iv": 0.0, "instrument_name": "BTC-30DEC22-10000-C", "index_price": 19840.79, "direction": "sell", "amount": 0.1}, {"trade_seq": 6, "trade_id": "227899549", "timestamp": 1661886449631, "tick_direction": 0, "price": 0.5185, "mark_price": 0.51308932, "iv": 97.45, "instrument_name": "BTC-30DEC22-10000-C", "index_price": 19916.62, "direction": "buy", "amount": 0.1}, {"trade_seq": 5, "trade_id": "227694905", "timestamp": 1661621158012, "tick_direction": 2, "price": 0.514, "mark_price": 0.51432745, "iv": 86.99, "instrument_name": "BTC-30DEC22-10000-C", "index_price": 20002.79, "direction": "sell", "amount": 0.2}, {"trade_seq": 4, "trade_id": "227192340", "timestamp": 1661104151818, "tick_direction": 3, "price": 0.55, "mark_price": 0.55030731, "iv": 92.93, "instrument_name": "BTC-30DEC22-10000-C", "index_price": 21467.72, "direction": "buy", "amount": 1.0}, {"trade_seq": 3, "trade_id": "227118950", "timestamp": 1660993453902, "tick_direction": 2, "price": 0.55, "mark_price": 0.54694719, "iv": 99.27, "instrument_name": "BTC-30DEC22-10000-C", "index_price": 21243.97, "direction": "sell", "amount": 1.0}, {"trade_seq": 2, "trade_id": "225788299", "timestamp": 1659620529412, "tick_direction": 0, "price": 0.5835, "mark_price": 0.58317123, "iv": 94.21, "instrument_name": "BTC-30DEC22-10000-C", "index_price": 23033.0, "direction": "buy", "amount": 8.0}, {"trade_seq": 1, "trade_id": "223365238", "timestamp": 1658159796337, "tick_direction": 1, "price": 0.5805, "mark_price": 0.57954782, "iv": 96.16, "instrument_name": "BTC-30DEC22-10000-C", "index_price": 22575.38, "direction": "buy", "amount": 8.0}], "has_more": false}