{"trades": [{"trade_seq": 150, "trade_id": "188391536", "timestamp": 1636247013019, "tick_direction": 0, "price": 0.5955, "mark_price": 0.59479819, "iv": 124.27, "instrument_name": "BTC-31DEC21-26000-C", "index_price": 62308.18, "direction": "sell", "amount": 1.7}, {"trade_seq": 149, "trade_id": "187925425", "timestamp": 1635948184552, "tick_direction": 2, "price": 0.592, "mark_price": 0.59131361, "iv": 119.99, "instrument_name": "BTC-31DEC21-26000-C", "index_price": 61735.75, "direction": "sell", "amount": 0.1}, {"trade_seq": 148, "trade_id": "187445208", "timestamp": 1635643889483, "tick_direction": 0, "price": 0.5975, "mark_price": 0.59672288, "iv": 121.04, "instrument_name": "BTC-31DEC21-26000-C", "index_price": 62309.33, "direction": "sell", "amount": 1.0}, {"trade_seq": 147, "trade_id": "186837881", "timestamp": 1635362426899, "tick_direction": 2, "price": 0.568, "mark_price": 0.56780701, "iv": 113.72, "instrument_name": "BTC-31DEC21-26000-C", "index_price": 58324.61, "direction": "sell", "amount": 0.1}, {"trade_seq": 146, "trade_id": "186806160", "timestamp": 1635346197368, "tick_direction": 2, "price": 0.5765, "mark_price": 0.57628706, "iv": 113.24, "instrument_name": "BTC-31DEC21-26000-C", "index_price": 59414.4, "direction": "sell", "amount": 1.0}, {"trade_seq": 145, "trade_id": "186595096", "timestamp": 1635285586994, "tick_direction": 2, "price": 0.5885, "mark_price": 0.58751898, "iv": 118.03, "instrument_name": "BTC-31DEC21-26000-C", "index_price": 60765.18, "direction": "sell", "amount": 0.1}, {"trade_seq": 144, "trade_id": "186399508", "timestamp": 1635174266727, "tick_direction": 0, "price": 0.606, "mark_price": 0.60581106, "iv": 117.87, "instrument_name": "BTC-31DEC21-26000-C", "index_price": 63375.0, "direction": "sell", "amount": 0.5}, {"trade_seq": 143, "trade_id": "186399395", "timestamp": 1635174229702, "tick_direction": 0, "price": 0.6045, "mark_price": 0.60615081, "iv": 106.82, "instrument_name": "BTC-31DEC21-26000-C", "index_price": 63430.96, "direction": "buy", "amount": 1.0}, {"trade_seq": 142, "trade_id": "186361585", "timestamp": 1635154566170, "tick_direction": 0, "price": 0.601, "mark_price": 0.60129773, "iv": 114.09, "instrument_name": "BTC-31DEC21-26000-C", "index_price": 62690.25, "direction": "buy", "amount": 2.5}, {"trade_seq": 141, "trade_id": "183862999", "timestamp": 1633965550597, "tick_direction": 1, "price": 0.5665, "mark_price": 0.56686947, "iv": 107.29, "instrument_name": "BTC-31DEC21-26000-C", "index_price": 57305.63, "direction": "buy", "amount": 0.5}, {"trade_seq": 140, "trade_id": "183862998", "timestamp": 1633965550409, "tick_direction": 1, "price": 0.5665, "mark_price": 0.56686947, "iv": 107.29, "instrument_name": "BTC-31DEC21-26000-C", "index_price": 57305.63, "direction": "buy", "amount": 0.8}, {"trade_seq": 139, "trade_id": "183862997", "timestamp": 1633965550285, "tick_direction": 1, "price": 0.5665, "mark_price": 0.56686947, "iv": 107.29, "instrument_name": "BTC-31DEC21-26000-C", "index_price": 57305.63, "direction": "buy", "amount": 0.8}, {"trade_seq": 138, "trade_id": "183862995", "timestamp": 1633965547261, "tick_direction": 0, "price": 0.5665, "mark_price": 0.56689203, "iv": 107.23, "instrument_name": "BTC-31DEC21-26000-C", "index_price": 57304.78, "direction": "buy", "amount": 0.6}, {"trade_seq": 137, "trade_id": "181695683", "timestamp": 1632682664752, "tick_direction": 2, "price": 0.4355, "mark_price": 0.43631184, "iv": 95.31, "instrument_name": "BTC-31DEC21-26000-C", "index_price": 43222.16, "direction": "buy", "amount": 0.2}, {"trade_seq": 136, "trade_id": "179795019", "timestamp": 1631824659682, "tick_direction": 2, "price": 0.492, "mark_price": 0.49118408, "iv": 103.23, "instrument_name": "BTC-31DEC21-26000-C", "index_price": 47353.19, "direction": "sell", "amount": 0.2}, {"trade_seq": 135, "trade_id": "179767955", "timestamp": 1631803671251, "tick_direction": 0, "price": 0.495, "mark_price": 0.4938219, "iv": 103.76, "instrument_name": "BTC-31DEC21-26000-C", "index_price": 47620.43, "direction": "sell", "amount": 0.3}, {"trade_seq": 134, "trade_id": "179464246", "timestamp": 1631562137641, "tick_direction": 3, "price": 0.469, "mark_price": 0.46787589, "iv": 103.88, "instrument_name": "BTC-31DEC21-26000-C", "index_price": 44741.27, "direction": "sell", "amount": 0.2}, {"trade_seq": 133, "trade_id": "179464240", "timestamp": 1631562135574, "tick_direction": 3, "price": 0.469, "mark_price": 0.46788812, "iv": 103.87, "instrument_name": "BTC-31DEC21-26000-C", "index_price": 44745.01, "direction": "sell", "amount": 0.8}, {"trade_seq": 132, "trade_id": "179464239", "timestamp": 1631562134884, "tick_direction": 2, "price": 0.469, "mark_price": 0.46787378, "iv": 103.88, "instrument_name": "BTC-31DEC21-26000-C", "index_price": 44746.43, "direction": "sell", "amount": 1.4}, {"trade_seq": 131, "trade_id": "177433172", "timestamp": 1630530569549, "tick_direction": 0, "price": 0.506, "mark_price": 0.50512574, "iv": 101.36, "instrument_name": "BTC-31DEC21-26000-C", "index_price": 48280.65, "direction": "sell", "amount": 0.2}, {"trade_seq": 130, "trade_id": "175558388", "timestamp": 1629382031303, "tick_direction": 3, "price": 0.4825, "mark_price": 0.48280357, "iv": 100.08, "instrument_name": "BTC-31DEC21-26000-C", "index_price": 45272.16, "direction": "buy", "amount": 0.4}, {"trade_seq": 129, "trade_id": "175558385", "timestamp": 1629382031178, "tick_direction": 3, "price": 0.4825, "mark_price": 0.48280357, "iv": 100.08, "instrument_name": "BTC-31DEC21-26000-C", "index_price": 45272.16, "direction": "buy", "amount": 0.7}, {"trade_seq": 128, "trade_id": "175558379", "timestamp": 1629382030387, "tick_direction": 3, "price": 0.4825, "mark_price": 0.48276963, "iv": 100.08, "instrument_name": "BTC-31DEC21-26000-C", "index_price": 45275.01, "direction": "buy", "amount": 1.3}, {"trade_seq": 127, "trade_id": "175558378", "timestamp": 1629382030383, "tick_direction": 2, "price": 0.4825, "mark_price": 0.48276963, "iv": 100.06, "instrument_name": "BTC-31DEC21-26000-C", "index_price": 45275.01, "direction": "buy", "amount": 5.0}, {"trade_seq": 126, "trade_id": "174844450", "timestamp": 1628972982074, "tick_direction": 0, "price": 0.497, "mark_price": 0.49769054, "iv": 101.3, "instrument_name": "BTC-31DEC21-26000-C", "index_price": 46470.67, "direction": "buy", "amount": 0.2}, {"trade_seq": 125, "trade_id": "171679143", "timestamp": 1627511729511, "tick_direction": 0, "price": 0.427, "mark_price": 0.42588755, "iv": 89.64, "instrument_name": "BTC-31DEC21-26000-C", "index_price": 39931.66, "direction": "sell", "amount": 0.5}, {"trade_seq": 124, "trade_id": "171424204", "timestamp": 1627435253836, "tick_direction": 0, "price": 0.4175, "mark_price": 0.41845953, "iv": 87.06, "instrument_name": "BTC-31DEC21-26000-C", "index_price": 39345.22, "direction": "buy", "amount": 0.5}, {"trade_seq": 123, "trade_id": "171113266", "timestamp": 1627344265672, "tick_direction": 0, "price": 0.393, "mark_price": 0.39287353, "iv": 86.49, "instrument_name": "BTC-31DEC21-26000-C", "index_price": 37182.14, "direction": "sell", "amount": 2.6}, {"trade_seq": 122, "trade_id": "170445992", "timestamp": 1627173252090, "tick_direction": 1, "price": 0.349, "mark_price": 0.34919602, "iv": 82.75, "instrument_name": "BTC-31DEC21-26000-C", "index_price": 34161.18, "direction": "buy", "amount": 0.1}, {"trade_seq": 121, "trade_id": "170445987", "timestamp": 1627173251551, "tick_direction": 1, "price": 0.349, "mark_price": 0.34919602, "iv": 82.75, "instrument_name": "BTC-31DEC21-26000-C", "index_price": 34157.64, "direction": "buy", "amount": 0.1}, {"trade_seq": 120, "trade_id": "170445951", "timestamp": 1627173231336, "tick_direction": 0, "price": 0.349, "mark_price": 0.3491335, "iv": 82.78, "instrument_name": "BTC-31DEC21-26000-C", "index_price": 34155.11, "direction": "buy", "amount": 0.1}, {"trade_seq": 119, "trade_id": "170291710", "timestamp": 1627102460767, "tick_direction": 0, "price": 0.3385, "mark_price": 0.33923798, "iv": 81.8, "instrument_name": "BTC-31DEC21-26000-C", "index_price": 33737.48, "direction": "buy", "amount": 0.1}, {"trade_seq": 118, "trade_id": "170075824", "timestamp": 1627008859710, "tick_direction": 1, "price": 0.3185, "mark_price": 0.31791033, "iv": 82.15, "instrument_name": "BTC-31DEC21-26000-C", "index_price": 32635.43, "direction": "sell", "amount": 0.1}, {"trade_seq": 117, "trade_id": "170075823", "timestamp": 1627008859654, "tick_direction": 0, "price": 0.3185, "mark_price": 0.31791033, "iv": 82.15, "instrument_name": "BTC-31DEC21-26000-C", "index_price": 32635.43, "direction": "sell", "amount": 0.1}, {"trade_seq": 116, "trade_id": "169796374", "timestamp": 1626880416361, "tick_direction": 0, "price": 0.311, "mark_price": 0.31013885, "iv": 83.82, "instrument_name": "BTC-31DEC21-26000-C", "index_price": 31842.85, "direction": "sell", "amount": 2.0}, {"trade_seq": 115, "trade_id": "169423279", "timestamp": 1626748125935, "tick_direction": 3, "price": 0.2915, "mark_price": 0.29272729, "iv": 84.38, "instrument_name": "BTC-31DEC21-26000-C", "index_price": 30356.71, "direction": "buy", "amount": 0.1}, {"trade_seq": 114, "trade_id": "169423258", "timestamp": 1626748121838, "tick_direction": 3, "price": 0.2915, "mark_price": 0.29260818, "iv": 84.43, "instrument_name": "BTC-31DEC21-26000-C", "index_price": 30351.15, "direction": "buy", "amount": 0.1}, {"trade_seq": 113, "trade_id": "169423254", "timestamp": 1626748120897, "tick_direction": 3, "price": 0.2915, "mark_price": 0.29262417, "iv": 84.44, "instrument_name": "BTC-31DEC21-26000-C", "index_price": 30349.18, "direction": "buy", "amount": 0.1}, {"trade_seq": 112, "trade_id": "169423160", "timestamp": 1626748100788, "tick_direction": 3, "price": 0.2915, "mark_price": 0.29267108, "iv": 84.42, "instrument_name": "BTC-31DEC21-26000-C", "index_price": 30347.32, "direction": "buy", "amount": 0.2}, {"trade_seq": 111, "trade_id": "169423155", "timestamp": 1626748098327, "tick_direction": 2, "price": 0.2915, "mark_price": 0.29267046, "iv": 84.42, "instrument_name": "BTC-31DEC21-26000-C", "index_price": 30348.83, "direction": "buy", "amount": 0.4}, {"trade_seq": 110, "trade_id": "169422443", "timestamp": 1626747936471, "tick_direction": 3, "price": 0.292, "mark_price": 0.29329475, "iv": 84.5, "instrument_name": "BTC-31DEC21-26000-C", "index_price": 30368.09, "direction": "buy", "amount": 0.1}, {"trade_seq": 109, "trade_id": "169422439", "timestamp": 1626747936261, "tick_direction": 3, "price": 0.292, "mark_price": 0.29329475, "iv": 84.5, "instrument_name": "BTC-31DEC21-26000-C", "index_price": 30368.09, "direction": "buy", "amount": 0.1}, {"trade_seq": 108, "trade_id": "169422387", "timestamp": 1626747926305, "tick_direction": 3, "price": 0.292, "mark_price": 0.29313476, "iv": 84.59, "instrument_name": "BTC-31DEC21-26000-C", "index_price": 30360.71, "direction": "buy", "amount": 0.1}, {"trade_seq": 107, "trade_id": "169422386", "timestamp": 1626747926300, "tick_direction": 3, "price": 0.292, "mark_price": 0.29313476, "iv": 84.59, "instrument_name": "BTC-31DEC21-26000-C", "index_price": 30360.71, "direction": "buy", "amount": 0.1}, {"trade_seq": 106, "trade_id": "169422383", "timestamp": 1626747925773, "tick_direction": 3, "price": 0.292, "mark_price": 0.29313476, "iv": 84.6, "instrument_name": "BTC-31DEC21-26000-C", "index_price": 30355.27, "direction": "buy", "amount": 0.1}, {"trade_seq": 105, "trade_id": "169422367", "timestamp": 1626747925389, "tick_direction": 3, "price": 0.292, "mark_price": 0.29300083, "iv": 84.6, "instrument_name": "BTC-31DEC21-26000-C", "index_price": 30355.27, "direction": "buy", "amount": 0.1}, {"trade_seq": 104, "trade_id": "169422358", "timestamp": 1626747924880, "tick_direction": 3, "price": 0.292, "mark_price": 0.29300083, "iv": 84.64, "instrument_name": "BTC-31DEC21-26000-C", "index_price": 30355.27, "direction": "buy", "amount": 0.1}, {"trade_seq": 103, "trade_id": "169422245", "timestamp": 1626747904756, "tick_direction": 3, "price": 0.292, "mark_price": 0.29269096, "iv": 84.75, "instrument_name": "BTC-31DEC21-26000-C", "index_price": 30339.49, "direction": "buy", "amount": 0.1}, {"trade_seq": 102, "trade_id": "169422206", "timestamp": 1626747903454, "tick_direction": 3, "price": 0.292, "mark_price": 0.29264704, "iv": 84.82, "instrument_name": "BTC-31DEC21-26000-C", "index_price": 30328.36, "direction": "buy", "amount": 0.1}, {"trade_seq": 101, "trade_id": "169422205", "timestamp": 1626747903439, "tick_direction": 3, "price": 0.292, "mark_price": 0.29264704, "iv": 84.82, "instrument_name": "BTC-31DEC21-26000-C", "index_price": 30328.36, "direction": "buy", "amount": 0.1}, {"trade_seq": 100, "trade_id": "169422188", "timestamp": 1626747902693, "tick_direction": 3, "price": 0.292, "mark_price": 0.29264704, "iv": 84.82, "instrument_name": "BTC-31DEC21-26000-C", "index_price": 30328.36, "direction": "buy", "amount": 0.1}, {"trade_seq": 99, "trade_id": "169422184", "timestamp": 1626747902409, "tick_direction": 3, "price": 0.292, "mark_price": 0.29255107, "iv": 84.82, "instrument_name": "BTC-31DEC21-26000-C", "index_price": 30326.04, "direction": "buy", "amount": 0.1}, {"trade_seq": 98, "trade_id": "169422177", "timestamp": 1626747902166, "tick_direction": 3, "price": 0.292, "mark_price": 0.29255107, "iv": 84.82, "instrument_name": "BTC-31DEC21-26000-C", "index_price": 30326.04, "direction": "buy", "amount": 0.1}, {"trade_seq": 97, "trade_id": "169422172", "timestamp": 1626747900073, "tick_direction": 3, "price": 0.292, "mark_price": 0.29252122, "iv": 84.88, "instrument_name": "BTC-31DEC21-26000-C", "index_price": 30319.52, "direction": "buy", "amount": 0.1}, {"trade_seq": 96, "trade_id": "169422160", "timestamp": 1626747899755, "tick_direction": 3, "price": 0.292, "mark_price": 0.29252122, "iv": 84.88, "instrument_name": "BTC-31DEC21-26000-C", "index_price": 30319.52, "direction": "buy", "amount": 0.2}, {"trade_seq": 95, "trade_id": "169422158", "timestamp": 1626747898328, "tick_direction": 2, "price": 0.292, "mark_price": 0.29267002, "iv": 84.84, "instrument_name": "BTC-31DEC21-26000-C", "index_price": 30316.86, "direction": "buy", "amount": 0.9}, {"trade_seq": 94, "trade_id": "169216541", "timestamp": 1626658574597, "tick_direction": 3, "price": 0.3105, "mark_price": 0.31085192, "iv": 85.11, "instrument_name": "BTC-31DEC21-26000-C", "index_price": 31513.6, "direction": "buy", "amount": 0.1}, {"trade_seq": 93, "trade_id": "169216540", "timestamp": 1626658574542, "tick_direction": 3, "price": 0.3105, "mark_price": 0.31085192, "iv": 85.11, "instrument_name": "BTC-31DEC21-26000-C", "index_price": 31513.6, "direction": "buy", "amount": 0.1}, {"trade_seq": 92, "trade_id": "169216502", "timestamp": 1626658569563, "tick_direction": 3, "price": 0.3105, "mark_price": 0.31078394, "iv": 85.15, "instrument_name": "BTC-31DEC21-26000-C", "index_price": 31503.1, "direction": "buy", "amount": 0.4}, {"trade_seq": 91, "trade_id": "169216474", "timestamp": 1626658492398, "tick_direction": 3, "price": 0.3105, "mark_price": 0.31093172, "iv": 85.08, "instrument_name": "BTC-31DEC21-26000-C", "index_price": 31504.85, "direction": "buy", "amount": 0.2}, {"trade_seq": 90, "trade_id": "169216466", "timestamp": 1626658445642, "tick_direction": 2, "price": 0.3105, "mark_price": 0.31098837, "iv": 85.06, "instrument_name": "BTC-31DEC21-26000-C", "index_price": 31507.69, "direction": "buy", "amount": 0.2}, {"trade_seq": 89, "trade_id": "168569943", "timestamp": 1626264623186, "tick_direction": 3, "price": 0.332, "mark_price": 0.332402, "iv": 87.14, "instrument_name": "BTC-31DEC21-26000-C", "index_price": 32456.69, "direction": "buy", "amount": 1.4}, {"trade_seq": 88, "trade_id": "168569942", "timestamp": 1626264613830, "tick_direction": 2, "price": 0.332, "mark_price": 0.33236765, "iv": 87.16, "instrument_name": "BTC-31DEC21-26000-C", "index_price": 32456.51, "direction": "buy", "amount": 1.6}, {"trade_seq": 87, "trade_id": "168360262", "timestamp": 1626139315738, "tick_direction": 1, "price": 0.3445, "mark_price": 0.3442022, "iv": 88.53, "instrument_name": "BTC-31DEC21-26000-C", "index_price": 32999.99, "direction": "sell", "amount": 0.1}, {"trade_seq": 86, "trade_id": "168360261", "timestamp": 1626139309834, "tick_direction": 1, "price": 0.3445, "mark_price": 0.34421415, "iv": 88.51, "instrument_name": "BTC-31DEC21-26000-C", "index_price": 33001.53, "direction": "sell", "amount": 0.5}, {"trade_seq": 85, "trade_id": "168360087", "timestamp": 1626138809582, "tick_direction": 1, "price": 0.3445, "mark_price": 0.34380673, "iv": 88.64, "instrument_name": "BTC-31DEC21-26000-C", "index_price": 32982.32, "direction": "sell", "amount": 0.1}, {"trade_seq": 84, "trade_id": "168360083", "timestamp": 1626138805996, "tick_direction": 1, "price": 0.3445, "mark_price": 0.34378518, "iv": 88.66, "instrument_name": "BTC-31DEC21-26000-C", "index_price": 32981.18, "direction": "sell", "amount": 0.1}, {"trade_seq": 83, "trade_id": "168360079", "timestamp": 1626138805644, "tick_direction": 1, "price": 0.3445, "mark_price": 0.34378518, "iv": 88.66, "instrument_name": "BTC-31DEC21-26000-C", "index_price": 32981.18, "direction": "sell", "amount": 0.1}, {"trade_seq": 82, "trade_id": "168360077", "timestamp": 1626138805100, "tick_direction": 1, "price": 0.3445, "mark_price": 0.34378041, "iv": 88.66, "instrument_name": "BTC-31DEC21-26000-C", "index_price": 32981.56, "direction": "sell", "amount": 0.4}, {"trade_seq": 81, "trade_id": "168359956", "timestamp": 1626138568173, "tick_direction": 1, "price": 0.3445, "mark_price": 0.3439254, "iv": 88.57, "instrument_name": "BTC-31DEC21-26000-C", "index_price": 32989.02, "direction": "sell", "amount": 0.2}, {"trade_seq": 80, "trade_id": "168359955", "timestamp": 1626138566232, "tick_direction": 1, "price": 0.3445, "mark_price": 0.34394449, "iv": 88.56, "instrument_name": "BTC-31DEC21-26000-C", "index_price": 32989.76, "direction": "sell", "amount": 0.1}, {"trade_seq": 79, "trade_id": "168359954", "timestamp": 1626138566231, "tick_direction": 1, "price": 0.3445, "mark_price": 0.34394449, "iv": 88.56, "instrument_name": "BTC-31DEC21-26000-C", "index_price": 32989.76, "direction": "sell", "amount": 1.2}, {"trade_seq": 78, "trade_id": "168359953", "timestamp": 1626138566168, "tick_direction": 0, "price": 0.3445, "mark_price": 0.34394449, "iv": 88.56, "instrument_name": "BTC-31DEC21-26000-C", "index_price": 32989.76, "direction": "sell", "amount": 0.3}, {"trade_seq": 77, "trade_id": "168320692", "timestamp": 1626116491336, "tick_direction": 2, "price": 0.343, "mark_price": 0.34507435, "iv": 87.65, "instrument_name": "BTC-31DEC21-26000-C", "index_price": 33075.73, "direction": "buy", "amount": 1.4}, {"trade_seq": 76, "trade_id": "168274499", "timestamp": 1626089264814, "tick_direction": 0, "price": 0.3555, "mark_price": 0.35472881, "iv": 89.29, "instrument_name": "BTC-31DEC21-26000-C", "index_price": 33688.94, "direction": "sell", "amount": 0.2}, {"trade_seq": 75, "trade_id": "168022037", "timestamp": 1625862696386, "tick_direction": 3, "price": 0.3545, "mark_price": 0.35564905, "iv": 89.53, "instrument_name": "BTC-31DEC21-26000-C", "index_price": 33469.72, "direction": "buy", "amount": 1.7}, {"trade_seq": 74, "trade_id": "168022036", "timestamp": 1625862696386, "tick_direction": 2, "price": 0.3545, "mark_price": 0.35564905, "iv": 89.53, "instrument_name": "BTC-31DEC21-26000-C", "index_price": 33469.72, "direction": "buy", "amount": 0.2}, {"trade_seq": 73, "trade_id": "163088150", "timestamp": 1624041573386, "tick_direction": 3, "price": 0.3975, "mark_price": 0.39877129, "iv": 94.09, "instrument_name": "BTC-31DEC21-26000-C", "index_price": 35461.84, "direction": "sell", "amount": 0.5}, {"trade_seq": 72, "trade_id": "163088149", "timestamp": 1624041573375, "tick_direction": 2, "price": 0.3975, "mark_price": 0.39877129, "iv": 94.09, "instrument_name": "BTC-31DEC21-26000-C", "index_price": 35461.84, "direction": "sell", "amount": 0.5}, {"trade_seq": 71, "trade_id": "158961663", "timestamp": 1622280894421, "tick_direction": 2, "price": 0.4235, "mark_price": 0.4312262, "iv": 100.77, "instrument_name": "BTC-31DEC21-26000-C", "index_price": 34962.66, "direction": "sell", "amount": 0.5}, {"trade_seq": 70, "trade_id": "153531374", "timestamp": 1621291789849, "tick_direction": 3, "price": 0.53, "mark_price": 0.5263573, "iv": 111.48, "instrument_name": "BTC-31DEC21-26000-C", "index_price": 42946.28, "direction": "sell", "amount": 10.0}, {"trade_seq": 69, "trade_id": "153530734", "timestamp": 1621291728851, "tick_direction": 3, "price": 0.53, "mark_price": 0.52651821, "iv": 111.38, "instrument_name": "BTC-31DEC21-26000-C", "index_price": 42987.57, "direction": "sell", "amount": 1.5}, {"trade_seq": 68, "trade_id": "153530035", "timestamp": 1621291698800, "tick_direction": 2, "price": 0.53, "mark_price": 0.52790846, "iv": 110.66, "instrument_name": "BTC-31DEC21-26000-C", "index_price": 43122.74, "direction": "sell", "amount": 1.5}, {"trade_seq": 67, "trade_id": "151948625", "timestamp": 1621120371745, "tick_direction": 2, "price": 0.533, "mark_price": 0.54922636, "iv": 82.28, "instrument_name": "BTC-31DEC21-26000-C", "index_price": 47672.16, "direction": "sell", "amount": 13.0}, {"trade_seq": 66, "trade_id": "149522827", "timestamp": 1620491210312, "tick_direction": 0, "price": 0.623, "mark_price": 0.62431513, "iv": 85.13, "instrument_name": "BTC-31DEC21-26000-C", "index_price": 58294.56, "direction": "buy", "amount": 0.1}, {"trade_seq": 65, "trade_id": "130155283", "timestamp": 1614038478608, "tick_direction": 2, "price": 0.6005, "mark_price": 0.63507857, "iv": 62.79, "instrument_name": "BTC-31DEC21-26000-C", "index_price": 54087.07, "direction": "buy", "amount": 0.2}, {"trade_seq": 64, "trade_id": "130060439", "timestamp": 1614017216744, "tick_direction": 2, "price": 0.63, "mark_price": 0.6199037, "iv": 101.48, "instrument_name": "BTC-31DEC21-26000-C", "index_price": 51595.43, "direction": "sell", "amount": 0.2}, {"trade_seq": 63, "trade_id": "130049295", "timestamp": 1614015661748, "tick_direction": 0, "price": 0.64, "mark_price": 0.62425688, "iv": 105.2, "instrument_name": "BTC-31DEC21-26000-C", "index_price": 52557.07, "direction": "sell", "amount": 0.7}, {"trade_seq": 62, "trade_id": "129828507", "timestamp": 1613996322451, "tick_direction": 2, "price": 0.6155, "mark_price": 0.62900822, "iv": 82.11, "instrument_name": "BTC-31DEC21-26000-C", "index_price": 53210.44, "direction": "sell", "amount": 0.1}, {"trade_seq": 61, "trade_id": "129754417", "timestamp": 1613985738774, "tick_direction": 2, "price": 0.6195, "mark_price": 0.63627281, "iv": 74.09, "instrument_name": "BTC-31DEC21-26000-C", "index_price": 55565.85, "direction": "sell", "amount": 0.8}, {"trade_seq": 60, "trade_id": "128576032", "timestamp": 1613572030300, "tick_direction": 3, "price": 0.62, "mark_price": 0.61961965, "iv": 94.84, "instrument_name": "BTC-31DEC21-26000-C", "index_price": 50902.42, "direction": "buy", "amount": 0.1}, {"trade_seq": 59, "trade_id": "128566638", "timestamp": 1613568892858, "tick_direction": 2, "price": 0.62, "mark_price": 0.61739237, "iv": 96.28, "instrument_name": "BTC-31DEC21-26000-C", "index_price": 50575.84, "direction": "buy", "amount": 0.2}, {"trade_seq": 58, "trade_id": "128527530", "timestamp": 1613557425531, "tick_direction": 0, "price": 0.6465, "mark_price": 0.61965477, "iv": 111.86, "instrument_name": "BTC-31DEC21-26000-C", "index_price": 51359.45, "direction": "buy", "amount": 0.1}, {"trade_seq": 57, "trade_id": "128408562", "timestamp": 1613533404619, "tick_direction": 0, "price": 0.62, "mark_price": 0.608478, "iv": 102.62, "instrument_name": "BTC-31DEC21-26000-C", "index_price": 49429.03, "direction": "sell", "amount": 0.1}, {"trade_seq": 56, "trade_id": "128146343", "timestamp": 1613463781960, "tick_direction": 0, "price": 0.619, "mark_price": 0.60648418, "iv": 104.23, "instrument_name": "BTC-31DEC21-26000-C", "index_price": 49062.26, "direction": "sell", "amount": 0.1}, {"trade_seq": 55, "trade_id": "128033539", "timestamp": 1613435910668, "tick_direction": 2, "price": 0.6045, "mark_price": 0.59215344, "iv": 103.69, "instrument_name": "BTC-31DEC21-26000-C", "index_price": 47296.13, "direction": "sell", "amount": 0.1}, {"trade_seq": 54, "trade_id": "128033514", "timestamp": 1613435903542, "tick_direction": 2, "price": 0.606, "mark_price": 0.59211198, "iv": 104.57, "instrument_name": "BTC-31DEC21-26000-C", "index_price": 47296.6, "direction": "sell", "amount": 0.1}, {"trade_seq": 53, "trade_id": "128028142", "timestamp": 1613434970338, "tick_direction": 2, "price": 0.608, "mark_price": 0.59567073, "iv": 103.86, "instrument_name": "BTC-31DEC21-26000-C", "index_price": 47689.17, "direction": "sell", "amount": 0.1}, {"trade_seq": 52, "trade_id": "127961340", "timestamp": 1613408232991, "tick_direction": 1, "price": 0.61, "mark_price": 0.60072101, "iv": 102.12, "instrument_name": "BTC-31DEC21-26000-C", "index_price": 48484.47, "direction": "sell", "amount": 0.1}, {"trade_seq": 51, "trade_id": "127961339", "timestamp": 1613408232991, "tick_direction": 0, "price": 0.61, "mark_price": 0.60072101, "iv": 102.12, "instrument_name": "BTC-31DEC21-26000-C", "index_price": 48484.47, "direction": "sell", "amount": 0.1}, {"trade_seq": 50, "trade_id": "127521097", "timestamp": 1613269766267, "tick_direction": 2, "price": 0.5985, "mark_price": 0.59991564, "iv": 99.67, "instrument_name": "BTC-31DEC21-26000-C", "index_price": 47422.98, "direction": "buy", "amount": 0.2}, {"trade_seq": 49, "trade_id": "126903673", "timestamp": 1613058034356, "tick_direction": 2, "price": 0.601, "mark_price": 0.59623394, "iv": 101.81, "instrument_name": "BTC-31DEC21-26000-C", "index_price": 47834.13, "direction": "sell", "amount": 0.4}, {"trade_seq": 48, "trade_id": "126900478", "timestamp": 1613057096407, "tick_direction": 0, "price": 0.602, "mark_price": 0.59637591, "iv": 102.34, "instrument_name": "BTC-31DEC21-26000-C", "index_price": 48005.86, "direction": "sell", "amount": 0.1}, {"trade_seq": 47, "trade_id": "126282009", "timestamp": 1612864176167, "tick_direction": 1, "price": 0.5935, "mark_price": 0.59609915, "iv": 101.44, "instrument_name": "BTC-31DEC21-26000-C", "index_price": 46518.26, "direction": "buy", "amount": 2.8}, {"trade_seq": 46, "trade_id": "126281676", "timestamp": 1612864109114, "tick_direction": 0, "price": 0.5935, "mark_price": 0.59568827, "iv": 101.59, "instrument_name": "BTC-31DEC21-26000-C", "index_price": 46558.66, "direction": "buy", "amount": 1.0}, {"trade_seq": 45, "trade_id": "125271158", "timestamp": 1612603101871, "tick_direction": 0, "price": 0.5305, "mark_price": 0.53908274, "iv": 95.92, "instrument_name": "BTC-31DEC21-26000-C", "index_price": 39566.32, "direction": "sell", "amount": 0.9}, {"trade_seq": 44, "trade_id": "123737299", "timestamp": 1612021464443, "tick_direction": 0, "price": 0.4715, "mark_price": 0.49262407, "iv": 93.67, "instrument_name": "BTC-31DEC21-26000-C", "index_price": 34355.57, "direction": "sell", "amount": 6.9}, {"trade_seq": 43, "trade_id": "122494991", "timestamp": 1611787180762, "tick_direction": 0, "price": 0.46, "mark_price": 0.44985199, "iv": 104.89, "instrument_name": "BTC-31DEC21-26000-C", "index_price": 30590.27, "direction": "sell", "amount": 0.1}, {"trade_seq": 42, "trade_id": "122119537", "timestamp": 1611682070303, "tick_direction": 2, "price": 0.437, "mark_price": 0.46296585, "iv": 90.04, "instrument_name": "BTC-31DEC21-26000-C", "index_price": 32060.79, "direction": "sell", "amount": 1.0}, {"trade_seq": 41, "trade_id": "121487213", "timestamp": 1611511322414, "tick_direction": 0, "price": 0.45, "mark_price": 0.46080405, "iv": 93.53, "instrument_name": "BTC-31DEC21-26000-C", "index_price": 31849.49, "direction": "buy", "amount": 0.1}, {"trade_seq": 40, "trade_id": "121483609", "timestamp": 1611509250967, "tick_direction": 2, "price": 0.4345, "mark_price": 0.45993665, "iv": 88.16, "instrument_name": "BTC-31DEC21-26000-C", "index_price": 31853.25, "direction": "sell", "amount": 0.1}, {"trade_seq": 39, "trade_id": "120791443", "timestamp": 1611292446422, "tick_direction": 2, "price": 0.449, "mark_price": 0.45612256, "iv": 97.0, "instrument_name": "BTC-31DEC21-26000-C", "index_price": 30920.12, "direction": "sell", "amount": 0.1}, {"trade_seq": 38, "trade_id": "120355976", "timestamp": 1611231243455, "tick_direction": 3, "price": 0.457, "mark_price": 0.45278087, "iv": 98.57, "instrument_name": "BTC-31DEC21-26000-C", "index_price": 31413.07, "direction": "sell", "amount": 2.9}, {"trade_seq": 37, "trade_id": "120297823", "timestamp": 1611223746065, "tick_direction": 2, "price": 0.457, "mark_price": 0.47031602, "iv": 93.45, "instrument_name": "BTC-31DEC21-26000-C", "index_price": 32756.38, "direction": "sell", "amount": 0.1}, {"trade_seq": 36, "trade_id": "117494810", "timestamp": 1610483206947, "tick_direction": 0, "price": 0.54, "mark_price": 0.52267123, "iv": 115.98, "instrument_name": "BTC-31DEC21-26000-C", "index_price": 34137.85, "direction": "sell", "amount": 0.1}, {"trade_seq": 35, "trade_id": "117061391", "timestamp": 1610404093266, "tick_direction": 2, "price": 0.535, "mark_price": 0.52558311, "iv": 111.69, "instrument_name": "BTC-31DEC21-26000-C", "index_price": 34863.87, "direction": "sell", "amount": 0.2}, {"trade_seq": 34, "trade_id": "117060418", "timestamp": 1610403854169, "tick_direction": 0, "price": 0.5375, "mark_price": 0.52440251, "iv": 112.88, "instrument_name": "BTC-31DEC21-26000-C", "index_price": 34820.86, "direction": "buy", "amount": 0.6}, {"trade_seq": 33, "trade_id": "117032889", "timestamp": 1610399872568, "tick_direction": 3, "price": 0.488, "mark_price": 0.51655134, "iv": 97.64, "instrument_name": "BTC-31DEC21-26000-C", "index_price": 33806.43, "direction": "sell", "amount": 0.1}, {"trade_seq": 32, "trade_id": "117032888", "timestamp": 1610399872568, "tick_direction": 2, "price": 0.488, "mark_price": 0.51655134, "iv": 97.64, "instrument_name": "BTC-31DEC21-26000-C", "index_price": 33806.43, "direction": "sell", "amount": 0.1}, {"trade_seq": 31, "trade_id": "115749674", "timestamp": 1610263095379, "tick_direction": 0, "price": 0.5655, "mark_price": 0.59573974, "iv": 102.03, "instrument_name": "BTC-31DEC21-26000-C", "index_price": 41042.94, "direction": "sell", "amount": 0.5}, {"trade_seq": 30, "trade_id": "114832536", "timestamp": 1610078806488, "tick_direction": 0, "price": 0.515, "mark_price": 0.52379502, "iv": 88.8, "instrument_name": "BTC-31DEC21-26000-C", "index_price": 38601.24, "direction": "buy", "amount": 3.1}, {"trade_seq": 29, "trade_id": "114326390", "timestamp": 1610002110846, "tick_direction": 0, "price": 0.4935, "mark_price": 0.51245431, "iv": 83.62, "instrument_name": "BTC-31DEC21-26000-C", "index_price": 37237.45, "direction": "sell", "amount": 0.2}, {"trade_seq": 28, "trade_id": "113180753", "timestamp": 1609755477711, "tick_direction": 2, "price": 0.4075, "mark_price": 0.39538864, "iv": 85.05, "instrument_name": "BTC-31DEC21-26000-C", "index_price": 28287.23, "direction": "sell", "amount": 0.2}, {"trade_seq": 27, "trade_id": "112677590", "timestamp": 1609648346105, "tick_direction": 0, "price": 0.428, "mark_price": 0.43840684, "iv": 76.75, "instrument_name": "BTC-31DEC21-26000-C", "index_price": 32642.97, "direction": "sell", "amount": 3.1}, {"trade_seq": 26, "trade_id": "112316290", "timestamp": 1609568566334, "tick_direction": 0, "price": 0.399, "mark_price": 0.39797072, "iv": 79.51, "instrument_name": "BTC-31DEC21-26000-C", "index_price": 29663.02, "direction": "buy", "amount": 8.8}, {"trade_seq": 25, "trade_id": "111848178", "timestamp": 1609357403015, "tick_direction": 0, "price": 0.38, "mark_price": 0.38529179, "iv": 75.66, "instrument_name": "BTC-31DEC21-26000-C", "index_price": 28650.38, "direction": "sell", "amount": 0.1}, {"trade_seq": 24, "trade_id": "111434105", "timestamp": 1609195560755, "tick_direction": 2, "price": 0.342, "mark_price": 0.3507798, "iv": 72.9, "instrument_name": "BTC-31DEC21-26000-C", "index_price": 26711.45, "direction": "sell", "amount": 0.1}, {"trade_seq": 23, "trade_id": "110927797", "timestamp": 1609025165600, "tick_direction": 0, "price": 0.3595, "mark_price": 0.35386784, "iv": 79.06, "instrument_name": "BTC-31DEC21-26000-C", "index_price": 26609.02, "direction": "sell", "amount": 0.5}, {"trade_seq": 22, "trade_id": "110927306", "timestamp": 1609024938238, "tick_direction": 2, "price": 0.341, "mark_price": 0.35244778, "iv": 73.74, "instrument_name": "BTC-31DEC21-26000-C", "index_price": 26536.31, "direction": "sell", "amount": 0.1}, {"trade_seq": 21, "trade_id": "110927257", "timestamp": 1609024916258, "tick_direction": 0, "price": 0.359, "mark_price": 0.35266595, "iv": 78.99, "instrument_name": "BTC-31DEC21-26000-C", "index_price": 26548.05, "direction": "buy", "amount": 0.1}, {"trade_seq": 20, "trade_id": "110905477", "timestamp": 1609018142625, "tick_direction": 2, "price": 0.3205, "mark_price": 0.34395034, "iv": 68.66, "instrument_name": "BTC-31DEC21-26000-C", "index_price": 26541.03, "direction": "sell", "amount": 0.2}, {"trade_seq": 19, "trade_id": "110830756", "timestamp": 1608995565318, "tick_direction": 1, "price": 0.3235, "mark_price": 0.3232734, "iv": 76.09, "instrument_name": "BTC-31DEC21-26000-C", "index_price": 25377.49, "direction": "sell", "amount": 0.2}, {"trade_seq": 18, "trade_id": "110830643", "timestamp": 1608995488410, "tick_direction": 1, "price": 0.3235, "mark_price": 0.32351755, "iv": 76.1, "instrument_name": "BTC-31DEC21-26000-C", "index_price": 25380.35, "direction": "sell", "amount": 0.2}, {"trade_seq": 17, "trade_id": "110830642", "timestamp": 1608995488377, "tick_direction": 1, "price": 0.3235, "mark_price": 0.32351755, "iv": 76.1, "instrument_name": "BTC-31DEC21-26000-C", "index_price": 25380.35, "direction": "buy", "amount": 0.1}, {"trade_seq": 16, "trade_id": "110830641", "timestamp": 1608995488377, "tick_direction": 1, "price": 0.3235, "mark_price": 0.32351755, "iv": 76.1, "instrument_name": "BTC-31DEC21-26000-C", "index_price": 25380.35, "direction": "buy", "amount": 0.1}, {"trade_seq": 15, "trade_id": "110830640", "timestamp": 1608995488377, "tick_direction": 0, "price": 0.3235, "mark_price": 0.32351755, "iv": 76.1, "instrument_name": "BTC-31DEC21-26000-C", "index_price": 25380.35, "direction": "buy", "amount": 0.1}, {"trade_seq": 14, "trade_id": "110767419", "timestamp": 1608957843954, "tick_direction": 0, "price": 0.3155, "mark_price": 0.31818796, "iv": 75.92, "instrument_name": "BTC-31DEC21-26000-C", "index_price": 24857.07, "direction": "buy", "amount": 8.2}, {"trade_seq": 13, "trade_id": "110757206", "timestamp": 1608951327337, "tick_direction": 3, "price": 0.315, "mark_price": 0.31931301, "iv": 75.91, "instrument_name": "BTC-31DEC21-26000-C", "index_price": 24818.67, "direction": "buy", "amount": 0.1}, {"trade_seq": 12, "trade_id": "110757205", "timestamp": 1608951325470, "tick_direction": 2, "price": 0.315, "mark_price": 0.3193288, "iv": 75.9, "instrument_name": "BTC-31DEC21-26000-C", "index_price": 24820.75, "direction": "buy", "amount": 0.1}, {"trade_seq": 11, "trade_id": "110715588", "timestamp": 1608926789847, "tick_direction": 3, "price": 0.326, "mark_price": 0.31640442, "iv": 80.64, "instrument_name": "BTC-31DEC21-26000-C", "index_price": 24374.75, "direction": "buy", "amount": 0.1}, {"trade_seq": 10, "trade_id": "110715559", "timestamp": 1608926766383, "tick_direction": 3, "price": 0.326, "mark_price": 0.31635306, "iv": 80.62, "instrument_name": "BTC-31DEC21-26000-C", "index_price": 24380.58, "direction": "buy", "amount": 0.1}, {"trade_seq": 9, "trade_id": "110715456", "timestamp": 1608926743002, "tick_direction": 3, "price": 0.326, "mark_price": 0.31638927, "iv": 80.6, "instrument_name": "BTC-31DEC21-26000-C", "index_price": 24381.76, "direction": "sell", "amount": 0.1}, {"trade_seq": 8, "trade_id": "110715401", "timestamp": 1608926718550, "tick_direction": 3, "price": 0.326, "mark_price": 0.31650668, "iv": 80.54, "instrument_name": "BTC-31DEC21-26000-C", "index_price": 24401.02, "direction": "buy", "amount": 0.1}, {"trade_seq": 7, "trade_id": "110715391", "timestamp": 1608926708081, "tick_direction": 3, "price": 0.326, "mark_price": 0.31657242, "iv": 80.51, "instrument_name": "BTC-31DEC21-26000-C", "index_price": 24406.37, "direction": "buy", "amount": 0.1}, {"trade_seq": 6, "trade_id": "110715334", "timestamp": 1608926648124, "tick_direction": 3, "price": 0.326, "mark_price": 0.3164572, "iv": 80.47, "instrument_name": "BTC-31DEC21-26000-C", "index_price": 24418.03, "direction": "buy", "amount": 0.1}, {"trade_seq": 5, "trade_id": "110715264", "timestamp": 1608926624125, "tick_direction": 2, "price": 0.326, "mark_price": 0.31658647, "iv": 80.41, "instrument_name": "BTC-31DEC21-26000-C", "index_price": 24433.69, "direction": "buy", "amount": 0.1}, {"trade_seq": 4, "trade_id": "110715255", "timestamp": 1608926602439, "tick_direction": 1, "price": 0.3275, "mark_price": 0.3165542, "iv": 80.81, "instrument_name": "BTC-31DEC21-26000-C", "index_price": 24436.98, "direction": "buy", "amount": 0.1}, {"trade_seq": 3, "trade_id": "110715254", "timestamp": 1608926602439, "tick_direction": 0, "price": 0.3275, "mark_price": 0.3165542, "iv": 80.81, "instrument_name": "BTC-31DEC21-26000-C", "index_price": 24436.98, "direction": "buy", "amount": 0.1}, {"trade_seq": 2, "trade_id": "110661923", "timestamp": 1608904867272, "tick_direction": 0, "price": 0.32, "mark_price": 0.31300413, "iv": 78.55, "instrument_name": "BTC-31DEC21-26000-C", "index_price": 24480.92, "direction": "sell", "amount": 3.0}, {"trade_seq": 1, "trade_id": "110657167", "timestamp": 1608902258905, "tick_direction": 1, "price": 0.3078, "mark_price": 0.30213442, "iv": 75.52, "instrument_name": "BTC-31DEC21-26000-C", "index_price": 24402.16, "direction": "sell", "block_trade_id": "4871", "amount": 57.9}], "has_more": false}