{"trades": [{"trade_seq": 3465, "trade_id": "236281859", "timestamp": 1668738274534, "tick_direction": 3, "price": 0.0005, "mark_price": 6.33e-06, "iv": 174.47, "instrument_name": "BTC-30DEC22-100000-C", "index_price": 16854.9, "direction": "buy", "amount": 0.4}, {"trade_seq": 3464, "trade_id": "236203418", "timestamp": 1668652675672, "tick_direction": 3, "price": 0.0005, "mark_price": 6.94e-06, "iv": 173.35, "instrument_name": "BTC-30DEC22-100000-C", "index_price": 16664.22, "direction": "buy", "amount": 11.0}, {"trade_seq": 3463, "trade_id": "236203417", "timestamp": 1668652675672, "tick_direction": 2, "price": 0.0005, "mark_price": 6.94e-06, "iv": 173.35, "instrument_name": "BTC-30DEC22-100000-C", "index_price": 16664.22, "direction": "buy", "amount": 29.0}, {"trade_seq": 3462, "trade_id": "234734714", "timestamp": 1668030183189, "tick_direction": 0, "price": 0.001, "mark_price": 2e-07, "liquidation": "T", "iv": 174.84, "instrument_name": "BTC-30DEC22-100000-C", "index_price": 15776.47, "direction": "buy", "amount": 0.1}, {"trade_seq": 3461, "trade_id": "234236692", "timestamp": 1667938149088, "tick_direction": 3, "price": 0.0005, "mark_price": 1.39e-06, "iv": 152.02, "instrument_name": "BTC-30DEC22-100000-C", "index_price": 18064.66, "direction": "buy", "amount": 0.1}, {"trade_seq": 3460, "trade_id": "232653016", "timestamp": 1666704840105, "tick_direction": 3, "price": 0.0005, "mark_price": 2.875e-05, "iv": 129.62, "instrument_name": "BTC-30DEC22-100000-C", "index_price": 19427.87, "direction": "buy", "amount": 10.0}, {"trade_seq": 3459, "trade_id": "232653015", "timestamp": 1666704840105, "tick_direction": 3, "price": 0.0005, "mark_price": 2.875e-05, "iv": 129.62, "instrument_name": "BTC-30DEC22-100000-C", "index_price": 19427.87, "direction": "buy", "amount": 41.0}, {"trade_seq": 3458, "trade_id": "232653014", "timestamp": 1666704840105, "tick_direction": 3, "price": 0.0005, "mark_price": 2.875e-05, "iv": 129.62, "instrument_name": "BTC-30DEC22-100000-C", "index_price": 19427.87, "direction": "buy", "amount": 0.1}, {"trade_seq": 3457, "trade_id": "232653013", "timestamp": 1666704840105, "tick_direction": 3, "price": 0.0005, "mark_price": 2.875e-05, "iv": 129.62, "instrument_name": "BTC-30DEC22-100000-C", "index_price": 19427.87, "direction": "buy", "amount": 2.9}, {"trade_seq": 3456, "trade_id": "231485370", "timestamp": 1665216682177, "tick_direction": 3, "price": 0.0005, "mark_price": 0.00016268, "iv": 115.14, "instrument_name": "BTC-30DEC22-100000-C", "index_price": 19508.72, "direction": "buy", "amount": 0.1}, {"trade_seq": 3455, "trade_id": "230338873", "timestamp": 1664271711453, "tick_direction": 3, "price": 0.0005, "mark_price": 0.00043842, "iv": 106.3, "instrument_name": "BTC-30DEC22-100000-C", "index_price": 20196.44, "direction": "buy", "amount": 2.0}, {"trade_seq": 3454, "trade_id": "230238748", "timestamp": 1664198325057, "tick_direction": 3, "price": 0.0005, "mark_price": 0.00032408, "iv": 109.02, "instrument_name": "BTC-30DEC22-100000-C", "index_price": 19075.99, "direction": "sell", "amount": 5.9}, {"trade_seq": 3453, "trade_id": "230238747", "timestamp": 1664198322610, "tick_direction": 3, "price": 0.0005, "mark_price": 0.00032356, "iv": 109.02, "instrument_name": "BTC-30DEC22-100000-C", "index_price": 19076.71, "direction": "sell", "amount": 20.2}, {"trade_seq": 3452, "trade_id": "230238746", "timestamp": 1664198322605, "tick_direction": 3, "price": 0.0005, "mark_price": 0.00032356, "iv": 109.02, "instrument_name": "BTC-30DEC22-100000-C", "index_price": 19076.71, "direction": "buy", "amount": 4.9}, {"trade_seq": 3451, "trade_id": "230218740", "timestamp": 1664183315774, "tick_direction": 3, "price": 0.0005, "mark_price": 0.00034415, "iv": 108.46, "instrument_name": "BTC-30DEC22-100000-C", "index_price": 19219.81, "direction": "buy", "amount": 0.1}, {"trade_seq": 3450, "trade_id": "229321708", "timestamp": 1663341624703, "tick_direction": 2, "price": 0.0005, "mark_price": 0.00079364, "iv": 101.96, "instrument_name": "BTC-30DEC22-100000-C", "index_price": 19724.05, "direction": "sell", "amount": 0.3}, {"trade_seq": 3449, "trade_id": "229179263", "timestamp": 1663182542602, "tick_direction": 3, "price": 0.0005, "mark_price": 0.00090099, "iv": 100.74, "instrument_name": "BTC-30DEC22-100000-C", "index_price": 19839.53, "direction": "buy", "amount": 0.3}, {"trade_seq": 3448, "trade_id": "229179262", "timestamp": 1663182542363, "tick_direction": 3, "price": 0.0005, "mark_price": 0.00090099, "iv": 100.74, "instrument_name": "BTC-30DEC22-100000-C", "index_price": 19839.53, "direction": "sell", "amount": 1.0}, {"trade_seq": 3447, "trade_id": "229179261", "timestamp": 1663182542363, "tick_direction": 3, "price": 0.0005, "mark_price": 0.00090099, "iv": 100.74, "instrument_name": "BTC-30DEC22-100000-C", "index_price": 19839.53, "direction": "sell", "amount": 5.0}, {"trade_seq": 3446, "trade_id": "229179260", "timestamp": 1663182542363, "tick_direction": 2, "price": 0.0005, "mark_price": 0.00090099, "iv": 100.74, "instrument_name": "BTC-30DEC22-100000-C", "index_price": 19839.53, "direction": "sell", "amount": 0.2}, {"trade_seq": 3445, "trade_id": "228778105", "timestamp": 1662839635362, "tick_direction": 0, "price": 0.0015, "mark_price": 0.00111188, "iv": 105.06, "instrument_name": "BTC-30DEC22-100000-C", "index_price": 21587.88, "direction": "sell", "amount": 0.6}, {"trade_seq": 3444, "trade_id": "228194922", "timestamp": 1662214448400, "tick_direction": 3, "price": 0.001, "mark_price": 0.00106262, "iv": 102.14, "instrument_name": "BTC-30DEC22-100000-C", "index_price": 19847.35, "direction": "sell", "amount": 10.0}, {"trade_seq": 3443, "trade_id": "228194918", "timestamp": 1662214405189, "tick_direction": 2, "price": 0.001, "mark_price": 0.00106519, "iv": 102.15, "instrument_name": "BTC-30DEC22-100000-C", "index_price": 19844.11, "direction": "sell", "amount": 5.0}, {"trade_seq": 3442, "trade_id": "227883720", "timestamp": 1661875377295, "tick_direction": 0, "price": 0.0014, "mark_price": 0.00090694, "iv": 104.07, "instrument_name": "BTC-30DEC22-100000-C", "index_price": 19810.99, "direction": "buy", "block_trade_id": "48219", "amount": 100.0}, {"trade_seq": 3441, "trade_id": "227874083", "timestamp": 1661870648368, "tick_direction": 2, "price": 0.001, "mark_price": 0.00096041, "iv": 100.49, "instrument_name": "BTC-30DEC22-100000-C", "index_price": 19836.18, "direction": "sell", "amount": 0.5}, {"trade_seq": 3440, "trade_id": "227711471", "timestamp": 1661662675786, "tick_direction": 3, "price": 0.0015, "mark_price": 0.00195737, "iv": 103.28, "instrument_name": "BTC-30DEC22-100000-C", "index_price": 19993.16, "direction": "buy", "amount": 0.9}, {"trade_seq": 3439, "trade_id": "227711470", "timestamp": 1661662675188, "tick_direction": 3, "price": 0.0015, "mark_price": 0.00195737, "iv": 103.28, "instrument_name": "BTC-30DEC22-100000-C", "index_price": 19993.34, "direction": "sell", "amount": 4.1}, {"trade_seq": 3438, "trade_id": "227592813", "timestamp": 1661530495993, "tick_direction": 2, "price": 0.0015, "mark_price": 0.00146951, "iv": 100.49, "instrument_name": "BTC-30DEC22-100000-C", "index_price": 20827.5, "direction": "sell", "amount": 0.4}, {"trade_seq": 3437, "trade_id": "227389543", "timestamp": 1661353424778, "tick_direction": 3, "price": 0.002, "mark_price": 0.0024577, "iv": 101.1, "instrument_name": "BTC-30DEC22-100000-C", "index_price": 21464.73, "direction": "sell", "amount": 4.7}, {"trade_seq": 3436, "trade_id": "227389542", "timestamp": 1661353424778, "tick_direction": 3, "price": 0.002, "mark_price": 0.0024577, "iv": 101.1, "instrument_name": "BTC-30DEC22-100000-C", "index_price": 21464.73, "direction": "sell", "amount": 0.2}, {"trade_seq": 3435, "trade_id": "227389541", "timestamp": 1661353424778, "tick_direction": 2, "price": 0.002, "mark_price": 0.0024577, "iv": 101.1, "instrument_name": "BTC-30DEC22-100000-C", "index_price": 21464.73, "direction": "sell", "amount": 0.1}, {"trade_seq": 3434, "trade_id": "227258926", "timestamp": 1661187182989, "tick_direction": 3, "price": 0.0025, "mark_price": 0.00274461, "iv": 103.17, "instrument_name": "BTC-30DEC22-100000-C", "index_price": 21351.43, "direction": "sell", "amount": 0.1}, {"trade_seq": 3433, "trade_id": "227258925", "timestamp": 1661187182989, "tick_direction": 3, "price": 0.0025, "mark_price": 0.00274461, "iv": 103.17, "instrument_name": "BTC-30DEC22-100000-C", "index_price": 21351.43, "direction": "sell", "amount": 92.7}, {"trade_seq": 3432, "trade_id": "227121537", "timestamp": 1660998057540, "tick_direction": 3, "price": 0.0025, "mark_price": 0.00273042, "iv": 102.6, "instrument_name": "BTC-30DEC22-100000-C", "index_price": 21216.81, "direction": "sell", "amount": 3.0}, {"trade_seq": 3431, "trade_id": "227073523", "timestamp": 1660945711795, "tick_direction": 3, "price": 0.0025, "mark_price": 0.00268501, "iv": 102.6, "instrument_name": "BTC-30DEC22-100000-C", "index_price": 21135.28, "direction": "sell", "amount": 35.0}, {"trade_seq": 3430, "trade_id": "227070376", "timestamp": 1660942119714, "tick_direction": 3, "price": 0.0025, "mark_price": 0.00275164, "iv": 102.31, "instrument_name": "BTC-30DEC22-100000-C", "index_price": 21250.46, "direction": "sell", "amount": 2.0}, {"trade_seq": 3429, "trade_id": "227053930", "timestamp": 1660932580744, "tick_direction": 2, "price": 0.0025, "mark_price": 0.00271551, "iv": 101.9, "instrument_name": "BTC-30DEC22-100000-C", "index_price": 21391.94, "direction": "sell", "amount": 4.9}, {"trade_seq": 3428, "trade_id": "226774849", "timestamp": 1660739867562, "tick_direction": 0, "price": 0.003, "mark_price": 0.00276212, "iv": 97.63, "instrument_name": "BTC-30DEC22-100000-C", "index_price": 23642.75, "direction": "buy", "amount": 10.0}, {"trade_seq": 3427, "trade_id": "226658681", "timestamp": 1660621271298, "tick_direction": 3, "price": 0.0025, "mark_price": 0.00301293, "iv": 93.93, "instrument_name": "BTC-30DEC22-100000-C", "index_price": 24143.58, "direction": "sell", "amount": 3.0}, {"trade_seq": 3426, "trade_id": "226654601", "timestamp": 1660616218518, "tick_direction": 3, "price": 0.0025, "mark_price": 0.00298116, "iv": 93.81, "instrument_name": "BTC-30DEC22-100000-C", "index_price": 24188.9, "direction": "sell", "amount": 3.8}, {"trade_seq": 3425, "trade_id": "226654600", "timestamp": 1660616212310, "tick_direction": 2, "price": 0.0025, "mark_price": 0.00298281, "iv": 93.81, "instrument_name": "BTC-30DEC22-100000-C", "index_price": 24190.69, "direction": "sell", "amount": 5.0}, {"trade_seq": 3424, "trade_id": "226603900", "timestamp": 1660560754964, "tick_direction": 1, "price": 0.0035, "mark_price": 0.00298888, "iv": 97.35, "instrument_name": "BTC-30DEC22-100000-C", "index_price": 24223.85, "direction": "sell", "amount": 0.6}, {"trade_seq": 3423, "trade_id": "226603899", "timestamp": 1660560754961, "tick_direction": 1, "price": 0.0035, "mark_price": 0.00298888, "iv": 97.35, "instrument_name": "BTC-30DEC22-100000-C", "index_price": 24223.85, "direction": "buy", "amount": 3.9}, {"trade_seq": 3422, "trade_id": "226603898", "timestamp": 1660560754961, "tick_direction": 1, "price": 0.0035, "mark_price": 0.00298888, "iv": 97.35, "instrument_name": "BTC-30DEC22-100000-C", "index_price": 24223.85, "direction": "buy", "amount": 18.3}, {"trade_seq": 3421, "trade_id": "226603897", "timestamp": 1660560754961, "tick_direction": 1, "price": 0.0035, "mark_price": 0.00298888, "iv": 97.35, "instrument_name": "BTC-30DEC22-100000-C", "index_price": 24223.85, "direction": "buy", "amount": 34.0}, {"trade_seq": 3420, "trade_id": "226603896", "timestamp": 1660560754961, "tick_direction": 1, "price": 0.0035, "mark_price": 0.00298888, "iv": 97.35, "instrument_name": "BTC-30DEC22-100000-C", "index_price": 24223.85, "direction": "buy", "amount": 2.7}, {"trade_seq": 3419, "trade_id": "226603895", "timestamp": 1660560754961, "tick_direction": 0, "price": 0.0035, "mark_price": 0.00298888, "iv": 97.35, "instrument_name": "BTC-30DEC22-100000-C", "index_price": 24223.85, "direction": "buy", "amount": 0.1}, {"trade_seq": 3418, "trade_id": "226565128", "timestamp": 1660531743556, "tick_direction": 3, "price": 0.0025, "mark_price": 0.0030217, "iv": 92.0, "instrument_name": "BTC-30DEC22-100000-C", "index_price": 24827.78, "direction": "sell", "amount": 0.5}, {"trade_seq": 3417, "trade_id": "226473973", "timestamp": 1660381802945, "tick_direction": 2, "price": 0.0025, "mark_price": 0.00321591, "iv": 92.23, "instrument_name": "BTC-30DEC22-100000-C", "index_price": 24409.32, "direction": "sell", "amount": 0.1}, {"trade_seq": 3416, "trade_id": "226449537", "timestamp": 1660351564533, "tick_direction": 3, "price": 0.003, "mark_price": 0.00303576, "iv": 94.0, "instrument_name": "BTC-30DEC22-100000-C", "index_price": 24461.91, "direction": "sell", "amount": 1.2}, {"trade_seq": 3415, "trade_id": "226448384", "timestamp": 1660350370043, "tick_direction": 3, "price": 0.003, "mark_price": 0.00314814, "iv": 94.13, "instrument_name": "BTC-30DEC22-100000-C", "index_price": 24383.23, "direction": "sell", "amount": 5.0}, {"trade_seq": 3414, "trade_id": "226339328", "timestamp": 1660237826440, "tick_direction": 3, "price": 0.003, "mark_price": 0.00324474, "iv": 93.93, "instrument_name": "BTC-30DEC22-100000-C", "index_price": 24333.79, "direction": "sell", "amount": 5.0}, {"trade_seq": 3413, "trade_id": "226339327", "timestamp": 1660237826440, "tick_direction": 3, "price": 0.003, "mark_price": 0.00324474, "iv": 93.93, "instrument_name": "BTC-30DEC22-100000-C", "index_price": 24333.79, "direction": "sell", "amount": 5.0}, {"trade_seq": 3412, "trade_id": "226339326", "timestamp": 1660237826440, "tick_direction": 3, "price": 0.003, "mark_price": 0.00324474, "iv": 93.93, "instrument_name": "BTC-30DEC22-100000-C", "index_price": 24333.79, "direction": "sell", "amount": 0.1}, {"trade_seq": 3411, "trade_id": "226339325", "timestamp": 1660237826440, "tick_direction": 3, "price": 0.003, "mark_price": 0.00324474, "iv": 93.93, "instrument_name": "BTC-30DEC22-100000-C", "index_price": 24333.79, "direction": "sell", "amount": 12.1}, {"trade_seq": 3410, "trade_id": "226284767", "timestamp": 1660199648281, "tick_direction": 3, "price": 0.003, "mark_price": 0.00327219, "iv": 93.32, "instrument_name": "BTC-30DEC22-100000-C", "index_price": 24555.68, "direction": "sell", "amount": 1.0}, {"trade_seq": 3409, "trade_id": "226282911", "timestamp": 1660197390135, "tick_direction": 3, "price": 0.003, "mark_price": 0.00335745, "iv": 93.27, "instrument_name": "BTC-30DEC22-100000-C", "index_price": 24578.2, "direction": "sell", "amount": 8.2}, {"trade_seq": 3408, "trade_id": "226262029", "timestamp": 1660177186041, "tick_direction": 3, "price": 0.003, "mark_price": 0.003427, "iv": 94.32, "instrument_name": "BTC-30DEC22-100000-C", "index_price": 24071.25, "direction": "sell", "amount": 5.0}, {"trade_seq": 3407, "trade_id": "226182022", "timestamp": 1660116100249, "tick_direction": 3, "price": 0.003, "mark_price": 0.00324806, "iv": 96.64, "instrument_name": "BTC-30DEC22-100000-C", "index_price": 22968.89, "direction": "sell", "amount": 0.1}, {"trade_seq": 3406, "trade_id": "226036834", "timestamp": 1659954613013, "tick_direction": 3, "price": 0.003, "mark_price": 0.00323412, "iv": 93.37, "instrument_name": "BTC-30DEC22-100000-C", "index_price": 24045.08, "direction": "sell", "amount": 4.0}, {"trade_seq": 3405, "trade_id": "226036828", "timestamp": 1659954609710, "tick_direction": 3, "price": 0.003, "mark_price": 0.00323413, "iv": 93.38, "instrument_name": "BTC-30DEC22-100000-C", "index_price": 24042.6, "direction": "sell", "amount": 4.0}, {"trade_seq": 3404, "trade_id": "226035096", "timestamp": 1659952354320, "tick_direction": 3, "price": 0.003, "mark_price": 0.00329174, "iv": 93.19, "instrument_name": "BTC-30DEC22-100000-C", "index_price": 24124.99, "direction": "sell", "amount": 10.0}, {"trade_seq": 3403, "trade_id": "225851802", "timestamp": 1659686800377, "tick_direction": 2, "price": 0.003, "mark_price": 0.00338011, "iv": 94.27, "instrument_name": "BTC-30DEC22-100000-C", "index_price": 23221.77, "direction": "sell", "amount": 0.1}, {"trade_seq": 3402, "trade_id": "225754201", "timestamp": 1659580527396, "tick_direction": 2, "price": 0.0035, "mark_price": 0.00325926, "iv": 95.74, "instrument_name": "BTC-30DEC22-100000-C", "index_price": 23184.17, "direction": "buy", "amount": 0.3}, {"trade_seq": 3401, "trade_id": "225216858", "timestamp": 1659128558761, "tick_direction": 2, "price": 0.004, "mark_price": 0.00368458, "iv": 93.85, "instrument_name": "BTC-30DEC22-100000-C", "index_price": 23959.46, "direction": "buy", "amount": 0.1}, {"trade_seq": 3400, "trade_id": "224980793", "timestamp": 1659037556288, "tick_direction": 0, "price": 0.0045, "mark_price": 0.00368502, "iv": 95.46, "instrument_name": "BTC-30DEC22-100000-C", "index_price": 23792.77, "direction": "buy", "amount": 0.1}, {"trade_seq": 3399, "trade_id": "224851871", "timestamp": 1658986911038, "tick_direction": 0, "price": 0.004, "mark_price": 0.00349948, "iv": 95.24, "instrument_name": "BTC-30DEC22-100000-C", "index_price": 23177.69, "direction": "buy", "amount": 0.2}, {"trade_seq": 3398, "trade_id": "224391946", "timestamp": 1658703180019, "tick_direction": 2, "price": 0.0035, "mark_price": 0.0039145, "iv": 93.61, "instrument_name": "BTC-30DEC22-100000-C", "index_price": 22758.94, "direction": "buy", "amount": 5.0}, {"trade_seq": 3397, "trade_id": "223958988", "timestamp": 1658396846164, "tick_direction": 2, "price": 0.004, "mark_price": 0.00398427, "iv": 93.76, "instrument_name": "BTC-30DEC22-100000-C", "index_price": 22958.04, "direction": "sell", "amount": 0.2}, {"trade_seq": 3396, "trade_id": "223926092", "timestamp": 1658373977130, "tick_direction": 2, "price": 0.0045, "mark_price": 0.004079, "iv": 95.43, "instrument_name": "BTC-30DEC22-100000-C", "index_price": 22779.43, "direction": "sell", "amount": 0.5}, {"trade_seq": 3395, "trade_id": "223838415", "timestamp": 1658340362988, "tick_direction": 1, "price": 0.005, "mark_price": 0.00439684, "iv": 94.77, "instrument_name": "BTC-30DEC22-100000-C", "index_price": 23634.68, "direction": "sell", "amount": 0.2}, {"trade_seq": 3394, "trade_id": "223801112", "timestamp": 1658328843764, "tick_direction": 0, "price": 0.005, "mark_price": 0.00419581, "iv": 93.68, "instrument_name": "BTC-30DEC22-100000-C", "index_price": 24111.48, "direction": "buy", "amount": 1.0}, {"trade_seq": 3393, "trade_id": "223394820", "timestamp": 1658168970088, "tick_direction": 0, "price": 0.0045, "mark_price": 0.00374231, "iv": 96.73, "instrument_name": "BTC-30DEC22-100000-C", "index_price": 21919.99, "direction": "buy", "amount": 21.1}, {"trade_seq": 3392, "trade_id": "223363742", "timestamp": 1658159494161, "tick_direction": 1, "price": 0.004, "mark_price": 0.00379219, "iv": 94.23, "instrument_name": "BTC-30DEC22-100000-C", "index_price": 22374.61, "direction": "buy", "amount": 2.5}, {"trade_seq": 3391, "trade_id": "223347375", "timestamp": 1658150418806, "tick_direction": 1, "price": 0.004, "mark_price": 0.00364095, "iv": 94.6, "instrument_name": "BTC-30DEC22-100000-C", "index_price": 22191.21, "direction": "buy", "amount": 0.5}, {"trade_seq": 3390, "trade_id": "222980564", "timestamp": 1657822970205, "tick_direction": 0, "price": 0.004, "mark_price": 0.00354185, "iv": 97.1, "instrument_name": "BTC-30DEC22-100000-C", "index_price": 20664.86, "direction": "buy", "amount": 1.0}, {"trade_seq": 3389, "trade_id": "222915387", "timestamp": 1657791476368, "tick_direction": 3, "price": 0.003, "mark_price": 0.00345308, "iv": 95.92, "instrument_name": "BTC-30DEC22-100000-C", "index_price": 19710.88, "direction": "sell", "amount": 1.0}, {"trade_seq": 3388, "trade_id": "222667139", "timestamp": 1657619899218, "tick_direction": 2, "price": 0.003, "mark_price": 0.00324893, "iv": 95.57, "instrument_name": "BTC-30DEC22-100000-C", "index_price": 19619.26, "direction": "sell", "amount": 22.7}, {"trade_seq": 3387, "trade_id": "222482440", "timestamp": 1657403659219, "tick_direction": 3, "price": 0.0035, "mark_price": 0.0033059, "iv": 91.76, "instrument_name": "BTC-30DEC22-100000-C", "index_price": 21713.53, "direction": "buy", "amount": 0.1}, {"trade_seq": 3386, "trade_id": "221987004", "timestamp": 1657024699783, "tick_direction": 3, "price": 0.0035, "mark_price": 0.00324345, "iv": 95.95, "instrument_name": "BTC-30DEC22-100000-C", "index_price": 19362.35, "direction": "buy", "amount": 15.0}, {"trade_seq": 3385, "trade_id": "221986995", "timestamp": 1657024697788, "tick_direction": 3, "price": 0.0035, "mark_price": 0.00324193, "iv": 95.95, "instrument_name": "BTC-30DEC22-100000-C", "index_price": 19360.44, "direction": "buy", "amount": 15.0}, {"trade_seq": 3384, "trade_id": "221986994", "timestamp": 1657024695833, "tick_direction": 3, "price": 0.0035, "mark_price": 0.00324391, "iv": 95.95, "instrument_name": "BTC-30DEC22-100000-C", "index_price": 19363.3, "direction": "buy", "amount": 15.0}, {"trade_seq": 3383, "trade_id": "221986993", "timestamp": 1657024688841, "tick_direction": 3, "price": 0.0035, "mark_price": 0.0032489, "iv": 95.93, "instrument_name": "BTC-30DEC22-100000-C", "index_price": 19373.04, "direction": "buy", "amount": 15.0}, {"trade_seq": 3382, "trade_id": "221986992", "timestamp": 1657024686381, "tick_direction": 3, "price": 0.0035, "mark_price": 0.00324978, "iv": 95.93, "instrument_name": "BTC-30DEC22-100000-C", "index_price": 19374.32, "direction": "buy", "amount": 15.0}, {"trade_seq": 3381, "trade_id": "221986991", "timestamp": 1657024683974, "tick_direction": 3, "price": 0.0035, "mark_price": 0.00324997, "iv": 95.93, "instrument_name": "BTC-30DEC22-100000-C", "index_price": 19374.72, "direction": "buy", "amount": 15.0}, {"trade_seq": 3380, "trade_id": "221986335", "timestamp": 1657024596551, "tick_direction": 3, "price": 0.0035, "mark_price": 0.00323861, "iv": 95.83, "instrument_name": "BTC-30DEC22-100000-C", "index_price": 19405.2, "direction": "buy", "amount": 15.0}, {"trade_seq": 3379, "trade_id": "221986334", "timestamp": 1657024596551, "tick_direction": 2, "price": 0.0035, "mark_price": 0.00323861, "iv": 95.83, "instrument_name": "BTC-30DEC22-100000-C", "index_price": 19405.2, "direction": "buy", "amount": 2.1}, {"trade_seq": 3378, "trade_id": "221752613", "timestamp": 1656834678725, "tick_direction": 0, "price": 0.004, "mark_price": 0.00432153, "iv": 97.74, "instrument_name": "BTC-30DEC22-100000-C", "index_price": 19094.93, "direction": "buy", "amount": 0.1}, {"trade_seq": 3377, "trade_id": "221619908", "timestamp": 1656668001627, "tick_direction": 3, "price": 0.0035, "mark_price": 0.00348043, "iv": 94.76, "instrument_name": "BTC-30DEC22-100000-C", "index_price": 19441.24, "direction": "buy", "amount": 1.5}, {"trade_seq": 3376, "trade_id": "221619907", "timestamp": 1656668001625, "tick_direction": 3, "price": 0.0035, "mark_price": 0.00348043, "iv": 94.76, "instrument_name": "BTC-30DEC22-100000-C", "index_price": 19441.24, "direction": "buy", "amount": 2.2}, {"trade_seq": 3375, "trade_id": "221619906", "timestamp": 1656668001606, "tick_direction": 3, "price": 0.0035, "mark_price": 0.00348043, "iv": 94.76, "instrument_name": "BTC-30DEC22-100000-C", "index_price": 19441.24, "direction": "buy", "amount": 3.4}, {"trade_seq": 3374, "trade_id": "221362177", "timestamp": 1656540717659, "tick_direction": 3, "price": 0.0035, "mark_price": 0.003627, "iv": 92.48, "instrument_name": "BTC-30DEC22-100000-C", "index_price": 20289.13, "direction": "buy", "amount": 1.0}, {"trade_seq": 3373, "trade_id": "221274558", "timestamp": 1656488515947, "tick_direction": 3, "price": 0.0035, "mark_price": 0.00361327, "iv": 92.91, "instrument_name": "BTC-30DEC22-100000-C", "index_price": 20047.22, "direction": "sell", "amount": 1.3}, {"trade_seq": 3372, "trade_id": "221274557", "timestamp": 1656488515947, "tick_direction": 3, "price": 0.0035, "mark_price": 0.00361327, "iv": 92.91, "instrument_name": "BTC-30DEC22-100000-C", "index_price": 20047.22, "direction": "sell", "amount": 3.8}, {"trade_seq": 3371, "trade_id": "221271952", "timestamp": 1656487072686, "tick_direction": 3, "price": 0.0035, "mark_price": 0.00374505, "iv": 93.04, "instrument_name": "BTC-30DEC22-100000-C", "index_price": 19984.88, "direction": "sell", "amount": 8.4}, {"trade_seq": 3370, "trade_id": "221219389", "timestamp": 1656449098475, "tick_direction": 3, "price": 0.0035, "mark_price": 0.00374222, "iv": 92.24, "instrument_name": "BTC-30DEC22-100000-C", "index_price": 20263.84, "direction": "sell", "amount": 1.0}, {"trade_seq": 3369, "trade_id": "221209955", "timestamp": 1656444853951, "tick_direction": 3, "price": 0.0035, "mark_price": 0.00374132, "iv": 92.11, "instrument_name": "BTC-30DEC22-100000-C", "index_price": 20309.39, "direction": "sell", "amount": 20.1}, {"trade_seq": 3368, "trade_id": "221200717", "timestamp": 1656440082451, "tick_direction": 3, "price": 0.0035, "mark_price": 0.00373109, "iv": 92.04, "instrument_name": "BTC-30DEC22-100000-C", "index_price": 20344.51, "direction": "sell", "amount": 16.7}, {"trade_seq": 3367, "trade_id": "221200716", "timestamp": 1656440082451, "tick_direction": 2, "price": 0.0035, "mark_price": 0.00373109, "iv": 92.04, "instrument_name": "BTC-30DEC22-100000-C", "index_price": 20344.51, "direction": "sell", "amount": 5.0}, {"trade_seq": 3366, "trade_id": "220883998", "timestamp": 1656074641769, "tick_direction": 0, "price": 0.0055, "mark_price": 0.00545236, "iv": 94.21, "instrument_name": "BTC-30DEC22-100000-C", "index_price": 21267.75, "direction": "buy", "amount": 26.0}, {"trade_seq": 3365, "trade_id": "220681234", "timestamp": 1655962710301, "tick_direction": 1, "price": 0.004, "mark_price": 0.00373875, "iv": 92.15, "instrument_name": "BTC-30DEC22-100000-C", "index_price": 20409.29, "direction": "buy", "amount": 2.4}, {"trade_seq": 3364, "trade_id": "220568020", "timestamp": 1655902142677, "tick_direction": 1, "price": 0.004, "mark_price": 0.00374427, "iv": 92.54, "instrument_name": "BTC-30DEC22-100000-C", "index_price": 20187.0, "direction": "buy", "amount": 0.1}, {"trade_seq": 3363, "trade_id": "219900540", "timestamp": 1655599194680, "tick_direction": 1, "price": 0.004, "mark_price": 0.00594964, "iv": 93.96, "instrument_name": "BTC-30DEC22-100000-C", "index_price": 19127.97, "direction": "sell", "amount": 2.0}, {"trade_seq": 3362, "trade_id": "219900539", "timestamp": 1655599194680, "tick_direction": 0, "price": 0.004, "mark_price": 0.00594964, "iv": 93.96, "instrument_name": "BTC-30DEC22-100000-C", "index_price": 19127.97, "direction": "sell", "amount": 2.0}, {"trade_seq": 3361, "trade_id": "219734540", "timestamp": 1655556554776, "tick_direction": 3, "price": 0.0035, "mark_price": 0.00535872, "iv": 92.24, "instrument_name": "BTC-30DEC22-100000-C", "index_price": 19165.26, "direction": "sell", "amount": 33.0}, {"trade_seq": 3360, "trade_id": "219734539", "timestamp": 1655556554776, "tick_direction": 3, "price": 0.0035, "mark_price": 0.00535872, "iv": 92.24, "instrument_name": "BTC-30DEC22-100000-C", "index_price": 19165.26, "direction": "sell", "amount": 37.2}, {"trade_seq": 3359, "trade_id": "219720530", "timestamp": 1655549022867, "tick_direction": 3, "price": 0.0035, "mark_price": 0.00554985, "iv": 91.74, "instrument_name": "BTC-30DEC22-100000-C", "index_price": 19394.87, "direction": "sell", "amount": 1.6}, {"trade_seq": 3358, "trade_id": "219720497", "timestamp": 1655549020835, "tick_direction": 3, "price": 0.0035, "mark_price": 0.00556003, "iv": 91.75, "instrument_name": "BTC-30DEC22-100000-C", "index_price": 19393.83, "direction": "sell", "amount": 6.4}, {"trade_seq": 3357, "trade_id": "219720470", "timestamp": 1655549018878, "tick_direction": 2, "price": 0.0035, "mark_price": 0.00556246, "iv": 91.73, "instrument_name": "BTC-30DEC22-100000-C", "index_price": 19400.29, "direction": "sell", "amount": 8.8}, {"trade_seq": 3356, "trade_id": "219699989", "timestamp": 1655544034868, "tick_direction": 3, "price": 0.0045, "mark_price": 0.00549173, "iv": 95.47, "instrument_name": "BTC-30DEC22-100000-C", "index_price": 19029.59, "direction": "sell", "amount": 6.1}, {"trade_seq": 3355, "trade_id": "219699971", "timestamp": 1655544026761, "tick_direction": 2, "price": 0.0045, "mark_price": 0.00547751, "iv": 95.48, "instrument_name": "BTC-30DEC22-100000-C", "index_price": 19023.75, "direction": "sell", "amount": 1.0}, {"trade_seq": 3354, "trade_id": "219699355", "timestamp": 1655543803231, "tick_direction": 3, "price": 0.005, "mark_price": 0.00546947, "iv": 96.77, "instrument_name": "BTC-30DEC22-100000-C", "index_price": 19006.39, "direction": "sell", "amount": 1.0}, {"trade_seq": 3353, "trade_id": "219489481", "timestamp": 1655458038588, "tick_direction": 3, "price": 0.005, "mark_price": 0.00556556, "iv": 91.75, "instrument_name": "BTC-30DEC22-100000-C", "index_price": 21043.35, "direction": "sell", "amount": 3.2}, {"trade_seq": 3352, "trade_id": "219489475", "timestamp": 1655458032308, "tick_direction": 2, "price": 0.005, "mark_price": 0.00558484, "iv": 91.77, "instrument_name": "BTC-30DEC22-100000-C", "index_price": 21033.69, "direction": "sell", "amount": 4.0}, {"trade_seq": 3351, "trade_id": "219324340", "timestamp": 1655399880481, "tick_direction": 0, "price": 0.006, "mark_price": 0.00517352, "iv": 93.27, "instrument_name": "BTC-30DEC22-100000-C", "index_price": 21252.35, "direction": "sell", "amount": 18.0}, {"trade_seq": 3350, "trade_id": "219323989", "timestamp": 1655399774598, "tick_direction": 0, "price": 0.0055, "mark_price": 0.00511691, "iv": 92.38, "instrument_name": "BTC-30DEC22-100000-C", "index_price": 21171.53, "direction": "sell", "amount": 5.0}, {"trade_seq": 3349, "trade_id": "219320791", "timestamp": 1655398755515, "tick_direction": 3, "price": 0.005, "mark_price": 0.00501545, "iv": 91.35, "instrument_name": "BTC-30DEC22-100000-C", "index_price": 21113.48, "direction": "sell", "amount": 2.4}, {"trade_seq": 3348, "trade_id": "219320779", "timestamp": 1655398753499, "tick_direction": 3, "price": 0.005, "mark_price": 0.00502888, "iv": 91.34, "instrument_name": "BTC-30DEC22-100000-C", "index_price": 21116.8, "direction": "sell", "amount": 3.1}, {"trade_seq": 3347, "trade_id": "219320770", "timestamp": 1655398751477, "tick_direction": 3, "price": 0.005, "mark_price": 0.00504037, "iv": 91.34, "instrument_name": "BTC-30DEC22-100000-C", "index_price": 21120.07, "direction": "sell", "amount": 4.1}, {"trade_seq": 3346, "trade_id": "219320767", "timestamp": 1655398749705, "tick_direction": 2, "price": 0.005, "mark_price": 0.00504456, "iv": 91.34, "instrument_name": "BTC-30DEC22-100000-C", "index_price": 21116.83, "direction": "sell", "amount": 5.5}, {"trade_seq": 3345, "trade_id": "219250793", "timestamp": 1655378982233, "tick_direction": 0, "price": 0.0065, "mark_price": 0.00561503, "iv": 94.68, "instrument_name": "BTC-30DEC22-100000-C", "index_price": 21083.24, "direction": "buy", "amount": 5.0}, {"trade_seq": 3344, "trade_id": "219205990", "timestamp": 1655359033134, "tick_direction": 3, "price": 0.005, "mark_price": 0.00497252, "iv": 89.59, "instrument_name": "BTC-30DEC22-100000-C", "index_price": 21931.89, "direction": "buy", "amount": 0.3}, {"trade_seq": 3343, "trade_id": "219205980", "timestamp": 1655359023101, "tick_direction": 3, "price": 0.005, "mark_price": 0.00487048, "iv": 89.6, "instrument_name": "BTC-30DEC22-100000-C", "index_price": 21928.66, "direction": "buy", "amount": 0.3}, {"trade_seq": 3342, "trade_id": "219205975", "timestamp": 1655359013845, "tick_direction": 3, "price": 0.005, "mark_price": 0.00472567, "iv": 89.59, "instrument_name": "BTC-30DEC22-100000-C", "index_price": 21928.42, "direction": "buy", "amount": 0.3}, {"trade_seq": 3341, "trade_id": "219205969", "timestamp": 1655359004385, "tick_direction": 3, "price": 0.005, "mark_price": 0.00463579, "iv": 89.6, "instrument_name": "BTC-30DEC22-100000-C", "index_price": 21924.98, "direction": "buy", "amount": 0.3}, {"trade_seq": 3340, "trade_id": "219205963", "timestamp": 1655358994081, "tick_direction": 3, "price": 0.005, "mark_price": 0.0046331, "iv": 89.61, "instrument_name": "BTC-30DEC22-100000-C", "index_price": 21921.96, "direction": "buy", "amount": 0.3}, {"trade_seq": 3339, "trade_id": "219205954", "timestamp": 1655358981581, "tick_direction": 3, "price": 0.005, "mark_price": 0.0046274, "iv": 89.61, "instrument_name": "BTC-30DEC22-100000-C", "index_price": 21919.4, "direction": "buy", "amount": 0.3}, {"trade_seq": 3338, "trade_id": "219205931", "timestamp": 1655358971847, "tick_direction": 3, "price": 0.005, "mark_price": 0.00462114, "iv": 89.63, "instrument_name": "BTC-30DEC22-100000-C", "index_price": 21910.37, "direction": "buy", "amount": 0.3}, {"trade_seq": 3337, "trade_id": "219205911", "timestamp": 1655358960340, "tick_direction": 3, "price": 0.005, "mark_price": 0.00462698, "iv": 89.61, "instrument_name": "BTC-30DEC22-100000-C", "index_price": 21919.87, "direction": "buy", "amount": 0.3}, {"trade_seq": 3336, "trade_id": "219205909", "timestamp": 1655358958065, "tick_direction": 2, "price": 0.005, "mark_price": 0.00462418, "iv": 89.61, "instrument_name": "BTC-30DEC22-100000-C", "index_price": 21919.64, "direction": "buy", "amount": 0.3}, {"trade_seq": 3335, "trade_id": "219079813", "timestamp": 1655316712175, "tick_direction": 3, "price": 0.0055, "mark_price": 0.0056612, "iv": 94.21, "instrument_name": "BTC-30DEC22-100000-C", "index_price": 20296.87, "direction": "sell", "amount": 5.8}, {"trade_seq": 3334, "trade_id": "219079812", "timestamp": 1655316712043, "tick_direction": 2, "price": 0.0055, "mark_price": 0.0056612, "iv": 94.21, "instrument_name": "BTC-30DEC22-100000-C", "index_price": 20296.87, "direction": "sell", "amount": 8.1}, {"trade_seq": 3333, "trade_id": "219049527", "timestamp": 1655315742867, "tick_direction": 3, "price": 0.006, "mark_price": 0.00570841, "iv": 92.99, "instrument_name": "BTC-30DEC22-100000-C", "index_price": 21332.61, "direction": "buy", "amount": 0.3}, {"trade_seq": 3332, "trade_id": "219048485", "timestamp": 1655315706509, "tick_direction": 2, "price": 0.006, "mark_price": 0.00588745, "iv": 92.98, "instrument_name": "BTC-30DEC22-100000-C", "index_price": 21335.11, "direction": "buy", "amount": 0.3}, {"trade_seq": 3331, "trade_id": "219020870", "timestamp": 1655309288905, "tick_direction": 0, "price": 0.0065, "mark_price": 0.00536587, "iv": 94.0, "instrument_name": "BTC-30DEC22-100000-C", "index_price": 21304.21, "direction": "buy", "amount": 2.0}, {"trade_seq": 3330, "trade_id": "219014811", "timestamp": 1655306259156, "tick_direction": 2, "price": 0.006, "mark_price": 0.00563316, "iv": 93.01, "instrument_name": "BTC-30DEC22-100000-C", "index_price": 21279.47, "direction": "sell", "amount": 1.6}, {"trade_seq": 3329, "trade_id": "219014798", "timestamp": 1655306248768, "tick_direction": 3, "price": 0.0065, "mark_price": 0.0055883, "iv": 94.06, "instrument_name": "BTC-30DEC22-100000-C", "index_price": 21268.92, "direction": "sell", "amount": 1.4}, {"trade_seq": 3328, "trade_id": "219014790", "timestamp": 1655306238772, "tick_direction": 3, "price": 0.0065, "mark_price": 0.00567833, "iv": 94.01, "instrument_name": "BTC-30DEC22-100000-C", "index_price": 21292.99, "direction": "sell", "amount": 1.4}, {"trade_seq": 3327, "trade_id": "219014774", "timestamp": 1655306229539, "tick_direction": 2, "price": 0.0065, "mark_price": 0.00578003, "iv": 93.98, "instrument_name": "BTC-30DEC22-100000-C", "index_price": 21309.21, "direction": "sell", "amount": 1.8}, {"trade_seq": 3326, "trade_id": "218908284", "timestamp": 1655284262249, "tick_direction": 0, "price": 0.008, "mark_price": 0.00623046, "iv": 99.47, "instrument_name": "BTC-30DEC22-100000-C", "index_price": 20156.56, "direction": "buy", "amount": 1.0}, {"trade_seq": 3325, "trade_id": "218877324", "timestamp": 1655279656980, "tick_direction": 3, "price": 0.007, "mark_price": 0.00693257, "iv": 96.12, "instrument_name": "BTC-30DEC22-100000-C", "index_price": 20766.09, "direction": "buy", "amount": 1.7}, {"trade_seq": 3324, "trade_id": "218871456", "timestamp": 1655278712369, "tick_direction": 3, "price": 0.007, "mark_price": 0.00707804, "iv": 95.49, "instrument_name": "BTC-30DEC22-100000-C", "index_price": 21031.32, "direction": "sell", "amount": 1.0}, {"trade_seq": 3323, "trade_id": "218871320", "timestamp": 1655278636209, "tick_direction": 2, "price": 0.007, "mark_price": 0.00734055, "iv": 95.47, "instrument_name": "BTC-30DEC22-100000-C", "index_price": 21037.19, "direction": "sell", "amount": 1.0}, {"trade_seq": 3322, "trade_id": "218859756", "timestamp": 1655274490145, "tick_direction": 1, "price": 0.0075, "mark_price": 0.00701159, "iv": 96.53, "instrument_name": "BTC-30DEC22-100000-C", "index_price": 20981.76, "direction": "buy", "amount": 0.6}, {"trade_seq": 3321, "trade_id": "218851178", "timestamp": 1655272451719, "tick_direction": 1, "price": 0.0075, "mark_price": 0.00656489, "iv": 95.96, "instrument_name": "BTC-30DEC22-100000-C", "index_price": 21258.02, "direction": "buy", "amount": 0.9}, {"trade_seq": 3320, "trade_id": "218849781", "timestamp": 1655272173591, "tick_direction": 0, "price": 0.0075, "mark_price": 0.00652029, "iv": 96.25, "instrument_name": "BTC-30DEC22-100000-C", "index_price": 21127.65, "direction": "buy", "amount": 0.3}, {"trade_seq": 3319, "trade_id": "218812710", "timestamp": 1655262124243, "tick_direction": 3, "price": 0.0055, "mark_price": 0.00511313, "iv": 90.32, "instrument_name": "BTC-30DEC22-100000-C", "index_price": 21965.03, "direction": "sell", "amount": 1.5}, {"trade_seq": 3318, "trade_id": "218812709", "timestamp": 1655262124241, "tick_direction": 3, "price": 0.0055, "mark_price": 0.00511313, "iv": 90.32, "instrument_name": "BTC-30DEC22-100000-C", "index_price": 21965.03, "direction": "sell", "amount": 1.5}, {"trade_seq": 3317, "trade_id": "218812708", "timestamp": 1655262123916, "tick_direction": 2, "price": 0.0055, "mark_price": 0.00511313, "iv": 90.33, "instrument_name": "BTC-30DEC22-100000-C", "index_price": 21964.05, "direction": "buy", "amount": 1.5}, {"trade_seq": 3316, "trade_id": "218468961", "timestamp": 1655182212595, "tick_direction": 0, "price": 0.006, "mark_price": 0.0053927, "iv": 91.14, "instrument_name": "BTC-30DEC22-100000-C", "index_price": 21894.64, "direction": "sell", "amount": 3.6}, {"trade_seq": 3315, "trade_id": "218409943", "timestamp": 1655171964304, "tick_direction": 2, "price": 0.0045, "mark_price": 0.00456451, "iv": 90.0, "instrument_name": "BTC-30DEC22-100000-C", "index_price": 20841.89, "direction": "buy", "amount": 10.9}, {"trade_seq": 3314, "trade_id": "218385405", "timestamp": 1655170179670, "tick_direction": 0, "price": 0.0055, "mark_price": 0.00438697, "iv": 91.62, "instrument_name": "BTC-30DEC22-100000-C", "index_price": 21173.07, "direction": "buy", "amount": 0.1}, {"trade_seq": 3313, "trade_id": "218293454", "timestamp": 1655155291852, "tick_direction": 1, "price": 0.0045, "mark_price": 0.00438441, "iv": 84.98, "instrument_name": "BTC-30DEC22-100000-C", "index_price": 23190.44, "direction": "sell", "amount": 1.3}, {"trade_seq": 3312, "trade_id": "218289671", "timestamp": 1655153619944, "tick_direction": 0, "price": 0.0045, "mark_price": 0.00498263, "iv": 84.88, "instrument_name": "BTC-30DEC22-100000-C", "index_price": 23241.3, "direction": "sell", "amount": 1.0}, {"trade_seq": 3311, "trade_id": "218286682", "timestamp": 1655152400749, "tick_direction": 1, "price": 0.004, "mark_price": 0.0044752, "iv": 82.96, "instrument_name": "BTC-30DEC22-100000-C", "index_price": 23561.78, "direction": "sell", "amount": 2.2}, {"trade_seq": 3310, "trade_id": "218286681", "timestamp": 1655152400749, "tick_direction": 1, "price": 0.004, "mark_price": 0.0044752, "iv": 82.96, "instrument_name": "BTC-30DEC22-100000-C", "index_price": 23561.78, "direction": "sell", "amount": 1.1}, {"trade_seq": 3309, "trade_id": "217753960", "timestamp": 1655042421263, "tick_direction": 1, "price": 0.004, "mark_price": 0.005356, "iv": 75.87, "instrument_name": "BTC-30DEC22-100000-C", "index_price": 27266.34, "direction": "sell", "amount": 5.6}, {"trade_seq": 3308, "trade_id": "217753833", "timestamp": 1655042377182, "tick_direction": 0, "price": 0.004, "mark_price": 0.00538525, "iv": 75.82, "instrument_name": "BTC-30DEC22-100000-C", "index_price": 27294.36, "direction": "sell", "amount": 1.2}, {"trade_seq": 3307, "trade_id": "217733859", "timestamp": 1655026438581, "tick_direction": 1, "price": 0.0035, "mark_price": 0.0046308, "iv": 74.13, "instrument_name": "BTC-30DEC22-100000-C", "index_price": 27491.35, "direction": "sell", "amount": 0.8}, {"trade_seq": 3306, "trade_id": "217733849", "timestamp": 1655026429026, "tick_direction": 1, "price": 0.0035, "mark_price": 0.00463496, "iv": 74.12, "instrument_name": "BTC-30DEC22-100000-C", "index_price": 27495.11, "direction": "buy", "amount": 0.2}, {"trade_seq": 3305, "trade_id": "217733848", "timestamp": 1655026428713, "tick_direction": 0, "price": 0.0035, "mark_price": 0.00463496, "iv": 74.12, "instrument_name": "BTC-30DEC22-100000-C", "index_price": 27495.11, "direction": "sell", "amount": 0.8}, {"trade_seq": 3304, "trade_id": "217675101", "timestamp": 1654998622549, "tick_direction": 3, "price": 0.003, "mark_price": 0.0051064, "iv": 71.22, "instrument_name": "BTC-30DEC22-100000-C", "index_price": 28324.93, "direction": "sell", "amount": 3.3}, {"trade_seq": 3303, "trade_id": "217675100", "timestamp": 1654998622520, "tick_direction": 3, "price": 0.003, "mark_price": 0.0051064, "iv": 71.22, "instrument_name": "BTC-30DEC22-100000-C", "index_price": 28324.93, "direction": "sell", "amount": 4.1}, {"trade_seq": 3302, "trade_id": "217675077", "timestamp": 1654998621454, "tick_direction": 2, "price": 0.003, "mark_price": 0.0051094, "iv": 71.22, "instrument_name": "BTC-30DEC22-100000-C", "index_price": 28323.45, "direction": "sell", "amount": 4.4}, {"trade_seq": 3301, "trade_id": "217662837", "timestamp": 1654983395432, "tick_direction": 3, "price": 0.0035, "mark_price": 0.00460721, "iv": 72.28, "instrument_name": "BTC-30DEC22-100000-C", "index_price": 28493.68, "direction": "sell", "amount": 0.1}, {"trade_seq": 3300, "trade_id": "217662833", "timestamp": 1654983394543, "tick_direction": 3, "price": 0.0035, "mark_price": 0.00460721, "iv": 72.28, "instrument_name": "BTC-30DEC22-100000-C", "index_price": 28493.68, "direction": "sell", "amount": 0.1}, {"trade_seq": 3299, "trade_id": "217662832", "timestamp": 1654983391394, "tick_direction": 3, "price": 0.0035, "mark_price": 0.00460801, "iv": 72.28, "instrument_name": "BTC-30DEC22-100000-C", "index_price": 28493.41, "direction": "sell", "amount": 0.1}, {"trade_seq": 3298, "trade_id": "217662829", "timestamp": 1654983387413, "tick_direction": 2, "price": 0.0035, "mark_price": 0.00460839, "iv": 72.28, "instrument_name": "BTC-30DEC22-100000-C", "index_price": 28493.18, "direction": "sell", "amount": 0.1}, {"trade_seq": 3297, "trade_id": "217651598", "timestamp": 1654970121160, "tick_direction": 3, "price": 0.004, "mark_price": 0.00472322, "iv": 73.51, "instrument_name": "BTC-30DEC22-100000-C", "index_price": 28501.26, "direction": "sell", "amount": 0.1}, {"trade_seq": 3296, "trade_id": "217651597", "timestamp": 1654970121151, "tick_direction": 3, "price": 0.004, "mark_price": 0.00472322, "iv": 73.51, "instrument_name": "BTC-30DEC22-100000-C", "index_price": 28501.26, "direction": "sell", "amount": 0.1}, {"trade_seq": 3295, "trade_id": "217651596", "timestamp": 1654970121045, "tick_direction": 3, "price": 0.004, "mark_price": 0.00472378, "iv": 73.51, "instrument_name": "BTC-30DEC22-100000-C", "index_price": 28502.54, "direction": "sell", "amount": 0.1}, {"trade_seq": 3294, "trade_id": "217651595", "timestamp": 1654970120761, "tick_direction": 3, "price": 0.004, "mark_price": 0.00472378, "iv": 73.51, "instrument_name": "BTC-30DEC22-100000-C", "index_price": 28502.54, "direction": "sell", "amount": 0.1}, {"trade_seq": 3293, "trade_id": "217651594", "timestamp": 1654970120664, "tick_direction": 3, "price": 0.004, "mark_price": 0.00472378, "iv": 73.51, "instrument_name": "BTC-30DEC22-100000-C", "index_price": 28502.54, "direction": "sell", "amount": 0.1}, {"trade_seq": 3292, "trade_id": "217651593", "timestamp": 1654970119902, "tick_direction": 3, "price": 0.004, "mark_price": 0.00472381, "iv": 73.51, "instrument_name": "BTC-30DEC22-100000-C", "index_price": 28500.95, "direction": "sell", "amount": 0.1}, {"trade_seq": 3291, "trade_id": "217651592", "timestamp": 1654970119894, "tick_direction": 3, "price": 0.004, "mark_price": 0.00472381, "iv": 73.51, "instrument_name": "BTC-30DEC22-100000-C", "index_price": 28500.95, "direction": "sell", "amount": 0.1}, {"trade_seq": 3290, "trade_id": "217651591", "timestamp": 1654970119882, "tick_direction": 3, "price": 0.004, "mark_price": 0.00472381, "iv": 73.51, "instrument_name": "BTC-30DEC22-100000-C", "index_price": 28500.95, "direction": "sell", "amount": 0.1}, {"trade_seq": 3289, "trade_id": "217651590", "timestamp": 1654970119869, "tick_direction": 3, "price": 0.004, "mark_price": 0.00472381, "iv": 73.51, "instrument_name": "BTC-30DEC22-100000-C", "index_price": 28500.95, "direction": "sell", "amount": 0.1}, {"trade_seq": 3288, "trade_id": "217651550", "timestamp": 1654970100870, "tick_direction": 3, "price": 0.004, "mark_price": 0.0047223, "iv": 73.54, "instrument_name": "BTC-30DEC22-100000-C", "index_price": 28486.69, "direction": "sell", "amount": 0.1}, {"trade_seq": 3287, "trade_id": "217651549", "timestamp": 1654970100841, "tick_direction": 3, "price": 0.004, "mark_price": 0.0047223, "iv": 73.54, "instrument_name": "BTC-30DEC22-100000-C", "index_price": 28486.69, "direction": "sell", "amount": 0.1}, {"trade_seq": 3286, "trade_id": "217651548", "timestamp": 1654970100832, "tick_direction": 3, "price": 0.004, "mark_price": 0.0047223, "iv": 73.54, "instrument_name": "BTC-30DEC22-100000-C", "index_price": 28486.69, "direction": "sell", "amount": 0.1}, {"trade_seq": 3285, "trade_id": "217651547", "timestamp": 1654970100330, "tick_direction": 3, "price": 0.004, "mark_price": 0.0047223, "iv": 73.54, "instrument_name": "BTC-30DEC22-100000-C", "index_price": 28486.69, "direction": "sell", "amount": 0.1}, {"trade_seq": 3284, "trade_id": "217651541", "timestamp": 1654970098996, "tick_direction": 3, "price": 0.004, "mark_price": 0.00472227, "iv": 73.54, "instrument_name": "BTC-30DEC22-100000-C", "index_price": 28485.68, "direction": "sell", "amount": 0.1}, {"trade_seq": 3283, "trade_id": "217651540", "timestamp": 1654970098865, "tick_direction": 3, "price": 0.004, "mark_price": 0.00472145, "iv": 73.54, "instrument_name": "BTC-30DEC22-100000-C", "index_price": 28485.72, "direction": "sell", "amount": 0.1}, {"trade_seq": 3282, "trade_id": "217651539", "timestamp": 1654970098856, "tick_direction": 3, "price": 0.004, "mark_price": 0.00472145, "iv": 73.54, "instrument_name": "BTC-30DEC22-100000-C", "index_price": 28485.72, "direction": "sell", "amount": 0.1}, {"trade_seq": 3281, "trade_id": "217651538", "timestamp": 1654970098848, "tick_direction": 3, "price": 0.004, "mark_price": 0.00472145, "iv": 73.54, "instrument_name": "BTC-30DEC22-100000-C", "index_price": 28485.72, "direction": "sell", "amount": 0.1}, {"trade_seq": 3280, "trade_id": "217651537", "timestamp": 1654970098834, "tick_direction": 3, "price": 0.004, "mark_price": 0.00472145, "iv": 73.54, "instrument_name": "BTC-30DEC22-100000-C", "index_price": 28485.72, "direction": "sell", "amount": 0.2}, {"trade_seq": 3279, "trade_id": "217651536", "timestamp": 1654970093903, "tick_direction": 3, "price": 0.004, "mark_price": 0.00471853, "iv": 73.54, "instrument_name": "BTC-30DEC22-100000-C", "index_price": 28485.51, "direction": "sell", "amount": 0.1}, {"trade_seq": 3278, "trade_id": "217651533", "timestamp": 1654970091916, "tick_direction": 3, "price": 0.004, "mark_price": 0.00472074, "iv": 73.54, "instrument_name": "BTC-30DEC22-100000-C", "index_price": 28481.5, "direction": "sell", "amount": 0.1}, {"trade_seq": 3277, "trade_id": "217651530", "timestamp": 1654970091010, "tick_direction": 3, "price": 0.004, "mark_price": 0.00472074, "iv": 73.54, "instrument_name": "BTC-30DEC22-100000-C", "index_price": 28484.8, "direction": "sell", "amount": 0.1}, {"trade_seq": 3276, "trade_id": "217651526", "timestamp": 1654970090936, "tick_direction": 3, "price": 0.004, "mark_price": 0.00472076, "iv": 73.54, "instrument_name": "BTC-30DEC22-100000-C", "index_price": 28484.8, "direction": "sell", "amount": 0.1}, {"trade_seq": 3275, "trade_id": "217622870", "timestamp": 1654959819118, "tick_direction": 3, "price": 0.004, "mark_price": 0.00468701, "iv": 73.76, "instrument_name": "BTC-30DEC22-100000-C", "index_price": 28358.46, "direction": "sell", "amount": 0.1}, {"trade_seq": 3274, "trade_id": "217622869", "timestamp": 1654959819095, "tick_direction": 3, "price": 0.004, "mark_price": 0.00468701, "iv": 73.76, "instrument_name": "BTC-30DEC22-100000-C", "index_price": 28358.46, "direction": "sell", "amount": 0.1}, {"trade_seq": 3273, "trade_id": "217622868", "timestamp": 1654959819086, "tick_direction": 3, "price": 0.004, "mark_price": 0.00468701, "iv": 73.76, "instrument_name": "BTC-30DEC22-100000-C", "index_price": 28358.46, "direction": "sell", "amount": 0.1}, {"trade_seq": 3272, "trade_id": "217622867", "timestamp": 1654959819073, "tick_direction": 3, "price": 0.004, "mark_price": 0.00468701, "iv": 73.76, "instrument_name": "BTC-30DEC22-100000-C", "index_price": 28358.46, "direction": "sell", "amount": 0.1}, {"trade_seq": 3271, "trade_id": "217622864", "timestamp": 1654959819062, "tick_direction": 3, "price": 0.004, "mark_price": 0.00468701, "iv": 73.76, "instrument_name": "BTC-30DEC22-100000-C", "index_price": 28358.46, "direction": "sell", "amount": 0.1}, {"trade_seq": 3270, "trade_id": "217622863", "timestamp": 1654959819051, "tick_direction": 3, "price": 0.004, "mark_price": 0.00468701, "iv": 73.76, "instrument_name": "BTC-30DEC22-100000-C", "index_price": 28358.46, "direction": "sell", "amount": 0.1}, {"trade_seq": 3269, "trade_id": "217622855", "timestamp": 1654959818493, "tick_direction": 3, "price": 0.004, "mark_price": 0.00468294, "iv": 73.76, "instrument_name": "BTC-30DEC22-100000-C", "index_price": 28358.46, "direction": "sell", "amount": 0.1}, {"trade_seq": 3268, "trade_id": "217622851", "timestamp": 1654959818154, "tick_direction": 3, "price": 0.004, "mark_price": 0.00468294, "iv": 73.77, "instrument_name": "BTC-30DEC22-100000-C", "index_price": 28355.91, "direction": "sell", "amount": 0.1}, {"trade_seq": 3267, "trade_id": "217622845", "timestamp": 1654959816864, "tick_direction": 3, "price": 0.004, "mark_price": 0.00468034, "iv": 73.77, "instrument_name": "BTC-30DEC22-100000-C", "index_price": 28351.12, "direction": "sell", "amount": 0.1}, {"trade_seq": 3266, "trade_id": "217622840", "timestamp": 1654959815423, "tick_direction": 3, "price": 0.004, "mark_price": 0.00467725, "iv": 73.77, "instrument_name": "BTC-30DEC22-100000-C", "index_price": 28348.53, "direction": "sell", "amount": 0.1}, {"trade_seq": 3265, "trade_id": "217622838", "timestamp": 1654959814995, "tick_direction": 3, "price": 0.004, "mark_price": 0.00467725, "iv": 73.78, "instrument_name": "BTC-30DEC22-100000-C", "index_price": 28348.77, "direction": "sell", "amount": 0.1}, {"trade_seq": 3264, "trade_id": "217622837", "timestamp": 1654959814982, "tick_direction": 3, "price": 0.004, "mark_price": 0.00467725, "iv": 73.78, "instrument_name": "BTC-30DEC22-100000-C", "index_price": 28348.77, "direction": "sell", "amount": 0.1}, {"trade_seq": 3263, "trade_id": "217622836", "timestamp": 1654959814971, "tick_direction": 3, "price": 0.004, "mark_price": 0.00467725, "iv": 73.78, "instrument_name": "BTC-30DEC22-100000-C", "index_price": 28348.77, "direction": "sell", "amount": 0.1}, {"trade_seq": 3262, "trade_id": "217622835", "timestamp": 1654959814959, "tick_direction": 3, "price": 0.004, "mark_price": 0.00467725, "iv": 73.78, "instrument_name": "BTC-30DEC22-100000-C", "index_price": 28348.77, "direction": "sell", "amount": 0.1}, {"trade_seq": 3261, "trade_id": "217622833", "timestamp": 1654959814945, "tick_direction": 3, "price": 0.004, "mark_price": 0.00467725, "iv": 73.78, "instrument_name": "BTC-30DEC22-100000-C", "index_price": 28348.77, "direction": "sell", "amount": 0.1}, {"trade_seq": 3260, "trade_id": "217622830", "timestamp": 1654959814932, "tick_direction": 3, "price": 0.004, "mark_price": 0.00467725, "iv": 73.78, "instrument_name": "BTC-30DEC22-100000-C", "index_price": 28348.77, "direction": "sell", "amount": 0.2}, {"trade_seq": 3259, "trade_id": "217622827", "timestamp": 1654959812884, "tick_direction": 3, "price": 0.004, "mark_price": 0.00467007, "iv": 73.79, "instrument_name": "BTC-30DEC22-100000-C", "index_price": 28339.37, "direction": "sell", "amount": 0.1}, {"trade_seq": 3258, "trade_id": "217622826", "timestamp": 1654959812876, "tick_direction": 3, "price": 0.004, "mark_price": 0.00467007, "iv": 73.79, "instrument_name": "BTC-30DEC22-100000-C", "index_price": 28339.37, "direction": "sell", "amount": 0.1}, {"trade_seq": 3257, "trade_id": "217622825", "timestamp": 1654959812868, "tick_direction": 3, "price": 0.004, "mark_price": 0.00467007, "iv": 73.79, "instrument_name": "BTC-30DEC22-100000-C", "index_price": 28339.37, "direction": "sell", "amount": 0.1}, {"trade_seq": 3256, "trade_id": "217622824", "timestamp": 1654959812851, "tick_direction": 3, "price": 0.004, "mark_price": 0.00467007, "iv": 73.79, "instrument_name": "BTC-30DEC22-100000-C", "index_price": 28339.37, "direction": "sell", "amount": 0.2}, {"trade_seq": 3255, "trade_id": "217622808", "timestamp": 1654959810851, "tick_direction": 3, "price": 0.004, "mark_price": 0.0046604, "iv": 73.81, "instrument_name": "BTC-30DEC22-100000-C", "index_price": 28331.63, "direction": "sell", "amount": 0.1}, {"trade_seq": 3254, "trade_id": "217622807", "timestamp": 1654959810811, "tick_direction": 3, "price": 0.004, "mark_price": 0.0046604, "iv": 73.81, "instrument_name": "BTC-30DEC22-100000-C", "index_price": 28331.63, "direction": "sell", "amount": 0.1}, {"trade_seq": 3253, "trade_id": "217622792", "timestamp": 1654959809078, "tick_direction": 3, "price": 0.004, "mark_price": 0.00465485, "iv": 73.82, "instrument_name": "BTC-30DEC22-100000-C", "index_price": 28325.26, "direction": "sell", "amount": 0.1}, {"trade_seq": 3252, "trade_id": "217622791", "timestamp": 1654959809065, "tick_direction": 3, "price": 0.004, "mark_price": 0.00465485, "iv": 73.82, "instrument_name": "BTC-30DEC22-100000-C", "index_price": 28325.26, "direction": "sell", "amount": 0.1}, {"trade_seq": 3251, "trade_id": "217622744", "timestamp": 1654959803569, "tick_direction": 3, "price": 0.004, "mark_price": 0.00466065, "iv": 73.82, "instrument_name": "BTC-30DEC22-100000-C", "index_price": 28324.25, "direction": "sell", "amount": 0.1}, {"trade_seq": 3250, "trade_id": "217622701", "timestamp": 1654959802929, "tick_direction": 3, "price": 0.004, "mark_price": 0.00466065, "iv": 73.81, "instrument_name": "BTC-30DEC22-100000-C", "index_price": 28326.67, "direction": "sell", "amount": 0.1}, {"trade_seq": 3249, "trade_id": "217622663", "timestamp": 1654959802789, "tick_direction": 2, "price": 0.004, "mark_price": 0.00466065, "iv": 73.81, "instrument_name": "BTC-30DEC22-100000-C", "index_price": 28326.67, "direction": "sell", "amount": 0.1}, {"trade_seq": 3248, "trade_id": "217614650", "timestamp": 1654957320915, "tick_direction": 3, "price": 0.0045, "mark_price": 0.00490366, "iv": 74.56, "instrument_name": "BTC-30DEC22-100000-C", "index_price": 28577.4, "direction": "sell", "amount": 0.4}, {"trade_seq": 3247, "trade_id": "217614649", "timestamp": 1654957320903, "tick_direction": 3, "price": 0.0045, "mark_price": 0.00490366, "iv": 74.56, "instrument_name": "BTC-30DEC22-100000-C", "index_price": 28577.4, "direction": "sell", "amount": 0.5}, {"trade_seq": 3246, "trade_id": "217614648", "timestamp": 1654957320894, "tick_direction": 3, "price": 0.0045, "mark_price": 0.00490366, "iv": 74.56, "instrument_name": "BTC-30DEC22-100000-C", "index_price": 28577.4, "direction": "sell", "amount": 0.7}, {"trade_seq": 3245, "trade_id": "217595910", "timestamp": 1654950260763, "tick_direction": 3, "price": 0.0045, "mark_price": 0.00519392, "iv": 74.39, "instrument_name": "BTC-30DEC22-100000-C", "index_price": 28668.61, "direction": "sell", "amount": 0.1}, {"trade_seq": 3244, "trade_id": "217595907", "timestamp": 1654950260495, "tick_direction": 3, "price": 0.0045, "mark_price": 0.00519392, "iv": 74.39, "instrument_name": "BTC-30DEC22-100000-C", "index_price": 28668.61, "direction": "sell", "amount": 0.1}, {"trade_seq": 3243, "trade_id": "217595902", "timestamp": 1654950259137, "tick_direction": 3, "price": 0.0045, "mark_price": 0.00519366, "iv": 74.39, "instrument_name": "BTC-30DEC22-100000-C", "index_price": 28668.63, "direction": "sell", "amount": 0.1}, {"trade_seq": 3242, "trade_id": "217595881", "timestamp": 1654950252738, "tick_direction": 3, "price": 0.0045, "mark_price": 0.00519271, "iv": 74.39, "instrument_name": "BTC-30DEC22-100000-C", "index_price": 28666.88, "direction": "sell", "amount": 0.1}, {"trade_seq": 3241, "trade_id": "217595876", "timestamp": 1654950251540, "tick_direction": 3, "price": 0.0045, "mark_price": 0.0051914, "iv": 74.39, "instrument_name": "BTC-30DEC22-100000-C", "index_price": 28665.55, "direction": "sell", "amount": 0.1}, {"trade_seq": 3240, "trade_id": "217595864", "timestamp": 1654950250958, "tick_direction": 3, "price": 0.0045, "mark_price": 0.00519154, "iv": 74.39, "instrument_name": "BTC-30DEC22-100000-C", "index_price": 28665.55, "direction": "sell", "amount": 0.1}, {"trade_seq": 3239, "trade_id": "217595859", "timestamp": 1654950249557, "tick_direction": 3, "price": 0.0045, "mark_price": 0.00519076, "iv": 74.39, "instrument_name": "BTC-30DEC22-100000-C", "index_price": 28665.58, "direction": "sell", "amount": 0.1}, {"trade_seq": 3238, "trade_id": "217595856", "timestamp": 1654950247904, "tick_direction": 3, "price": 0.0045, "mark_price": 0.00519006, "iv": 74.4, "instrument_name": "BTC-30DEC22-100000-C", "index_price": 28664.67, "direction": "sell", "amount": 0.1}, {"trade_seq": 3237, "trade_id": "217595826", "timestamp": 1654950224818, "tick_direction": 3, "price": 0.0045, "mark_price": 0.0051916, "iv": 74.39, "instrument_name": "BTC-30DEC22-100000-C", "index_price": 28666.6, "direction": "sell", "amount": 0.1}, {"trade_seq": 3236, "trade_id": "217595786", "timestamp": 1654950205026, "tick_direction": 3, "price": 0.0045, "mark_price": 0.00518643, "iv": 74.39, "instrument_name": "BTC-30DEC22-100000-C", "index_price": 28668.35, "direction": "sell", "amount": 0.1}, {"trade_seq": 3235, "trade_id": "217595764", "timestamp": 1654950184574, "tick_direction": 3, "price": 0.0045, "mark_price": 0.00518892, "iv": 74.38, "instrument_name": "BTC-30DEC22-100000-C", "index_price": 28668.46, "direction": "sell", "amount": 0.1}, {"trade_seq": 3234, "trade_id": "217595758", "timestamp": 1654950182417, "tick_direction": 3, "price": 0.0045, "mark_price": 0.00519184, "iv": 74.38, "instrument_name": "BTC-30DEC22-100000-C", "index_price": 28670.8, "direction": "sell", "amount": 0.1}, {"trade_seq": 3233, "trade_id": "217595748", "timestamp": 1654950178745, "tick_direction": 3, "price": 0.0045, "mark_price": 0.00518763, "iv": 74.38, "instrument_name": "BTC-30DEC22-100000-C", "index_price": 28669.27, "direction": "sell", "amount": 0.1}, {"trade_seq": 3232, "trade_id": "217595740", "timestamp": 1654950171693, "tick_direction": 3, "price": 0.0045, "mark_price": 0.00518518, "iv": 74.39, "instrument_name": "BTC-30DEC22-100000-C", "index_price": 28668.3, "direction": "sell", "amount": 0.1}, {"trade_seq": 3231, "trade_id": "217595727", "timestamp": 1654950162695, "tick_direction": 3, "price": 0.0045, "mark_price": 0.005185, "iv": 74.38, "instrument_name": "BTC-30DEC22-100000-C", "index_price": 28668.55, "direction": "sell", "amount": 0.1}, {"trade_seq": 3230, "trade_id": "217595724", "timestamp": 1654950157969, "tick_direction": 3, "price": 0.0045, "mark_price": 0.00519089, "iv": 74.37, "instrument_name": "BTC-30DEC22-100000-C", "index_price": 28671.88, "direction": "sell", "amount": 0.1}, {"trade_seq": 3229, "trade_id": "217595719", "timestamp": 1654950156145, "tick_direction": 3, "price": 0.0045, "mark_price": 0.00519382, "iv": 74.37, "instrument_name": "BTC-30DEC22-100000-C", "index_price": 28675.09, "direction": "sell", "amount": 0.1}, {"trade_seq": 3228, "trade_id": "217595714", "timestamp": 1654950155511, "tick_direction": 3, "price": 0.0045, "mark_price": 0.00519382, "iv": 74.36, "instrument_name": "BTC-30DEC22-100000-C", "index_price": 28677.38, "direction": "sell", "amount": 0.1}, {"trade_seq": 3227, "trade_id": "217595713", "timestamp": 1654950154706, "tick_direction": 3, "price": 0.0045, "mark_price": 0.00519414, "iv": 74.36, "instrument_name": "BTC-30DEC22-100000-C", "index_price": 28678.54, "direction": "sell", "amount": 0.1}, {"trade_seq": 3226, "trade_id": "217595711", "timestamp": 1654950152603, "tick_direction": 3, "price": 0.0045, "mark_price": 0.00519404, "iv": 74.36, "instrument_name": "BTC-30DEC22-100000-C", "index_price": 28678.16, "direction": "sell", "amount": 0.1}, {"trade_seq": 3225, "trade_id": "217595701", "timestamp": 1654950146500, "tick_direction": 3, "price": 0.0045, "mark_price": 0.00520087, "iv": 74.35, "instrument_name": "BTC-30DEC22-100000-C", "index_price": 28683.49, "direction": "sell", "amount": 0.1}, {"trade_seq": 3224, "trade_id": "217595698", "timestamp": 1654950145146, "tick_direction": 3, "price": 0.0045, "mark_price": 0.00520204, "iv": 74.34, "instrument_name": "BTC-30DEC22-100000-C", "index_price": 28686.46, "direction": "sell", "amount": 0.1}, {"trade_seq": 3223, "trade_id": "217595696", "timestamp": 1654950144283, "tick_direction": 3, "price": 0.0045, "mark_price": 0.00520204, "iv": 74.34, "instrument_name": "BTC-30DEC22-100000-C", "index_price": 28687.93, "direction": "sell", "amount": 0.1}, {"trade_seq": 3222, "trade_id": "217595694", "timestamp": 1654950143954, "tick_direction": 2, "price": 0.0045, "mark_price": 0.00520203, "iv": 74.34, "instrument_name": "BTC-30DEC22-100000-C", "index_price": 28687.33, "direction": "sell", "amount": 0.1}, {"trade_seq": 3221, "trade_id": "217548981", "timestamp": 1654926381984, "tick_direction": 3, "price": 0.005, "mark_price": 0.00528845, "iv": 74.37, "instrument_name": "BTC-30DEC22-100000-C", "index_price": 29291.24, "direction": "sell", "amount": 1.4}, {"trade_seq": 3220, "trade_id": "217548980", "timestamp": 1654926381984, "tick_direction": 2, "price": 0.005, "mark_price": 0.00528845, "iv": 74.37, "instrument_name": "BTC-30DEC22-100000-C", "index_price": 29291.24, "direction": "sell", "amount": 0.1}, {"trade_seq": 3219, "trade_id": "217491016", "timestamp": 1654879343490, "tick_direction": 2, "price": 0.0055, "mark_price": 0.00582258, "iv": 75.84, "instrument_name": "BTC-30DEC22-100000-C", "index_price": 28969.71, "direction": "sell", "amount": 1.0}, {"trade_seq": 3218, "trade_id": "217383664", "timestamp": 1654850460229, "tick_direction": 0, "price": 0.006, "mark_price": 0.00551431, "iv": 75.0, "instrument_name": "BTC-30DEC22-100000-C", "index_price": 30010.52, "direction": "buy", "amount": 0.1}, {"trade_seq": 3217, "trade_id": "217381807", "timestamp": 1654849502631, "tick_direction": 3, "price": 0.0055, "mark_price": 0.00528019, "iv": 74.05, "instrument_name": "BTC-30DEC22-100000-C", "index_price": 30011.63, "direction": "sell", "amount": 3.6}, {"trade_seq": 3216, "trade_id": "217289348", "timestamp": 1654785176855, "tick_direction": 2, "price": 0.0055, "mark_price": 0.00554667, "iv": 73.73, "instrument_name": "BTC-30DEC22-100000-C", "index_price": 30191.66, "direction": "sell", "amount": 0.1}, {"trade_seq": 3215, "trade_id": "217216005", "timestamp": 1654698460952, "tick_direction": 1, "price": 0.007, "mark_price": 0.00646019, "iv": 75.55, "instrument_name": "BTC-30DEC22-100000-C", "index_price": 30597.41, "direction": "buy", "amount": 0.6}, {"trade_seq": 3214, "trade_id": "217216004", "timestamp": 1654698460952, "tick_direction": 1, "price": 0.007, "mark_price": 0.00646019, "iv": 75.55, "instrument_name": "BTC-30DEC22-100000-C", "index_price": 30597.41, "direction": "buy", "amount": 1.4}, {"trade_seq": 3213, "trade_id": "217216003", "timestamp": 1654698460952, "tick_direction": 1, "price": 0.007, "mark_price": 0.00646019, "iv": 75.55, "instrument_name": "BTC-30DEC22-100000-C", "index_price": 30597.41, "direction": "buy", "amount": 2.0}, {"trade_seq": 3212, "trade_id": "217216002", "timestamp": 1654698460952, "tick_direction": 0, "price": 0.007, "mark_price": 0.00646019, "iv": 75.55, "instrument_name": "BTC-30DEC22-100000-C", "index_price": 30597.41, "direction": "buy", "amount": 1.0}, {"trade_seq": 3211, "trade_id": "217196517", "timestamp": 1654692551114, "tick_direction": 1, "price": 0.0065, "mark_price": 0.00625098, "iv": 75.32, "instrument_name": "BTC-30DEC22-100000-C", "index_price": 30207.28, "direction": "buy", "amount": 0.2}, {"trade_seq": 3210, "trade_id": "217196512", "timestamp": 1654692550717, "tick_direction": 1, "price": 0.0065, "mark_price": 0.00625098, "iv": 75.32, "instrument_name": "BTC-30DEC22-100000-C", "index_price": 30205.16, "direction": "buy", "amount": 0.2}, {"trade_seq": 3209, "trade_id": "217196511", "timestamp": 1654692550129, "tick_direction": 1, "price": 0.0065, "mark_price": 0.00625155, "iv": 75.32, "instrument_name": "BTC-30DEC22-100000-C", "index_price": 30205.16, "direction": "buy", "amount": 0.3}, {"trade_seq": 3208, "trade_id": "217196510", "timestamp": 1654692549904, "tick_direction": 1, "price": 0.0065, "mark_price": 0.00625155, "iv": 75.32, "instrument_name": "BTC-30DEC22-100000-C", "index_price": 30205.16, "direction": "buy", "amount": 0.4}, {"trade_seq": 3207, "trade_id": "217196509", "timestamp": 1654692549836, "tick_direction": 1, "price": 0.0065, "mark_price": 0.00625155, "iv": 75.32, "instrument_name": "BTC-30DEC22-100000-C", "index_price": 30205.16, "direction": "buy", "amount": 0.6}, {"trade_seq": 3206, "trade_id": "217196508", "timestamp": 1654692549731, "tick_direction": 1, "price": 0.0065, "mark_price": 0.00625155, "iv": 75.32, "instrument_name": "BTC-30DEC22-100000-C", "index_price": 30201.48, "direction": "buy", "amount": 0.8}, {"trade_seq": 3205, "trade_id": "217196505", "timestamp": 1654692549607, "tick_direction": 1, "price": 0.0065, "mark_price": 0.00625155, "iv": 75.32, "instrument_name": "BTC-30DEC22-100000-C", "index_price": 30201.48, "direction": "buy", "amount": 1.0}, {"trade_seq": 3204, "trade_id": "217196504", "timestamp": 1654692549584, "tick_direction": 1, "price": 0.0065, "mark_price": 0.00625246, "iv": 75.32, "instrument_name": "BTC-30DEC22-100000-C", "index_price": 30201.48, "direction": "buy", "amount": 1.4}, {"trade_seq": 3203, "trade_id": "217196260", "timestamp": 1654692238743, "tick_direction": 1, "price": 0.0065, "mark_price": 0.00623969, "iv": 75.34, "instrument_name": "BTC-30DEC22-100000-C", "index_price": 30195.42, "direction": "buy", "amount": 0.1}, {"trade_seq": 3202, "trade_id": "217196259", "timestamp": 1654692238694, "tick_direction": 1, "price": 0.0065, "mark_price": 0.00623969, "iv": 75.34, "instrument_name": "BTC-30DEC22-100000-C", "index_price": 30195.42, "direction": "buy", "amount": 0.1}, {"trade_seq": 3201, "trade_id": "217196257", "timestamp": 1654692238609, "tick_direction": 1, "price": 0.0065, "mark_price": 0.00623969, "iv": 75.34, "instrument_name": "BTC-30DEC22-100000-C", "index_price": 30195.42, "direction": "buy", "amount": 0.1}, {"trade_seq": 3200, "trade_id": "217196254", "timestamp": 1654692238567, "tick_direction": 1, "price": 0.0065, "mark_price": 0.00623969, "iv": 75.34, "instrument_name": "BTC-30DEC22-100000-C", "index_price": 30190.03, "direction": "buy", "amount": 0.1}, {"trade_seq": 3199, "trade_id": "217196253", "timestamp": 1654692238499, "tick_direction": 1, "price": 0.0065, "mark_price": 0.00623969, "iv": 75.34, "instrument_name": "BTC-30DEC22-100000-C", "index_price": 30190.03, "direction": "buy", "amount": 0.1}, {"trade_seq": 3198, "trade_id": "217196252", "timestamp": 1654692238349, "tick_direction": 1, "price": 0.0065, "mark_price": 0.00623969, "iv": 75.34, "instrument_name": "BTC-30DEC22-100000-C", "index_price": 30190.03, "direction": "buy", "amount": 0.1}, {"trade_seq": 3197, "trade_id": "217196199", "timestamp": 1654692229930, "tick_direction": 1, "price": 0.0065, "mark_price": 0.00623566, "iv": 75.35, "instrument_name": "BTC-30DEC22-100000-C", "index_price": 30185.23, "direction": "buy", "amount": 0.1}, {"trade_seq": 3196, "trade_id": "217196075", "timestamp": 1654692138343, "tick_direction": 1, "price": 0.0065, "mark_price": 0.0062168, "iv": 75.36, "instrument_name": "BTC-30DEC22-100000-C", "index_price": 30183.69, "direction": "buy", "amount": 0.1}, {"trade_seq": 3195, "trade_id": "217196074", "timestamp": 1654692138268, "tick_direction": 1, "price": 0.0065, "mark_price": 0.0062168, "iv": 75.36, "instrument_name": "BTC-30DEC22-100000-C", "index_price": 30183.69, "direction": "buy", "amount": 0.1}, {"trade_seq": 3194, "trade_id": "217196073", "timestamp": 1654692138210, "tick_direction": 1, "price": 0.0065, "mark_price": 0.0062168, "iv": 75.36, "instrument_name": "BTC-30DEC22-100000-C", "index_price": 30183.69, "direction": "buy", "amount": 0.1}, {"trade_seq": 3193, "trade_id": "217196068", "timestamp": 1654692137913, "tick_direction": 1, "price": 0.0065, "mark_price": 0.00621697, "iv": 75.36, "instrument_name": "BTC-30DEC22-100000-C", "index_price": 30183.69, "direction": "buy", "amount": 0.1}, {"trade_seq": 3192, "trade_id": "217196057", "timestamp": 1654692133835, "tick_direction": 1, "price": 0.0065, "mark_price": 0.00621174, "iv": 75.37, "instrument_name": "BTC-30DEC22-100000-C", "index_price": 30175.57, "direction": "buy", "amount": 0.1}, {"trade_seq": 3191, "trade_id": "217196053", "timestamp": 1654692132403, "tick_direction": 1, "price": 0.0065, "mark_price": 0.006212, "iv": 75.38, "instrument_name": "BTC-30DEC22-100000-C", "index_price": 30171.12, "direction": "buy", "amount": 0.1}, {"trade_seq": 3190, "trade_id": "217196040", "timestamp": 1654692127771, "tick_direction": 1, "price": 0.0065, "mark_price": 0.00619857, "iv": 75.4, "instrument_name": "BTC-30DEC22-100000-C", "index_price": 30163.37, "direction": "buy", "amount": 0.1}, {"trade_seq": 3189, "trade_id": "217196037", "timestamp": 1654692127323, "tick_direction": 1, "price": 0.0065, "mark_price": 0.00619857, "iv": 75.4, "instrument_name": "BTC-30DEC22-100000-C", "index_price": 30163.37, "direction": "buy", "amount": 0.1}, {"trade_seq": 3188, "trade_id": "217196036", "timestamp": 1654692126406, "tick_direction": 1, "price": 0.0065, "mark_price": 0.00619857, "iv": 75.4, "instrument_name": "BTC-30DEC22-100000-C", "index_price": 30153.94, "direction": "buy", "amount": 0.1}, {"trade_seq": 3187, "trade_id": "217196035", "timestamp": 1654692126395, "tick_direction": 1, "price": 0.0065, "mark_price": 0.00619857, "iv": 75.4, "instrument_name": "BTC-30DEC22-100000-C", "index_price": 30153.94, "direction": "buy", "amount": 0.1}, {"trade_seq": 3186, "trade_id": "217196034", "timestamp": 1654692126133, "tick_direction": 1, "price": 0.0065, "mark_price": 0.00619857, "iv": 75.4, "instrument_name": "BTC-30DEC22-100000-C", "index_price": 30153.94, "direction": "buy", "amount": 0.1}, {"trade_seq": 3185, "trade_id": "217196028", "timestamp": 1654692125901, "tick_direction": 1, "price": 0.0065, "mark_price": 0.00619583, "iv": 75.4, "instrument_name": "BTC-30DEC22-100000-C", "index_price": 30153.94, "direction": "buy", "amount": 0.1}, {"trade_seq": 3184, "trade_id": "217196018", "timestamp": 1654692123383, "tick_direction": 1, "price": 0.0065, "mark_price": 0.00619337, "iv": 75.41, "instrument_name": "BTC-30DEC22-100000-C", "index_price": 30147.85, "direction": "buy", "amount": 0.1}, {"trade_seq": 3183, "trade_id": "217196016", "timestamp": 1654692123302, "tick_direction": 1, "price": 0.0065, "mark_price": 0.00619337, "iv": 75.41, "instrument_name": "BTC-30DEC22-100000-C", "index_price": 30147.85, "direction": "buy", "amount": 0.1}, {"trade_seq": 3182, "trade_id": "217196007", "timestamp": 1654692121311, "tick_direction": 1, "price": 0.0065, "mark_price": 0.00618796, "iv": 75.42, "instrument_name": "BTC-30DEC22-100000-C", "index_price": 30142.64, "direction": "buy", "amount": 0.1}, {"trade_seq": 3181, "trade_id": "217195884", "timestamp": 1654692071297, "tick_direction": 1, "price": 0.0065, "mark_price": 0.00623669, "iv": 75.33, "instrument_name": "BTC-30DEC22-100000-C", "index_price": 30191.17, "direction": "buy", "amount": 0.1}, {"trade_seq": 3180, "trade_id": "217195873", "timestamp": 1654692065211, "tick_direction": 1, "price": 0.0065, "mark_price": 0.00623503, "iv": 75.33, "instrument_name": "BTC-30DEC22-100000-C", "index_price": 30190.18, "direction": "buy", "amount": 0.1}, {"trade_seq": 3179, "trade_id": "217195872", "timestamp": 1654692065165, "tick_direction": 1, "price": 0.0065, "mark_price": 0.00623503, "iv": 75.33, "instrument_name": "BTC-30DEC22-100000-C", "index_price": 30190.18, "direction": "buy", "amount": 0.1}, {"trade_seq": 3178, "trade_id": "217195858", "timestamp": 1654692057950, "tick_direction": 1, "price": 0.0065, "mark_price": 0.00623429, "iv": 75.33, "instrument_name": "BTC-30DEC22-100000-C", "index_price": 30190.57, "direction": "buy", "amount": 0.1}, {"trade_seq": 3177, "trade_id": "217195846", "timestamp": 1654692051575, "tick_direction": 1, "price": 0.0065, "mark_price": 0.00622979, "iv": 75.33, "instrument_name": "BTC-30DEC22-100000-C", "index_price": 30189.96, "direction": "buy", "amount": 0.1}, {"trade_seq": 3176, "trade_id": "217195829", "timestamp": 1654692046899, "tick_direction": 1, "price": 0.0065, "mark_price": 0.00622151, "iv": 75.35, "instrument_name": "BTC-30DEC22-100000-C", "index_price": 30182.06, "direction": "buy", "amount": 0.1}, {"trade_seq": 3175, "trade_id": "217195824", "timestamp": 1654692046487, "tick_direction": 1, "price": 0.0065, "mark_price": 0.00622188, "iv": 75.35, "instrument_name": "BTC-30DEC22-100000-C", "index_price": 30182.06, "direction": "buy", "amount": 0.1}, {"trade_seq": 3174, "trade_id": "217195823", "timestamp": 1654692046464, "tick_direction": 1, "price": 0.0065, "mark_price": 0.00622188, "iv": 75.35, "instrument_name": "BTC-30DEC22-100000-C", "index_price": 30182.06, "direction": "buy", "amount": 0.1}, {"trade_seq": 3173, "trade_id": "217195822", "timestamp": 1654692046429, "tick_direction": 1, "price": 0.0065, "mark_price": 0.00622188, "iv": 75.35, "instrument_name": "BTC-30DEC22-100000-C", "index_price": 30182.06, "direction": "buy", "amount": 0.1}, {"trade_seq": 3172, "trade_id": "217195818", "timestamp": 1654692046032, "tick_direction": 1, "price": 0.0065, "mark_price": 0.00622188, "iv": 75.35, "instrument_name": "BTC-30DEC22-100000-C", "index_price": 30180.81, "direction": "buy", "amount": 0.1}, {"trade_seq": 3171, "trade_id": "217195638", "timestamp": 1654692000661, "tick_direction": 1, "price": 0.0065, "mark_price": 0.00623626, "iv": 75.32, "instrument_name": "BTC-30DEC22-100000-C", "index_price": 30204.58, "direction": "buy", "amount": 0.1}, {"trade_seq": 3170, "trade_id": "217047786", "timestamp": 1654618598283, "tick_direction": 1, "price": 0.0065, "mark_price": 0.00572076, "iv": 75.93, "instrument_name": "BTC-30DEC22-100000-C", "index_price": 29741.6, "direction": "buy", "amount": 1.0}, {"trade_seq": 3169, "trade_id": "217047785", "timestamp": 1654618598283, "tick_direction": 0, "price": 0.0065, "mark_price": 0.00572076, "iv": 75.93, "instrument_name": "BTC-30DEC22-100000-C", "index_price": 29741.6, "direction": "buy", "amount": 1.0}, {"trade_seq": 3168, "trade_id": "217025000", "timestamp": 1654598281765, "tick_direction": 3, "price": 0.0055, "mark_price": 0.00575654, "iv": 74.29, "instrument_name": "BTC-30DEC22-100000-C", "index_price": 29590.38, "direction": "buy", "amount": 0.9}, {"trade_seq": 3167, "trade_id": "217024999", "timestamp": 1654598281761, "tick_direction": 3, "price": 0.0055, "mark_price": 0.00575654, "iv": 74.29, "instrument_name": "BTC-30DEC22-100000-C", "index_price": 29590.38, "direction": "sell", "amount": 2.1}, {"trade_seq": 3166, "trade_id": "216984439", "timestamp": 1654567206336, "tick_direction": 3, "price": 0.0055, "mark_price": 0.00588624, "iv": 74.38, "instrument_name": "BTC-30DEC22-100000-C", "index_price": 29531.57, "direction": "sell", "amount": 0.1}, {"trade_seq": 3165, "trade_id": "216984425", "timestamp": 1654567205033, "tick_direction": 3, "price": 0.0055, "mark_price": 0.0058969, "iv": 74.37, "instrument_name": "BTC-30DEC22-100000-C", "index_price": 29533.32, "direction": "sell", "amount": 0.1}, {"trade_seq": 3164, "trade_id": "216984422", "timestamp": 1654567204439, "tick_direction": 3, "price": 0.0055, "mark_price": 0.0058969, "iv": 74.37, "instrument_name": "BTC-30DEC22-100000-C", "index_price": 29537.7, "direction": "sell", "amount": 0.1}, {"trade_seq": 3163, "trade_id": "216984414", "timestamp": 1654567203678, "tick_direction": 3, "price": 0.0055, "mark_price": 0.00589607, "iv": 74.35, "instrument_name": "BTC-30DEC22-100000-C", "index_price": 29546.67, "direction": "sell", "amount": 0.1}, {"trade_seq": 3162, "trade_id": "216984413", "timestamp": 1654567203657, "tick_direction": 3, "price": 0.0055, "mark_price": 0.00589607, "iv": 74.35, "instrument_name": "BTC-30DEC22-100000-C", "index_price": 29546.67, "direction": "sell", "amount": 0.1}, {"trade_seq": 3161, "trade_id": "216984412", "timestamp": 1654567203604, "tick_direction": 3, "price": 0.0055, "mark_price": 0.00589607, "iv": 74.35, "instrument_name": "BTC-30DEC22-100000-C", "index_price": 29546.67, "direction": "sell", "amount": 0.1}, {"trade_seq": 3160, "trade_id": "216984347", "timestamp": 1654567199398, "tick_direction": 3, "price": 0.0055, "mark_price": 0.00590324, "iv": 74.34, "instrument_name": "BTC-30DEC22-100000-C", "index_price": 29557.37, "direction": "sell", "amount": 0.1}, {"trade_seq": 3159, "trade_id": "216984346", "timestamp": 1654567199327, "tick_direction": 3, "price": 0.0055, "mark_price": 0.00590324, "iv": 74.34, "instrument_name": "BTC-30DEC22-100000-C", "index_price": 29557.37, "direction": "sell", "amount": 0.1}, {"trade_seq": 3158, "trade_id": "216984318", "timestamp": 1654567199129, "tick_direction": 3, "price": 0.0055, "mark_price": 0.00590572, "iv": 74.34, "instrument_name": "BTC-30DEC22-100000-C", "index_price": 29557.37, "direction": "sell", "amount": 0.1}, {"trade_seq": 3157, "trade_id": "216984245", "timestamp": 1654567192739, "tick_direction": 3, "price": 0.0055, "mark_price": 0.0059107, "iv": 74.33, "instrument_name": "BTC-30DEC22-100000-C", "index_price": 29561.77, "direction": "sell", "amount": 0.1}, {"trade_seq": 3156, "trade_id": "216984216", "timestamp": 1654567192395, "tick_direction": 3, "price": 0.0055, "mark_price": 0.0059107, "iv": 74.32, "instrument_name": "BTC-30DEC22-100000-C", "index_price": 29566.05, "direction": "sell", "amount": 0.1}, {"trade_seq": 3155, "trade_id": "216984215", "timestamp": 1654567192370, "tick_direction": 3, "price": 0.0055, "mark_price": 0.0059107, "iv": 74.32, "instrument_name": "BTC-30DEC22-100000-C", "index_price": 29566.05, "direction": "sell", "amount": 0.1}, {"trade_seq": 3154, "trade_id": "216984213", "timestamp": 1654567189724, "tick_direction": 3, "price": 0.0055, "mark_price": 0.00591148, "iv": 74.32, "instrument_name": "BTC-30DEC22-100000-C", "index_price": 29565.86, "direction": "sell", "amount": 0.1}, {"trade_seq": 3153, "trade_id": "216984212", "timestamp": 1654567189715, "tick_direction": 3, "price": 0.0055, "mark_price": 0.00591148, "iv": 74.32, "instrument_name": "BTC-30DEC22-100000-C", "index_price": 29565.86, "direction": "sell", "amount": 0.1}, {"trade_seq": 3152, "trade_id": "216984103", "timestamp": 1654567183168, "tick_direction": 3, "price": 0.0055, "mark_price": 0.00592054, "iv": 74.31, "instrument_name": "BTC-30DEC22-100000-C", "index_price": 29569.78, "direction": "sell", "amount": 0.1}, {"trade_seq": 3151, "trade_id": "216984102", "timestamp": 1654567183149, "tick_direction": 3, "price": 0.0055, "mark_price": 0.00592054, "iv": 74.31, "instrument_name": "BTC-30DEC22-100000-C", "index_price": 29569.78, "direction": "sell", "amount": 0.1}, {"trade_seq": 3150, "trade_id": "216984099", "timestamp": 1654567182710, "tick_direction": 2, "price": 0.0055, "mark_price": 0.00592054, "iv": 74.31, "instrument_name": "BTC-30DEC22-100000-C", "index_price": 29569.78, "direction": "sell", "amount": 0.1}, {"trade_seq": 3149, "trade_id": "216872699", "timestamp": 1654503136792, "tick_direction": 2, "price": 0.007, "mark_price": 0.00688994, "iv": 73.81, "instrument_name": "BTC-30DEC22-100000-C", "index_price": 31362.15, "direction": "buy", "amount": 0.3}, {"trade_seq": 3148, "trade_id": "216806348", "timestamp": 1654445107349, "tick_direction": 1, "price": 0.0075, "mark_price": 0.00717708, "iv": 76.65, "instrument_name": "BTC-30DEC22-100000-C", "index_price": 30107.25, "direction": "buy", "amount": 0.3}, {"trade_seq": 3147, "trade_id": "216806345", "timestamp": 1654445107342, "tick_direction": 0, "price": 0.0075, "mark_price": 0.00717708, "iv": 76.65, "instrument_name": "BTC-30DEC22-100000-C", "index_price": 30107.25, "direction": "buy", "amount": 0.7}, {"trade_seq": 3146, "trade_id": "216795955", "timestamp": 1654427786274, "tick_direction": 1, "price": 0.007, "mark_price": 0.0062034, "iv": 76.61, "instrument_name": "BTC-30DEC22-100000-C", "index_price": 29576.15, "direction": "buy", "amount": 0.9}, {"trade_seq": 3145, "trade_id": "216795954", "timestamp": 1654427786274, "tick_direction": 0, "price": 0.007, "mark_price": 0.0062034, "iv": 76.61, "instrument_name": "BTC-30DEC22-100000-C", "index_price": 29576.15, "direction": "buy", "amount": 0.1}, {"trade_seq": 3144, "trade_id": "216792318", "timestamp": 1654420228044, "tick_direction": 0, "price": 0.005, "mark_price": 0.00479165, "iv": 72.91, "instrument_name": "BTC-30DEC22-100000-C", "index_price": 29573.65, "direction": "sell", "amount": 3.6}, {"trade_seq": 3143, "trade_id": "216784496", "timestamp": 1654401195145, "tick_direction": 3, "price": 0.0045, "mark_price": 0.00491856, "iv": 71.56, "instrument_name": "BTC-30DEC22-100000-C", "index_price": 29736.06, "direction": "sell", "amount": 0.1}, {"trade_seq": 3142, "trade_id": "216784495", "timestamp": 1654401194818, "tick_direction": 3, "price": 0.0045, "mark_price": 0.00491898, "iv": 71.56, "instrument_name": "BTC-30DEC22-100000-C", "index_price": 29736.06, "direction": "sell", "amount": 0.1}, {"trade_seq": 3141, "trade_id": "216784494", "timestamp": 1654401194266, "tick_direction": 3, "price": 0.0045, "mark_price": 0.00491898, "iv": 71.56, "instrument_name": "BTC-30DEC22-100000-C", "index_price": 29736.2, "direction": "sell", "amount": 0.1}, {"trade_seq": 3140, "trade_id": "216784493", "timestamp": 1654401194241, "tick_direction": 3, "price": 0.0045, "mark_price": 0.00491898, "iv": 71.56, "instrument_name": "BTC-30DEC22-100000-C", "index_price": 29736.2, "direction": "sell", "amount": 0.1}, {"trade_seq": 3139, "trade_id": "216784260", "timestamp": 1654400408971, "tick_direction": 2, "price": 0.0045, "mark_price": 0.00486638, "iv": 71.53, "instrument_name": "BTC-30DEC22-100000-C", "index_price": 29765.08, "direction": "sell", "amount": 0.1}, {"trade_seq": 3138, "trade_id": "216783786", "timestamp": 1654398669434, "tick_direction": 3, "price": 0.005, "mark_price": 0.00486944, "iv": 72.62, "instrument_name": "BTC-30DEC22-100000-C", "index_price": 29756.7, "direction": "sell", "amount": 0.1}, {"trade_seq": 3137, "trade_id": "216783785", "timestamp": 1654398665377, "tick_direction": 3, "price": 0.005, "mark_price": 0.00487108, "iv": 72.62, "instrument_name": "BTC-30DEC22-100000-C", "index_price": 29756.8, "direction": "sell", "amount": 0.1}, {"trade_seq": 3136, "trade_id": "216783783", "timestamp": 1654398661399, "tick_direction": 3, "price": 0.005, "mark_price": 0.00487261, "iv": 72.61, "instrument_name": "BTC-30DEC22-100000-C", "index_price": 29756.87, "direction": "sell", "amount": 0.1}, {"trade_seq": 3135, "trade_id": "216783782", "timestamp": 1654398661392, "tick_direction": 3, "price": 0.005, "mark_price": 0.00487261, "iv": 72.61, "instrument_name": "BTC-30DEC22-100000-C", "index_price": 29756.87, "direction": "sell", "amount": 0.1}, {"trade_seq": 3134, "trade_id": "216783780", "timestamp": 1654398659341, "tick_direction": 3, "price": 0.005, "mark_price": 0.00487312, "iv": 72.61, "instrument_name": "BTC-30DEC22-100000-C", "index_price": 29757.25, "direction": "sell", "amount": 0.1}, {"trade_seq": 3133, "trade_id": "216783778", "timestamp": 1654398657295, "tick_direction": 3, "price": 0.005, "mark_price": 0.00487374, "iv": 72.61, "instrument_name": "BTC-30DEC22-100000-C", "index_price": 29757.13, "direction": "sell", "amount": 0.1}, {"trade_seq": 3132, "trade_id": "216783775", "timestamp": 1654398652482, "tick_direction": 3, "price": 0.005, "mark_price": 0.00487494, "iv": 72.61, "instrument_name": "BTC-30DEC22-100000-C", "index_price": 29756.92, "direction": "sell", "amount": 0.1}, {"trade_seq": 3131, "trade_id": "216783774", "timestamp": 1654398652471, "tick_direction": 3, "price": 0.005, "mark_price": 0.00487494, "iv": 72.61, "instrument_name": "BTC-30DEC22-100000-C", "index_price": 29756.92, "direction": "sell", "amount": 0.1}, {"trade_seq": 3130, "trade_id": "216783772", "timestamp": 1654398651243, "tick_direction": 3, "price": 0.005, "mark_price": 0.00487589, "iv": 72.61, "instrument_name": "BTC-30DEC22-100000-C", "index_price": 29757.1, "direction": "sell", "amount": 0.1}, {"trade_seq": 3129, "trade_id": "216783770", "timestamp": 1654398645670, "tick_direction": 3, "price": 0.005, "mark_price": 0.00487724, "iv": 72.61, "instrument_name": "BTC-30DEC22-100000-C", "index_price": 29756.82, "direction": "sell", "amount": 0.1}, {"trade_seq": 3128, "trade_id": "216783769", "timestamp": 1654398643168, "tick_direction": 3, "price": 0.005, "mark_price": 0.00487885, "iv": 72.61, "instrument_name": "BTC-30DEC22-100000-C", "index_price": 29756.79, "direction": "sell", "amount": 0.1}, {"trade_seq": 3127, "trade_id": "216783767", "timestamp": 1654398642590, "tick_direction": 3, "price": 0.005, "mark_price": 0.00487885, "iv": 72.61, "instrument_name": "BTC-30DEC22-100000-C", "index_price": 29756.91, "direction": "sell", "amount": 0.1}, {"trade_seq": 3126, "trade_id": "216783765", "timestamp": 1654398641147, "tick_direction": 3, "price": 0.005, "mark_price": 0.00487872, "iv": 72.61, "instrument_name": "BTC-30DEC22-100000-C", "index_price": 29755.36, "direction": "sell", "amount": 0.1}, {"trade_seq": 3125, "trade_id": "216783763", "timestamp": 1654398639123, "tick_direction": 3, "price": 0.005, "mark_price": 0.0048794, "iv": 72.61, "instrument_name": "BTC-30DEC22-100000-C", "index_price": 29755.5, "direction": "sell", "amount": 0.1}, {"trade_seq": 3124, "trade_id": "216783762", "timestamp": 1654398637638, "tick_direction": 3, "price": 0.005, "mark_price": 0.00487984, "iv": 72.61, "instrument_name": "BTC-30DEC22-100000-C", "index_price": 29755.09, "direction": "sell", "amount": 0.1}, {"trade_seq": 3123, "trade_id": "216783761", "timestamp": 1654398635114, "tick_direction": 3, "price": 0.005, "mark_price": 0.00488148, "iv": 72.61, "instrument_name": "BTC-30DEC22-100000-C", "index_price": 29755.02, "direction": "sell", "amount": 0.1}, {"trade_seq": 3122, "trade_id": "216783760", "timestamp": 1654398635083, "tick_direction": 3, "price": 0.005, "mark_price": 0.00488148, "iv": 72.61, "instrument_name": "BTC-30DEC22-100000-C", "index_price": 29755.02, "direction": "sell", "amount": 0.1}, {"trade_seq": 3121, "trade_id": "216783750", "timestamp": 1654398629009, "tick_direction": 3, "price": 0.005, "mark_price": 0.00488445, "iv": 72.61, "instrument_name": "BTC-30DEC22-100000-C", "index_price": 29754.58, "direction": "sell", "amount": 0.1}, {"trade_seq": 3120, "trade_id": "216783724", "timestamp": 1654398622947, "tick_direction": 3, "price": 0.005, "mark_price": 0.00488109, "iv": 72.61, "instrument_name": "BTC-30DEC22-100000-C", "index_price": 29746.73, "direction": "sell", "amount": 0.1}, {"trade_seq": 3119, "trade_id": "216783723", "timestamp": 1654398618905, "tick_direction": 3, "price": 0.005, "mark_price": 0.00488087, "iv": 72.61, "instrument_name": "BTC-30DEC22-100000-C", "index_price": 29746.64, "direction": "sell", "amount": 0.1}, {"trade_seq": 3118, "trade_id": "216783628", "timestamp": 1654398236916, "tick_direction": 3, "price": 0.005, "mark_price": 0.0049063, "iv": 72.62, "instrument_name": "BTC-30DEC22-100000-C", "index_price": 29732.03, "direction": "sell", "amount": 0.1}, {"trade_seq": 3117, "trade_id": "216783627", "timestamp": 1654398228830, "tick_direction": 3, "price": 0.005, "mark_price": 0.00490699, "iv": 72.62, "instrument_name": "BTC-30DEC22-100000-C", "index_price": 29732.48, "direction": "sell", "amount": 0.1}, {"trade_seq": 3116, "trade_id": "216783626", "timestamp": 1654398222626, "tick_direction": 3, "price": 0.005, "mark_price": 0.00490771, "iv": 72.62, "instrument_name": "BTC-30DEC22-100000-C", "index_price": 29733.64, "direction": "sell", "amount": 0.1}, {"trade_seq": 3115, "trade_id": "216783625", "timestamp": 1654398222616, "tick_direction": 2, "price": 0.005, "mark_price": 0.00490771, "iv": 72.62, "instrument_name": "BTC-30DEC22-100000-C", "index_price": 29733.64, "direction": "sell", "amount": 0.1}, {"trade_seq": 3114, "trade_id": "216782733", "timestamp": 1654395671935, "tick_direction": 2, "price": 0.0055, "mark_price": 0.00521032, "iv": 73.58, "instrument_name": "BTC-30DEC22-100000-C", "index_price": 29760.99, "direction": "sell", "amount": 0.1}, {"trade_seq": 3113, "trade_id": "216665215", "timestamp": 1654244037046, "tick_direction": 1, "price": 0.007, "mark_price": 0.00649075, "iv": 74.62, "instrument_name": "BTC-30DEC22-100000-C", "index_price": 30491.94, "direction": "buy", "amount": 1.5}, {"trade_seq": 3112, "trade_id": "216665211", "timestamp": 1654244037017, "tick_direction": 1, "price": 0.007, "mark_price": 0.00649075, "iv": 74.62, "instrument_name": "BTC-30DEC22-100000-C", "index_price": 30491.94, "direction": "buy", "amount": 2.0}, {"trade_seq": 3111, "trade_id": "216665210", "timestamp": 1654244036630, "tick_direction": 0, "price": 0.007, "mark_price": 0.00649075, "iv": 74.62, "instrument_name": "BTC-30DEC22-100000-C", "index_price": 30491.94, "direction": "buy", "amount": 2.6}, {"trade_seq": 3110, "trade_id": "216659237", "timestamp": 1654242331318, "tick_direction": 2, "price": 0.0065, "mark_price": 0.00595802, "iv": 73.88, "instrument_name": "BTC-30DEC22-100000-C", "index_price": 30452.01, "direction": "sell", "amount": 1.0}, {"trade_seq": 3109, "trade_id": "216621609", "timestamp": 1654199098086, "tick_direction": 0, "price": 0.007, "mark_price": 0.00612941, "iv": 75.03, "instrument_name": "BTC-30DEC22-100000-C", "index_price": 30206.64, "direction": "buy", "amount": 1.0}, {"trade_seq": 3108, "trade_id": "216611584", "timestamp": 1654186654871, "tick_direction": 1, "price": 0.0065, "mark_price": 0.00603288, "iv": 73.96, "instrument_name": "BTC-30DEC22-100000-C", "index_price": 30344.58, "direction": "buy", "amount": 0.1}, {"trade_seq": 3107, "trade_id": "216563509", "timestamp": 1654157209376, "tick_direction": 0, "price": 0.0065, "mark_price": 0.00590695, "iv": 74.58, "instrument_name": "BTC-30DEC22-100000-C", "index_price": 29912.76, "direction": "buy", "amount": 1.4}, {"trade_seq": 3106, "trade_id": "216549497", "timestamp": 1654138715372, "tick_direction": 3, "price": 0.006, "mark_price": 0.00591019, "iv": 73.78, "instrument_name": "BTC-30DEC22-100000-C", "index_price": 29802.87, "direction": "sell", "amount": 0.1}, {"trade_seq": 3105, "trade_id": "216549485", "timestamp": 1654138700774, "tick_direction": 3, "price": 0.006, "mark_price": 0.00590443, "iv": 73.79, "instrument_name": "BTC-30DEC22-100000-C", "index_price": 29796.95, "direction": "sell", "amount": 0.1}, {"trade_seq": 3104, "trade_id": "216549484", "timestamp": 1654138694717, "tick_direction": 3, "price": 0.006, "mark_price": 0.00590329, "iv": 73.79, "instrument_name": "BTC-30DEC22-100000-C", "index_price": 29796.71, "direction": "sell", "amount": 0.1}, {"trade_seq": 3103, "trade_id": "216549483", "timestamp": 1654138665728, "tick_direction": 3, "price": 0.006, "mark_price": 0.00590296, "iv": 73.78, "instrument_name": "BTC-30DEC22-100000-C", "index_price": 29799.3, "direction": "sell", "amount": 0.1}, {"trade_seq": 3102, "trade_id": "216549482", "timestamp": 1654138665638, "tick_direction": 3, "price": 0.006, "mark_price": 0.00590296, "iv": 73.78, "instrument_name": "BTC-30DEC22-100000-C", "index_price": 29799.3, "direction": "sell", "amount": 0.1}, {"trade_seq": 3101, "trade_id": "216548776", "timestamp": 1654137572295, "tick_direction": 3, "price": 0.006, "mark_price": 0.00602488, "iv": 73.7, "instrument_name": "BTC-30DEC22-100000-C", "index_price": 29850.76, "direction": "sell", "amount": 0.1}, {"trade_seq": 3100, "trade_id": "216548775", "timestamp": 1654137572130, "tick_direction": 3, "price": 0.006, "mark_price": 0.00602733, "iv": 73.7, "instrument_name": "BTC-30DEC22-100000-C", "index_price": 29850.76, "direction": "sell", "amount": 0.1}, {"trade_seq": 3099, "trade_id": "216548773", "timestamp": 1654137570696, "tick_direction": 3, "price": 0.006, "mark_price": 0.0060281, "iv": 73.7, "instrument_name": "BTC-30DEC22-100000-C", "index_price": 29854.02, "direction": "sell", "amount": 0.1}, {"trade_seq": 3098, "trade_id": "216548751", "timestamp": 1654137479493, "tick_direction": 3, "price": 0.006, "mark_price": 0.00606609, "iv": 73.7, "instrument_name": "BTC-30DEC22-100000-C", "index_price": 29858.85, "direction": "sell", "amount": 0.1}, {"trade_seq": 3097, "trade_id": "216548750", "timestamp": 1654137479482, "tick_direction": 3, "price": 0.006, "mark_price": 0.00606609, "iv": 73.7, "instrument_name": "BTC-30DEC22-100000-C", "index_price": 29858.85, "direction": "sell", "amount": 0.1}, {"trade_seq": 3096, "trade_id": "216548749", "timestamp": 1654137478458, "tick_direction": 3, "price": 0.006, "mark_price": 0.00606791, "iv": 73.7, "instrument_name": "BTC-30DEC22-100000-C", "index_price": 29859.98, "direction": "sell", "amount": 0.1}, {"trade_seq": 3095, "trade_id": "216548710", "timestamp": 1654137470676, "tick_direction": 3, "price": 0.006, "mark_price": 0.00607185, "iv": 73.69, "instrument_name": "BTC-30DEC22-100000-C", "index_price": 29862.29, "direction": "sell", "amount": 0.1}, {"trade_seq": 3094, "trade_id": "216548709", "timestamp": 1654137470659, "tick_direction": 3, "price": 0.006, "mark_price": 0.00607185, "iv": 73.69, "instrument_name": "BTC-30DEC22-100000-C", "index_price": 29862.29, "direction": "sell", "amount": 0.1}, {"trade_seq": 3093, "trade_id": "216548702", "timestamp": 1654137467676, "tick_direction": 3, "price": 0.006, "mark_price": 0.00607419, "iv": 73.69, "instrument_name": "BTC-30DEC22-100000-C", "index_price": 29863.52, "direction": "sell", "amount": 0.1}, {"trade_seq": 3092, "trade_id": "216548701", "timestamp": 1654137467649, "tick_direction": 3, "price": 0.006, "mark_price": 0.00607419, "iv": 73.69, "instrument_name": "BTC-30DEC22-100000-C", "index_price": 29863.52, "direction": "sell", "amount": 0.1}, {"trade_seq": 3091, "trade_id": "216548700", "timestamp": 1654137464245, "tick_direction": 3, "price": 0.006, "mark_price": 0.00607523, "iv": 73.69, "instrument_name": "BTC-30DEC22-100000-C", "index_price": 29863.22, "direction": "sell", "amount": 0.1}, {"trade_seq": 3090, "trade_id": "216548699", "timestamp": 1654137464214, "tick_direction": 3, "price": 0.006, "mark_price": 0.00607523, "iv": 73.69, "instrument_name": "BTC-30DEC22-100000-C", "index_price": 29863.22, "direction": "sell", "amount": 0.1}, {"trade_seq": 3089, "trade_id": "216548698", "timestamp": 1654137461351, "tick_direction": 3, "price": 0.006, "mark_price": 0.00607603, "iv": 73.69, "instrument_name": "BTC-30DEC22-100000-C", "index_price": 29863.21, "direction": "sell", "amount": 0.1}, {"trade_seq": 3088, "trade_id": "216548695", "timestamp": 1654137457304, "tick_direction": 3, "price": 0.006, "mark_price": 0.00607809, "iv": 73.69, "instrument_name": "BTC-30DEC22-100000-C", "index_price": 29863.5, "direction": "sell", "amount": 0.1}, {"trade_seq": 3087, "trade_id": "216548694", "timestamp": 1654137451288, "tick_direction": 3, "price": 0.006, "mark_price": 0.00608189, "iv": 73.69, "instrument_name": "BTC-30DEC22-100000-C", "index_price": 29864.09, "direction": "sell", "amount": 0.1}, {"trade_seq": 3086, "trade_id": "216548693", "timestamp": 1654137448635, "tick_direction": 3, "price": 0.006, "mark_price": 0.00608475, "iv": 73.69, "instrument_name": "BTC-30DEC22-100000-C", "index_price": 29864.65, "direction": "sell", "amount": 0.1}, {"trade_seq": 3085, "trade_id": "216548692", "timestamp": 1654137448195, "tick_direction": 3, "price": 0.006, "mark_price": 0.00608475, "iv": 73.69, "instrument_name": "BTC-30DEC22-100000-C", "index_price": 29865.38, "direction": "sell", "amount": 0.1}, {"trade_seq": 3084, "trade_id": "216548691", "timestamp": 1654137447860, "tick_direction": 3, "price": 0.006, "mark_price": 0.00608629, "iv": 73.69, "instrument_name": "BTC-30DEC22-100000-C", "index_price": 29865.38, "direction": "sell", "amount": 0.1}, {"trade_seq": 3083, "trade_id": "216548689", "timestamp": 1654137445794, "tick_direction": 3, "price": 0.006, "mark_price": 0.00609012, "iv": 73.68, "instrument_name": "BTC-30DEC22-100000-C", "index_price": 29869.04, "direction": "sell", "amount": 0.1}, {"trade_seq": 3082, "trade_id": "216548688", "timestamp": 1654137445778, "tick_direction": 3, "price": 0.006, "mark_price": 0.00609012, "iv": 73.68, "instrument_name": "BTC-30DEC22-100000-C", "index_price": 29869.04, "direction": "sell", "amount": 0.1}, {"trade_seq": 3081, "trade_id": "216548687", "timestamp": 1654137443905, "tick_direction": 3, "price": 0.006, "mark_price": 0.00609538, "iv": 73.67, "instrument_name": "BTC-30DEC22-100000-C", "index_price": 29870.7, "direction": "sell", "amount": 0.1}, {"trade_seq": 3080, "trade_id": "216548684", "timestamp": 1654137443028, "tick_direction": 3, "price": 0.006, "mark_price": 0.00609538, "iv": 73.67, "instrument_name": "BTC-30DEC22-100000-C", "index_price": 29872.01, "direction": "sell", "amount": 0.1}, {"trade_seq": 3079, "trade_id": "216548682", "timestamp": 1654137442745, "tick_direction": 3, "price": 0.006, "mark_price": 0.00609471, "iv": 73.67, "instrument_name": "BTC-30DEC22-100000-C", "index_price": 29872.01, "direction": "sell", "amount": 0.1}, {"trade_seq": 3078, "trade_id": "216548651", "timestamp": 1654137437416, "tick_direction": 3, "price": 0.006, "mark_price": 0.00608757, "iv": 73.69, "instrument_name": "BTC-30DEC22-100000-C", "index_price": 29857.91, "direction": "sell", "amount": 0.1}, {"trade_seq": 3077, "trade_id": "216548648", "timestamp": 1654137431572, "tick_direction": 3, "price": 0.006, "mark_price": 0.0060922, "iv": 73.68, "instrument_name": "BTC-30DEC22-100000-C", "index_price": 29856.16, "direction": "sell", "amount": 0.1}, {"trade_seq": 3076, "trade_id": "216548645", "timestamp": 1654137431028, "tick_direction": 3, "price": 0.006, "mark_price": 0.0060922, "iv": 73.68, "instrument_name": "BTC-30DEC22-100000-C", "index_price": 29855.78, "direction": "sell", "amount": 0.1}, {"trade_seq": 3075, "trade_id": "216548637", "timestamp": 1654137423137, "tick_direction": 3, "price": 0.006, "mark_price": 0.00608729, "iv": 73.69, "instrument_name": "BTC-30DEC22-100000-C", "index_price": 29843.79, "direction": "sell", "amount": 0.1}, {"trade_seq": 3074, "trade_id": "216548612", "timestamp": 1654137416879, "tick_direction": 3, "price": 0.006, "mark_price": 0.00608336, "iv": 73.7, "instrument_name": "BTC-30DEC22-100000-C", "index_price": 29834.8, "direction": "sell", "amount": 0.1}, {"trade_seq": 3073, "trade_id": "216548611", "timestamp": 1654137412815, "tick_direction": 3, "price": 0.006, "mark_price": 0.00608416, "iv": 73.7, "instrument_name": "BTC-30DEC22-100000-C", "index_price": 29834.79, "direction": "sell", "amount": 0.1}