{"trades": [{"trade_seq": 1317, "trade_id": "138626076", "timestamp": 1616655645740, "tick_direction": 2, "price": 0.771, "mark_price": 0.77313919, "iv": 0.0, "instrument_name": "BTC-26MAR21-12000-C", "index_price": 52897.3, "direction": "buy", "amount": 5.0}, {"trade_seq": 1316, "trade_id": "138079825", "timestamp": 1616542692541, "tick_direction": 2, "price": 0.7795, "mark_price": 0.78032463, "iv": 0.0, "instrument_name": "BTC-26MAR21-12000-C", "index_price": 54555.06, "direction": "sell", "amount": 1.4}, {"trade_seq": 1315, "trade_id": "137327897", "timestamp": 1616249245830, "tick_direction": 1, "price": 0.796, "mark_price": 0.79707693, "iv": 0.0, "instrument_name": "BTC-26MAR21-12000-C", "index_price": 58874.61, "direction": "sell", "amount": 0.1}, {"trade_seq": 1314, "trade_id": "137327245", "timestamp": 1616249112100, "tick_direction": 0, "price": 0.796, "mark_price": 0.7970504, "iv": 0.0, "instrument_name": "BTC-26MAR21-12000-C", "index_price": 58883.16, "direction": "sell", "amount": 0.1}, {"trade_seq": 1313, "trade_id": "137322918", "timestamp": 1616248552785, "tick_direction": 3, "price": 0.7955, "mark_price": 0.79639753, "iv": 0.0, "instrument_name": "BTC-26MAR21-12000-C", "index_price": 58629.93, "direction": "sell", "amount": 0.1}, {"trade_seq": 1312, "trade_id": "137322679", "timestamp": 1616248549124, "tick_direction": 3, "price": 0.7955, "mark_price": 0.79676876, "iv": 0.0, "instrument_name": "BTC-26MAR21-12000-C", "index_price": 58664.52, "direction": "sell", "amount": 0.1}, {"trade_seq": 1311, "trade_id": "137322510", "timestamp": 1616248546150, "tick_direction": 2, "price": 0.7955, "mark_price": 0.79725596, "iv": 0.0, "instrument_name": "BTC-26MAR21-12000-C", "index_price": 58794.43, "direction": "sell", "amount": 0.1}, {"trade_seq": 1310, "trade_id": "137320188", "timestamp": 1616248386031, "tick_direction": 3, "price": 0.8, "mark_price": 0.79882301, "iv": 500.0, "instrument_name": "BTC-26MAR21-12000-C", "index_price": 59281.68, "direction": "buy", "amount": 0.5}, {"trade_seq": 1309, "trade_id": "137320022", "timestamp": 1616248382502, "tick_direction": 3, "price": 0.8, "mark_price": 0.79910404, "iv": 500.0, "instrument_name": "BTC-26MAR21-12000-C", "index_price": 59340.28, "direction": "buy", "amount": 0.9}, {"trade_seq": 1308, "trade_id": "137319977", "timestamp": 1616248380731, "tick_direction": 2, "price": 0.8, "mark_price": 0.7991693, "iv": 500.0, "instrument_name": "BTC-26MAR21-12000-C", "index_price": 59357.24, "direction": "buy", "amount": 0.6}, {"trade_seq": 1307, "trade_id": "137319964", "timestamp": 1616248380365, "tick_direction": 2, "price": 0.8005, "mark_price": 0.7991693, "iv": 500.0, "instrument_name": "BTC-26MAR21-12000-C", "index_price": 59357.24, "direction": "buy", "amount": 0.7}, {"trade_seq": 1306, "trade_id": "137319768", "timestamp": 1616248377304, "tick_direction": 1, "price": 0.802, "mark_price": 0.79919786, "iv": 500.0, "instrument_name": "BTC-26MAR21-12000-C", "index_price": 59376.93, "direction": "buy", "amount": 0.2}, {"trade_seq": 1305, "trade_id": "137319767", "timestamp": 1616248377304, "tick_direction": 1, "price": 0.802, "mark_price": 0.79919786, "iv": 500.0, "instrument_name": "BTC-26MAR21-12000-C", "index_price": 59376.93, "direction": "buy", "amount": 0.4}, {"trade_seq": 1304, "trade_id": "137319715", "timestamp": 1616248373751, "tick_direction": 1, "price": 0.802, "mark_price": 0.79920717, "iv": 500.0, "instrument_name": "BTC-26MAR21-12000-C", "index_price": 59377.14, "direction": "buy", "amount": 0.6}, {"trade_seq": 1303, "trade_id": "137319673", "timestamp": 1616248370305, "tick_direction": 1, "price": 0.802, "mark_price": 0.79922924, "iv": 500.0, "instrument_name": "BTC-26MAR21-12000-C", "index_price": 59379.44, "direction": "buy", "amount": 0.8}, {"trade_seq": 1302, "trade_id": "137319662", "timestamp": 1616248367285, "tick_direction": 1, "price": 0.802, "mark_price": 0.7992282, "iv": 500.0, "instrument_name": "BTC-26MAR21-12000-C", "index_price": 59382.8, "direction": "buy", "amount": 0.7}, {"trade_seq": 1301, "trade_id": "137319649", "timestamp": 1616248363613, "tick_direction": 1, "price": 0.802, "mark_price": 0.79922901, "iv": 500.0, "instrument_name": "BTC-26MAR21-12000-C", "index_price": 59383.13, "direction": "buy", "amount": 0.7}, {"trade_seq": 1300, "trade_id": "137319646", "timestamp": 1616248360354, "tick_direction": 1, "price": 0.802, "mark_price": 0.79921984, "iv": 500.0, "instrument_name": "BTC-26MAR21-12000-C", "index_price": 59381.16, "direction": "buy", "amount": 0.6}, {"trade_seq": 1299, "trade_id": "137319639", "timestamp": 1616248357287, "tick_direction": 1, "price": 0.802, "mark_price": 0.79920744, "iv": 500.0, "instrument_name": "BTC-26MAR21-12000-C", "index_price": 59378.82, "direction": "buy", "amount": 0.5}, {"trade_seq": 1298, "trade_id": "137313601", "timestamp": 1616247061749, "tick_direction": 0, "price": 0.802, "mark_price": 0.80063163, "iv": 500.0, "instrument_name": "BTC-26MAR21-12000-C", "index_price": 59818.11, "direction": "buy", "amount": 0.7}, {"trade_seq": 1297, "trade_id": "137301787", "timestamp": 1616245598711, "tick_direction": 1, "price": 0.8015, "mark_price": 0.79951375, "iv": 500.0, "instrument_name": "BTC-26MAR21-12000-C", "index_price": 59504.08, "direction": "buy", "amount": 0.9}, {"trade_seq": 1296, "trade_id": "137301732", "timestamp": 1616245595669, "tick_direction": 0, "price": 0.8015, "mark_price": 0.79951054, "iv": 500.0, "instrument_name": "BTC-26MAR21-12000-C", "index_price": 59502.34, "direction": "buy", "amount": 0.8}, {"trade_seq": 1295, "trade_id": "136716050", "timestamp": 1616004089614, "tick_direction": 1, "price": 0.7875, "mark_price": 0.78658286, "iv": 426.64, "instrument_name": "BTC-26MAR21-12000-C", "index_price": 56030.18, "direction": "buy", "amount": 0.6}, {"trade_seq": 1294, "trade_id": "136715910", "timestamp": 1616004086002, "tick_direction": 0, "price": 0.7875, "mark_price": 0.78654812, "iv": 429.34, "instrument_name": "BTC-26MAR21-12000-C", "index_price": 56006.74, "direction": "sell", "amount": 0.7}, {"trade_seq": 1293, "trade_id": "132858027", "timestamp": 1614640151564, "tick_direction": 0, "price": 0.759, "mark_price": 0.76041509, "iv": 0.0, "instrument_name": "BTC-26MAR21-12000-C", "index_price": 49358.55, "direction": "buy", "amount": 0.1}, {"trade_seq": 1292, "trade_id": "132510005", "timestamp": 1614528574402, "tick_direction": 3, "price": 0.728, "mark_price": 0.72842178, "iv": 0.0, "instrument_name": "BTC-26MAR21-12000-C", "index_price": 43680.74, "direction": "buy", "amount": 1.0}, {"trade_seq": 1291, "trade_id": "132509911", "timestamp": 1614528543590, "tick_direction": 2, "price": 0.728, "mark_price": 0.72856318, "iv": 0.0, "instrument_name": "BTC-26MAR21-12000-C", "index_price": 43683.87, "direction": "buy", "amount": 1.0}, {"trade_seq": 1290, "trade_id": "132487782", "timestamp": 1614525140451, "tick_direction": 0, "price": 0.733, "mark_price": 0.73318133, "iv": 162.19, "instrument_name": "BTC-26MAR21-12000-C", "index_price": 44379.27, "direction": "buy", "amount": 1.0}, {"trade_seq": 1289, "trade_id": "132487112", "timestamp": 1614524969550, "tick_direction": 2, "price": 0.732, "mark_price": 0.7325394, "iv": 0.0, "instrument_name": "BTC-26MAR21-12000-C", "index_price": 44285.02, "direction": "buy", "amount": 1.0}, {"trade_seq": 1288, "trade_id": "132486661", "timestamp": 1614524786941, "tick_direction": 2, "price": 0.7325, "mark_price": 0.73301293, "iv": 0.0, "instrument_name": "BTC-26MAR21-12000-C", "index_price": 44369.06, "direction": "buy", "amount": 1.0}, {"trade_seq": 1287, "trade_id": "132486211", "timestamp": 1614524586501, "tick_direction": 2, "price": 0.733, "mark_price": 0.73363235, "iv": 0.0, "instrument_name": "BTC-26MAR21-12000-C", "index_price": 44454.93, "direction": "buy", "amount": 1.0}, {"trade_seq": 1286, "trade_id": "129592647", "timestamp": 1613933521983, "tick_direction": 0, "price": 0.801, "mark_price": 0.80099673, "iv": 181.66, "instrument_name": "BTC-26MAR21-12000-C", "index_price": 58067.26, "direction": "buy", "amount": 8.1}, {"trade_seq": 1285, "trade_id": "129535485", "timestamp": 1613911426907, "tick_direction": 2, "price": 0.791, "mark_price": 0.79704091, "iv": 0.0, "instrument_name": "BTC-26MAR21-12000-C", "index_price": 57060.62, "direction": "sell", "amount": 0.5}, {"trade_seq": 1284, "trade_id": "129273565", "timestamp": 1613817298454, "tick_direction": 2, "price": 0.7925, "mark_price": 0.79311368, "iv": 0.0, "instrument_name": "BTC-26MAR21-12000-C", "index_price": 55855.07, "direction": "buy", "amount": 0.1}, {"trade_seq": 1283, "trade_id": "129090472", "timestamp": 1613756179994, "tick_direction": 0, "price": 0.795, "mark_price": 0.78899632, "iv": 291.27, "instrument_name": "BTC-26MAR21-12000-C", "index_price": 54479.76, "direction": "sell", "amount": 1.0}, {"trade_seq": 1282, "trade_id": "128574622", "timestamp": 1613571336286, "tick_direction": 0, "price": 0.771, "mark_price": 0.77657966, "iv": 0.0, "instrument_name": "BTC-26MAR21-12000-C", "index_price": 51099.27, "direction": "sell", "amount": 0.1}, {"trade_seq": 1281, "trade_id": "128366021", "timestamp": 1613520083918, "tick_direction": 2, "price": 0.765, "mark_price": 0.76563351, "iv": 164.54, "instrument_name": "BTC-26MAR21-12000-C", "index_price": 49311.05, "direction": "buy", "amount": 3.0}, {"trade_seq": 1280, "trade_id": "127652469", "timestamp": 1613315166965, "tick_direction": 0, "price": 0.773, "mark_price": 0.76643289, "iv": 263.76, "instrument_name": "BTC-26MAR21-12000-C", "index_price": 48943.53, "direction": "buy", "amount": 0.1}, {"trade_seq": 1279, "trade_id": "127134544", "timestamp": 1613119582453, "tick_direction": 3, "price": 0.7575, "mark_price": 0.75754072, "iv": 176.72, "instrument_name": "BTC-26MAR21-12000-C", "index_price": 47378.33, "direction": "sell", "amount": 0.5}, {"trade_seq": 1278, "trade_id": "126922256", "timestamp": 1613063310615, "tick_direction": 2, "price": 0.7575, "mark_price": 0.75746017, "iv": 181.15, "instrument_name": "BTC-26MAR21-12000-C", "index_price": 47320.53, "direction": "sell", "amount": 1.1}, {"trade_seq": 1277, "trade_id": "126920891", "timestamp": 1613062801714, "tick_direction": 2, "price": 0.7595, "mark_price": 0.75891981, "iv": 188.51, "instrument_name": "BTC-26MAR21-12000-C", "index_price": 47617.7, "direction": "sell", "amount": 1.1}, {"trade_seq": 1276, "trade_id": "126920687", "timestamp": 1613062734297, "tick_direction": 1, "price": 0.76, "mark_price": 0.75888825, "iv": 197.0, "instrument_name": "BTC-26MAR21-12000-C", "index_price": 47632.38, "direction": "sell", "amount": 0.1}, {"trade_seq": 1275, "trade_id": "126920686", "timestamp": 1613062734294, "tick_direction": 0, "price": 0.76, "mark_price": 0.75888825, "iv": 197.0, "instrument_name": "BTC-26MAR21-12000-C", "index_price": 47632.38, "direction": "sell", "amount": 1.0}, {"trade_seq": 1274, "trade_id": "126551992", "timestamp": 1612960795315, "tick_direction": 2, "price": 0.745, "mark_price": 0.7448392, "iv": 177.07, "instrument_name": "BTC-26MAR21-12000-C", "index_price": 45005.83, "direction": "sell", "amount": 0.1}, {"trade_seq": 1273, "trade_id": "126548672", "timestamp": 1612960680457, "tick_direction": 3, "price": 0.748, "mark_price": 0.74785672, "iv": 175.77, "instrument_name": "BTC-26MAR21-12000-C", "index_price": 45433.03, "direction": "sell", "amount": 0.1}, {"trade_seq": 1272, "trade_id": "126548671", "timestamp": 1612960680457, "tick_direction": 2, "price": 0.748, "mark_price": 0.74785672, "iv": 175.77, "instrument_name": "BTC-26MAR21-12000-C", "index_price": 45433.03, "direction": "sell", "amount": 0.1}, {"trade_seq": 1271, "trade_id": "126545654", "timestamp": 1612960436187, "tick_direction": 3, "price": 0.749, "mark_price": 0.74854509, "iv": 181.26, "instrument_name": "BTC-26MAR21-12000-C", "index_price": 45571.53, "direction": "sell", "amount": 0.1}, {"trade_seq": 1270, "trade_id": "126322980", "timestamp": 1612874913003, "tick_direction": 2, "price": 0.749, "mark_price": 0.74840563, "iv": 179.71, "instrument_name": "BTC-26MAR21-12000-C", "index_price": 45386.59, "direction": "sell", "amount": 0.1}, {"trade_seq": 1269, "trade_id": "126310873", "timestamp": 1612871475436, "tick_direction": 2, "price": 0.753, "mark_price": 0.75465931, "iv": 0.0, "instrument_name": "BTC-26MAR21-12000-C", "index_price": 46453.42, "direction": "buy", "amount": 0.1}, {"trade_seq": 1268, "trade_id": "126286066", "timestamp": 1612865019288, "tick_direction": 0, "price": 0.7535, "mark_price": 0.75308595, "iv": 178.54, "instrument_name": "BTC-26MAR21-12000-C", "index_price": 46229.27, "direction": "sell", "amount": 0.1}, {"trade_seq": 1267, "trade_id": "121805918", "timestamp": 1611609736862, "tick_direction": 0, "price": 0.6465, "mark_price": 0.64647724, "iv": 138.44, "instrument_name": "BTC-26MAR21-12000-C", "index_price": 32567.91, "direction": "sell", "amount": 0.1}, {"trade_seq": 1266, "trade_id": "121505500", "timestamp": 1611516818456, "tick_direction": 2, "price": 0.625, "mark_price": 0.62916743, "iv": 109.92, "instrument_name": "BTC-26MAR21-12000-C", "index_price": 31103.83, "direction": "sell", "amount": 0.1}, {"trade_seq": 1265, "trade_id": "121039197", "timestamp": 1611340534882, "tick_direction": 1, "price": 0.648, "mark_price": 0.64868701, "iv": 140.73, "instrument_name": "BTC-26MAR21-12000-C", "index_price": 32721.56, "direction": "buy", "amount": 1.6}, {"trade_seq": 1264, "trade_id": "121039184", "timestamp": 1611340534564, "tick_direction": 1, "price": 0.648, "mark_price": 0.64867116, "iv": 140.81, "instrument_name": "BTC-26MAR21-12000-C", "index_price": 32711.93, "direction": "buy", "amount": 0.1}, {"trade_seq": 1263, "trade_id": "121039180", "timestamp": 1611340534384, "tick_direction": 1, "price": 0.648, "mark_price": 0.64867116, "iv": 140.81, "instrument_name": "BTC-26MAR21-12000-C", "index_price": 32711.93, "direction": "buy", "amount": 0.1}, {"trade_seq": 1262, "trade_id": "121039175", "timestamp": 1611340534174, "tick_direction": 1, "price": 0.648, "mark_price": 0.64867116, "iv": 140.81, "instrument_name": "BTC-26MAR21-12000-C", "index_price": 32711.93, "direction": "buy", "amount": 0.2}, {"trade_seq": 1261, "trade_id": "121039173", "timestamp": 1611340534036, "tick_direction": 1, "price": 0.648, "mark_price": 0.64867116, "iv": 140.81, "instrument_name": "BTC-26MAR21-12000-C", "index_price": 32711.93, "direction": "buy", "amount": 0.2}, {"trade_seq": 1260, "trade_id": "121039170", "timestamp": 1611340533824, "tick_direction": 1, "price": 0.648, "mark_price": 0.64867116, "iv": 140.81, "instrument_name": "BTC-26MAR21-12000-C", "index_price": 32711.93, "direction": "buy", "amount": 0.1}, {"trade_seq": 1259, "trade_id": "121039096", "timestamp": 1611340532910, "tick_direction": 1, "price": 0.648, "mark_price": 0.6483488, "iv": 142.41, "instrument_name": "BTC-26MAR21-12000-C", "index_price": 32687.52, "direction": "buy", "amount": 0.2}, {"trade_seq": 1258, "trade_id": "121039094", "timestamp": 1611340532694, "tick_direction": 1, "price": 0.648, "mark_price": 0.64828015, "iv": 142.41, "instrument_name": "BTC-26MAR21-12000-C", "index_price": 32687.52, "direction": "buy", "amount": 0.1}, {"trade_seq": 1257, "trade_id": "121039089", "timestamp": 1611340532377, "tick_direction": 1, "price": 0.648, "mark_price": 0.64828015, "iv": 142.41, "instrument_name": "BTC-26MAR21-12000-C", "index_price": 32680.26, "direction": "buy", "amount": 0.2}, {"trade_seq": 1256, "trade_id": "121039065", "timestamp": 1611340531390, "tick_direction": 1, "price": 0.648, "mark_price": 0.64822218, "iv": 143.02, "instrument_name": "BTC-26MAR21-12000-C", "index_price": 32674.27, "direction": "buy", "amount": 0.1}, {"trade_seq": 1255, "trade_id": "121039063", "timestamp": 1611340531230, "tick_direction": 1, "price": 0.648, "mark_price": 0.64822218, "iv": 143.02, "instrument_name": "BTC-26MAR21-12000-C", "index_price": 32674.27, "direction": "buy", "amount": 0.3}, {"trade_seq": 1254, "trade_id": "121039056", "timestamp": 1611340530963, "tick_direction": 1, "price": 0.648, "mark_price": 0.64822218, "iv": 143.02, "instrument_name": "BTC-26MAR21-12000-C", "index_price": 32674.27, "direction": "buy", "amount": 0.2}, {"trade_seq": 1253, "trade_id": "121039055", "timestamp": 1611340530816, "tick_direction": 1, "price": 0.648, "mark_price": 0.64822218, "iv": 143.02, "instrument_name": "BTC-26MAR21-12000-C", "index_price": 32674.27, "direction": "buy", "amount": 0.1}, {"trade_seq": 1252, "trade_id": "121039018", "timestamp": 1611340530583, "tick_direction": 1, "price": 0.648, "mark_price": 0.64812622, "iv": 143.47, "instrument_name": "BTC-26MAR21-12000-C", "index_price": 32669.83, "direction": "buy", "amount": 0.1}, {"trade_seq": 1251, "trade_id": "121039008", "timestamp": 1611340530436, "tick_direction": 1, "price": 0.648, "mark_price": 0.64812622, "iv": 143.47, "instrument_name": "BTC-26MAR21-12000-C", "index_price": 32669.83, "direction": "buy", "amount": 0.1}, {"trade_seq": 1250, "trade_id": "121039006", "timestamp": 1611340530298, "tick_direction": 1, "price": 0.648, "mark_price": 0.64812622, "iv": 143.47, "instrument_name": "BTC-26MAR21-12000-C", "index_price": 32669.83, "direction": "buy", "amount": 0.1}, {"trade_seq": 1249, "trade_id": "121038980", "timestamp": 1611340527897, "tick_direction": 0, "price": 0.648, "mark_price": 0.64802271, "iv": 143.96, "instrument_name": "BTC-26MAR21-12000-C", "index_price": 32650.97, "direction": "buy", "amount": 0.2}, {"trade_seq": 1248, "trade_id": "120677028", "timestamp": 1611275322960, "tick_direction": 3, "price": 0.611, "mark_price": 0.6099478, "iv": 146.53, "instrument_name": "BTC-26MAR21-12000-C", "index_price": 29321.27, "direction": "sell", "amount": 0.1}, {"trade_seq": 1247, "trade_id": "120676884", "timestamp": 1611275318333, "tick_direction": 3, "price": 0.611, "mark_price": 0.609873, "iv": 147.08, "instrument_name": "BTC-26MAR21-12000-C", "index_price": 29307.84, "direction": "sell", "amount": 0.1}, {"trade_seq": 1246, "trade_id": "120676654", "timestamp": 1611275312604, "tick_direction": 2, "price": 0.611, "mark_price": 0.61001721, "iv": 146.24, "instrument_name": "BTC-26MAR21-12000-C", "index_price": 29332.44, "direction": "sell", "amount": 0.1}, {"trade_seq": 1245, "trade_id": "120676342", "timestamp": 1611275290062, "tick_direction": 1, "price": 0.612, "mark_price": 0.61081463, "iv": 147.1, "instrument_name": "BTC-26MAR21-12000-C", "index_price": 29408.37, "direction": "sell", "amount": 0.1}, {"trade_seq": 1244, "trade_id": "120676286", "timestamp": 1611275282657, "tick_direction": 0, "price": 0.612, "mark_price": 0.6110114, "iv": 146.73, "instrument_name": "BTC-26MAR21-12000-C", "index_price": 29419.64, "direction": "sell", "amount": 0.1}, {"trade_seq": 1243, "trade_id": "120674561", "timestamp": 1611275240058, "tick_direction": 2, "price": 0.6105, "mark_price": 0.60973386, "iv": 145.96, "instrument_name": "BTC-26MAR21-12000-C", "index_price": 29349.68, "direction": "sell", "amount": 0.1}, {"trade_seq": 1242, "trade_id": "120673886", "timestamp": 1611275230207, "tick_direction": 2, "price": 0.6115, "mark_price": 0.61099224, "iv": 145.23, "instrument_name": "BTC-26MAR21-12000-C", "index_price": 29413.53, "direction": "sell", "amount": 0.1}, {"trade_seq": 1241, "trade_id": "120669938", "timestamp": 1611275148301, "tick_direction": 0, "price": 0.6155, "mark_price": 0.61428447, "iv": 147.76, "instrument_name": "BTC-26MAR21-12000-C", "index_price": 29745.4, "direction": "sell", "amount": 0.1}, {"trade_seq": 1240, "trade_id": "120669318", "timestamp": 1611275135490, "tick_direction": 2, "price": 0.615, "mark_price": 0.61506862, "iv": 143.78, "instrument_name": "BTC-26MAR21-12000-C", "index_price": 29794.97, "direction": "sell", "amount": 0.1}, {"trade_seq": 1239, "trade_id": "120434490", "timestamp": 1611241164586, "tick_direction": 1, "price": 0.6335, "mark_price": 0.63238646, "iv": 149.04, "instrument_name": "BTC-26MAR21-12000-C", "index_price": 31089.6, "direction": "sell", "amount": 0.1}, {"trade_seq": 1238, "trade_id": "120434443", "timestamp": 1611241160550, "tick_direction": 1, "price": 0.6335, "mark_price": 0.63249762, "iv": 148.62, "instrument_name": "BTC-26MAR21-12000-C", "index_price": 31099.98, "direction": "sell", "amount": 0.1}, {"trade_seq": 1237, "trade_id": "120434349", "timestamp": 1611241154360, "tick_direction": 0, "price": 0.6335, "mark_price": 0.63233908, "iv": 149.3, "instrument_name": "BTC-26MAR21-12000-C", "index_price": 31082.26, "direction": "sell", "amount": 0.1}, {"trade_seq": 1236, "trade_id": "120433820", "timestamp": 1611241126939, "tick_direction": 2, "price": 0.633, "mark_price": 0.63265286, "iv": 146.24, "instrument_name": "BTC-26MAR21-12000-C", "index_price": 31121.59, "direction": "sell", "amount": 0.1}, {"trade_seq": 1235, "trade_id": "120411309", "timestamp": 1611239615706, "tick_direction": 1, "price": 0.6375, "mark_price": 0.63675786, "iv": 148.02, "instrument_name": "BTC-26MAR21-12000-C", "index_price": 31559.76, "direction": "sell", "amount": 0.1}, {"trade_seq": 1234, "trade_id": "120411225", "timestamp": 1611239605117, "tick_direction": 1, "price": 0.6375, "mark_price": 0.63680901, "iv": 147.89, "instrument_name": "BTC-26MAR21-12000-C", "index_price": 31568.41, "direction": "sell", "amount": 0.1}, {"trade_seq": 1233, "trade_id": "120411189", "timestamp": 1611239602968, "tick_direction": 0, "price": 0.6375, "mark_price": 0.6372664, "iv": 146.65, "instrument_name": "BTC-26MAR21-12000-C", "index_price": 31587.73, "direction": "sell", "amount": 0.1}, {"trade_seq": 1232, "trade_id": "120351765", "timestamp": 1611231003767, "tick_direction": 2, "price": 0.636, "mark_price": 0.63563378, "iv": 146.81, "instrument_name": "BTC-26MAR21-12000-C", "index_price": 31506.22, "direction": "sell", "amount": 0.1}, {"trade_seq": 1231, "trade_id": "120346593", "timestamp": 1611230743980, "tick_direction": 3, "price": 0.641, "mark_price": 0.63908269, "iv": 151.6, "instrument_name": "BTC-26MAR21-12000-C", "index_price": 31835.23, "direction": "sell", "amount": 0.1}, {"trade_seq": 1230, "trade_id": "120346451", "timestamp": 1611230737365, "tick_direction": 2, "price": 0.641, "mark_price": 0.63857054, "iv": 154.72, "instrument_name": "BTC-26MAR21-12000-C", "index_price": 31769.14, "direction": "sell", "amount": 0.1}, {"trade_seq": 1229, "trade_id": "120346302", "timestamp": 1611230729223, "tick_direction": 3, "price": 0.642, "mark_price": 0.63851242, "iv": 157.82, "instrument_name": "BTC-26MAR21-12000-C", "index_price": 31761.7, "direction": "sell", "amount": 0.1}, {"trade_seq": 1228, "trade_id": "120345508", "timestamp": 1611230707977, "tick_direction": 3, "price": 0.642, "mark_price": 0.64001173, "iv": 153.41, "instrument_name": "BTC-26MAR21-12000-C", "index_price": 31874.38, "direction": "sell", "amount": 0.1}, {"trade_seq": 1227, "trade_id": "120345228", "timestamp": 1611230699562, "tick_direction": 3, "price": 0.642, "mark_price": 0.64049445, "iv": 152.58, "instrument_name": "BTC-26MAR21-12000-C", "index_price": 31900.2, "direction": "sell", "amount": 0.1}, {"trade_seq": 1226, "trade_id": "120344782", "timestamp": 1611230689033, "tick_direction": 2, "price": 0.642, "mark_price": 0.64141321, "iv": 148.34, "instrument_name": "BTC-26MAR21-12000-C", "index_price": 31987.49, "direction": "sell", "amount": 0.1}, {"trade_seq": 1225, "trade_id": "118501128", "timestamp": 1610726668548, "tick_direction": 2, "price": 0.681, "mark_price": 0.6808673, "iv": 160.37, "instrument_name": "BTC-26MAR21-12000-C", "index_price": 34821.21, "direction": "sell", "amount": 0.1}, {"trade_seq": 1224, "trade_id": "118500895", "timestamp": 1610726666261, "tick_direction": 2, "price": 0.6815, "mark_price": 0.68095985, "iv": 161.42, "instrument_name": "BTC-26MAR21-12000-C", "index_price": 34836.57, "direction": "sell", "amount": 0.1}, {"trade_seq": 1223, "trade_id": "118489139", "timestamp": 1610726124552, "tick_direction": 2, "price": 0.688, "mark_price": 0.68617016, "iv": 166.38, "instrument_name": "BTC-26MAR21-12000-C", "index_price": 35409.94, "direction": "sell", "amount": 0.1}, {"trade_seq": 1222, "trade_id": "118488898", "timestamp": 1610726117471, "tick_direction": 1, "price": 0.6885, "mark_price": 0.6862568, "iv": 167.88, "instrument_name": "BTC-26MAR21-12000-C", "index_price": 35428.94, "direction": "sell", "amount": 0.1}, {"trade_seq": 1221, "trade_id": "118488887", "timestamp": 1610726116603, "tick_direction": 1, "price": 0.6885, "mark_price": 0.68626658, "iv": 167.85, "instrument_name": "BTC-26MAR21-12000-C", "index_price": 35430.05, "direction": "sell", "amount": 0.1}, {"trade_seq": 1220, "trade_id": "118488817", "timestamp": 1610726108875, "tick_direction": 0, "price": 0.6885, "mark_price": 0.68639996, "iv": 167.38, "instrument_name": "BTC-26MAR21-12000-C", "index_price": 35441.35, "direction": "sell", "amount": 0.1}, {"trade_seq": 1219, "trade_id": "118488767", "timestamp": 1610726105482, "tick_direction": 2, "price": 0.6875, "mark_price": 0.68671876, "iv": 162.48, "instrument_name": "BTC-26MAR21-12000-C", "index_price": 35484.63, "direction": "sell", "amount": 0.1}, {"trade_seq": 1218, "trade_id": "118488674", "timestamp": 1610726103763, "tick_direction": 0, "price": 0.6885, "mark_price": 0.68674509, "iv": 166.15, "instrument_name": "BTC-26MAR21-12000-C", "index_price": 35487.4, "direction": "sell", "amount": 0.1}, {"trade_seq": 1217, "trade_id": "118488325", "timestamp": 1610726072297, "tick_direction": 3, "price": 0.688, "mark_price": 0.68709159, "iv": 163.05, "instrument_name": "BTC-26MAR21-12000-C", "index_price": 35520.4, "direction": "sell", "amount": 0.1}, {"trade_seq": 1216, "trade_id": "118487940", "timestamp": 1610726055008, "tick_direction": 3, "price": 0.688, "mark_price": 0.68704411, "iv": 163.22, "instrument_name": "BTC-26MAR21-12000-C", "index_price": 35528.42, "direction": "sell", "amount": 0.1}, {"trade_seq": 1215, "trade_id": "118487914", "timestamp": 1610726051681, "tick_direction": 3, "price": 0.688, "mark_price": 0.6874831, "iv": 161.56, "instrument_name": "BTC-26MAR21-12000-C", "index_price": 35570.57, "direction": "sell", "amount": 0.1}, {"trade_seq": 1214, "trade_id": "118487746", "timestamp": 1610726042283, "tick_direction": 2, "price": 0.688, "mark_price": 0.68802422, "iv": 159.9, "instrument_name": "BTC-26MAR21-12000-C", "index_price": 35631.99, "direction": "sell", "amount": 0.1}, {"trade_seq": 1213, "trade_id": "118232288", "timestamp": 1610659323840, "tick_direction": 1, "price": 0.71, "mark_price": 0.70927611, "iv": 164.05, "instrument_name": "BTC-26MAR21-12000-C", "index_price": 38610.12, "direction": "buy", "amount": 0.1}, {"trade_seq": 1212, "trade_id": "118232069", "timestamp": 1610659319085, "tick_direction": 1, "price": 0.71, "mark_price": 0.70921349, "iv": 164.74, "instrument_name": "BTC-26MAR21-12000-C", "index_price": 38565.88, "direction": "sell", "amount": 0.1}, {"trade_seq": 1211, "trade_id": "118232068", "timestamp": 1610659319085, "tick_direction": 0, "price": 0.71, "mark_price": 0.70921349, "iv": 164.74, "instrument_name": "BTC-26MAR21-12000-C", "index_price": 38565.88, "direction": "sell", "amount": 0.1}, {"trade_seq": 1210, "trade_id": "118020234", "timestamp": 1610605717316, "tick_direction": 0, "price": 0.705, "mark_price": 0.70507544, "iv": 158.33, "instrument_name": "BTC-26MAR21-12000-C", "index_price": 38029.03, "direction": "buy", "amount": 0.1}, {"trade_seq": 1209, "trade_id": "117927478", "timestamp": 1610576716963, "tick_direction": 2, "price": 0.698, "mark_price": 0.69989928, "iv": 147.17, "instrument_name": "BTC-26MAR21-12000-C", "index_price": 37594.86, "direction": "buy", "amount": 1.0}, {"trade_seq": 1208, "trade_id": "115668206", "timestamp": 1610233999737, "tick_direction": 2, "price": 0.72, "mark_price": 0.71927155, "iv": 163.23, "instrument_name": "BTC-26MAR21-12000-C", "index_price": 40241.3, "direction": "sell", "amount": 0.1}, {"trade_seq": 1207, "trade_id": "115668124", "timestamp": 1610233993043, "tick_direction": 3, "price": 0.7205, "mark_price": 0.71931748, "iv": 165.11, "instrument_name": "BTC-26MAR21-12000-C", "index_price": 40264.24, "direction": "sell", "amount": 0.1}, {"trade_seq": 1206, "trade_id": "115667879", "timestamp": 1610233968350, "tick_direction": 3, "price": 0.7205, "mark_price": 0.71929141, "iv": 165.29, "instrument_name": "BTC-26MAR21-12000-C", "index_price": 40261.53, "direction": "sell", "amount": 0.1}, {"trade_seq": 1205, "trade_id": "115667799", "timestamp": 1610233958433, "tick_direction": 2, "price": 0.7205, "mark_price": 0.71945938, "iv": 164.59, "instrument_name": "BTC-26MAR21-12000-C", "index_price": 40278.89, "direction": "sell", "amount": 0.1}, {"trade_seq": 1204, "trade_id": "115667616", "timestamp": 1610233937121, "tick_direction": 1, "price": 0.721, "mark_price": 0.72005004, "iv": 164.05, "instrument_name": "BTC-26MAR21-12000-C", "index_price": 40364.65, "direction": "sell", "amount": 0.1}, {"trade_seq": 1203, "trade_id": "115667511", "timestamp": 1610233885890, "tick_direction": 1, "price": 0.721, "mark_price": 0.72011259, "iv": 163.83, "instrument_name": "BTC-26MAR21-12000-C", "index_price": 40384.09, "direction": "sell", "amount": 0.1}, {"trade_seq": 1202, "trade_id": "115665621", "timestamp": 1610233037787, "tick_direction": 1, "price": 0.721, "mark_price": 0.72069741, "iv": 162.18, "instrument_name": "BTC-26MAR21-12000-C", "index_price": 40471.2, "direction": "sell", "amount": 0.1}, {"trade_seq": 1201, "trade_id": "115665513", "timestamp": 1610232993384, "tick_direction": 1, "price": 0.721, "mark_price": 0.72063712, "iv": 162.05, "instrument_name": "BTC-26MAR21-12000-C", "index_price": 40471.64, "direction": "sell", "amount": 0.1}, {"trade_seq": 1200, "trade_id": "115665168", "timestamp": 1610232705373, "tick_direction": 0, "price": 0.721, "mark_price": 0.72004245, "iv": 165.24, "instrument_name": "BTC-26MAR21-12000-C", "index_price": 40368.93, "direction": "sell", "amount": 0.1}, {"trade_seq": 1199, "trade_id": "115665029", "timestamp": 1610232643335, "tick_direction": 2, "price": 0.7205, "mark_price": 0.71982593, "iv": 163.87, "instrument_name": "BTC-26MAR21-12000-C", "index_price": 40320.64, "direction": "sell", "amount": 0.1}, {"trade_seq": 1198, "trade_id": "115665012", "timestamp": 1610232633881, "tick_direction": 1, "price": 0.721, "mark_price": 0.71987014, "iv": 165.92, "instrument_name": "BTC-26MAR21-12000-C", "index_price": 40325.25, "direction": "sell", "amount": 0.1}, {"trade_seq": 1197, "trade_id": "115664998", "timestamp": 1610232630000, "tick_direction": 1, "price": 0.721, "mark_price": 0.71987718, "iv": 165.9, "instrument_name": "BTC-26MAR21-12000-C", "index_price": 40327.93, "direction": "sell", "amount": 0.1}, {"trade_seq": 1196, "trade_id": "115664923", "timestamp": 1610232607971, "tick_direction": 1, "price": 0.721, "mark_price": 0.72042494, "iv": 163.46, "instrument_name": "BTC-26MAR21-12000-C", "index_price": 40407.4, "direction": "sell", "amount": 0.1}, {"trade_seq": 1195, "trade_id": "115664549", "timestamp": 1610232430731, "tick_direction": 1, "price": 0.721, "mark_price": 0.72049077, "iv": 163.92, "instrument_name": "BTC-26MAR21-12000-C", "index_price": 40411.96, "direction": "sell", "amount": 0.1}, {"trade_seq": 1194, "trade_id": "115664538", "timestamp": 1610232421625, "tick_direction": 1, "price": 0.721, "mark_price": 0.72031634, "iv": 164.75, "instrument_name": "BTC-26MAR21-12000-C", "index_price": 40383.88, "direction": "sell", "amount": 0.1}, {"trade_seq": 1193, "trade_id": "115664476", "timestamp": 1610232399837, "tick_direction": 1, "price": 0.721, "mark_price": 0.71996454, "iv": 166.39, "instrument_name": "BTC-26MAR21-12000-C", "index_price": 40325.68, "direction": "sell", "amount": 0.1}, {"trade_seq": 1192, "trade_id": "115664469", "timestamp": 1610232386178, "tick_direction": 1, "price": 0.721, "mark_price": 0.71995089, "iv": 166.51, "instrument_name": "BTC-26MAR21-12000-C", "index_price": 40320.61, "direction": "sell", "amount": 0.1}, {"trade_seq": 1191, "trade_id": "115664468", "timestamp": 1610232381571, "tick_direction": 1, "price": 0.721, "mark_price": 0.71993624, "iv": 166.6, "instrument_name": "BTC-26MAR21-12000-C", "index_price": 40317.94, "direction": "sell", "amount": 0.1}, {"trade_seq": 1190, "trade_id": "115664431", "timestamp": 1610232361803, "tick_direction": 1, "price": 0.721, "mark_price": 0.71994634, "iv": 166.64, "instrument_name": "BTC-26MAR21-12000-C", "index_price": 40317.83, "direction": "sell", "amount": 0.1}, {"trade_seq": 1189, "trade_id": "115664411", "timestamp": 1610232339245, "tick_direction": 1, "price": 0.721, "mark_price": 0.72001533, "iv": 166.45, "instrument_name": "BTC-26MAR21-12000-C", "index_price": 40322.69, "direction": "sell", "amount": 0.1}, {"trade_seq": 1188, "trade_id": "115664393", "timestamp": 1610232335754, "tick_direction": 1, "price": 0.721, "mark_price": 0.72013644, "iv": 165.81, "instrument_name": "BTC-26MAR21-12000-C", "index_price": 40341.61, "direction": "sell", "amount": 0.1}, {"trade_seq": 1187, "trade_id": "115663972", "timestamp": 1610232092967, "tick_direction": 1, "price": 0.721, "mark_price": 0.72011564, "iv": 166.02, "instrument_name": "BTC-26MAR21-12000-C", "index_price": 40356.65, "direction": "sell", "amount": 0.1}, {"trade_seq": 1186, "trade_id": "115663950", "timestamp": 1610232074192, "tick_direction": 1, "price": 0.721, "mark_price": 0.72009489, "iv": 166.0, "instrument_name": "BTC-26MAR21-12000-C", "index_price": 40347.74, "direction": "sell", "amount": 0.1}, {"trade_seq": 1185, "trade_id": "115663929", "timestamp": 1610232065215, "tick_direction": 1, "price": 0.721, "mark_price": 0.71995026, "iv": 166.57, "instrument_name": "BTC-26MAR21-12000-C", "index_price": 40324.45, "direction": "sell", "amount": 0.1}, {"trade_seq": 1184, "trade_id": "115663881", "timestamp": 1610232033419, "tick_direction": 1, "price": 0.721, "mark_price": 0.72015312, "iv": 165.56, "instrument_name": "BTC-26MAR21-12000-C", "index_price": 40349.62, "direction": "sell", "amount": 0.1}, {"trade_seq": 1183, "trade_id": "115663856", "timestamp": 1610232032703, "tick_direction": 1, "price": 0.721, "mark_price": 0.72017081, "iv": 165.56, "instrument_name": "BTC-26MAR21-12000-C", "index_price": 40349.62, "direction": "sell", "amount": 0.1}, {"trade_seq": 1182, "trade_id": "115663728", "timestamp": 1610231950679, "tick_direction": 1, "price": 0.721, "mark_price": 0.72031783, "iv": 164.72, "instrument_name": "BTC-26MAR21-12000-C", "index_price": 40383.64, "direction": "sell", "amount": 0.1}, {"trade_seq": 1181, "trade_id": "115663621", "timestamp": 1610231935038, "tick_direction": 1, "price": 0.721, "mark_price": 0.72043994, "iv": 163.88, "instrument_name": "BTC-26MAR21-12000-C", "index_price": 40412.57, "direction": "sell", "amount": 0.1}, {"trade_seq": 1180, "trade_id": "115663418", "timestamp": 1610231852402, "tick_direction": 1, "price": 0.721, "mark_price": 0.72028583, "iv": 164.63, "instrument_name": "BTC-26MAR21-12000-C", "index_price": 40399.81, "direction": "sell", "amount": 0.1}, {"trade_seq": 1179, "trade_id": "115663382", "timestamp": 1610231820716, "tick_direction": 1, "price": 0.721, "mark_price": 0.72024717, "iv": 164.83, "instrument_name": "BTC-26MAR21-12000-C", "index_price": 40396.5, "direction": "sell", "amount": 0.1}, {"trade_seq": 1178, "trade_id": "115663357", "timestamp": 1610231806690, "tick_direction": 1, "price": 0.721, "mark_price": 0.72018321, "iv": 165.06, "instrument_name": "BTC-26MAR21-12000-C", "index_price": 40386.62, "direction": "sell", "amount": 0.1}, {"trade_seq": 1177, "trade_id": "115663242", "timestamp": 1610231770061, "tick_direction": 0, "price": 0.721, "mark_price": 0.71966903, "iv": 167.08, "instrument_name": "BTC-26MAR21-12000-C", "index_price": 40321.87, "direction": "sell", "amount": 0.1}, {"trade_seq": 1176, "trade_id": "115663107", "timestamp": 1610231728848, "tick_direction": 2, "price": 0.7205, "mark_price": 0.71959224, "iv": 165.07, "instrument_name": "BTC-26MAR21-12000-C", "index_price": 40307.51, "direction": "sell", "amount": 0.1}, {"trade_seq": 1175, "trade_id": "115663096", "timestamp": 1610231713666, "tick_direction": 1, "price": 0.721, "mark_price": 0.71963217, "iv": 167.03, "instrument_name": "BTC-26MAR21-12000-C", "index_price": 40309.93, "direction": "sell", "amount": 0.1}, {"trade_seq": 1174, "trade_id": "115662923", "timestamp": 1610231665183, "tick_direction": 1, "price": 0.721, "mark_price": 0.71994939, "iv": 165.76, "instrument_name": "BTC-26MAR21-12000-C", "index_price": 40346.04, "direction": "sell", "amount": 0.1}, {"trade_seq": 1173, "trade_id": "115662905", "timestamp": 1610231658153, "tick_direction": 1, "price": 0.721, "mark_price": 0.72004896, "iv": 165.31, "instrument_name": "BTC-26MAR21-12000-C", "index_price": 40362.22, "direction": "sell", "amount": 0.1}, {"trade_seq": 1172, "trade_id": "115662904", "timestamp": 1610231658153, "tick_direction": 1, "price": 0.721, "mark_price": 0.72004896, "iv": 165.31, "instrument_name": "BTC-26MAR21-12000-C", "index_price": 40362.22, "direction": "sell", "amount": 0.1}, {"trade_seq": 1171, "trade_id": "115662448", "timestamp": 1610231578175, "tick_direction": 1, "price": 0.721, "mark_price": 0.72028608, "iv": 164.15, "instrument_name": "BTC-26MAR21-12000-C", "index_price": 40406.7, "direction": "sell", "amount": 0.1}, {"trade_seq": 1170, "trade_id": "115662392", "timestamp": 1610231575136, "tick_direction": 0, "price": 0.721, "mark_price": 0.72053322, "iv": 163.03, "instrument_name": "BTC-26MAR21-12000-C", "index_price": 40431.0, "direction": "sell", "amount": 0.1}, {"trade_seq": 1169, "trade_id": "115583562", "timestamp": 1610208668301, "tick_direction": 3, "price": 0.719, "mark_price": 0.7187412, "iv": 151.83, "instrument_name": "BTC-26MAR21-12000-C", "index_price": 40576.35, "direction": "sell", "amount": 0.1}, {"trade_seq": 1168, "trade_id": "115583561", "timestamp": 1610208668301, "tick_direction": 3, "price": 0.719, "mark_price": 0.7187412, "iv": 151.83, "instrument_name": "BTC-26MAR21-12000-C", "index_price": 40576.35, "direction": "sell", "amount": 0.1}, {"trade_seq": 1167, "trade_id": "115583560", "timestamp": 1610208668301, "tick_direction": 3, "price": 0.719, "mark_price": 0.7187412, "iv": 151.83, "instrument_name": "BTC-26MAR21-12000-C", "index_price": 40576.35, "direction": "sell", "amount": 0.1}, {"trade_seq": 1166, "trade_id": "115583559", "timestamp": 1610208668301, "tick_direction": 2, "price": 0.719, "mark_price": 0.7187412, "iv": 151.83, "instrument_name": "BTC-26MAR21-12000-C", "index_price": 40576.35, "direction": "sell", "amount": 0.1}, {"trade_seq": 1165, "trade_id": "115583219", "timestamp": 1610208523820, "tick_direction": 1, "price": 0.7195, "mark_price": 0.71915369, "iv": 152.27, "instrument_name": "BTC-26MAR21-12000-C", "index_price": 40629.59, "direction": "sell", "amount": 0.1}, {"trade_seq": 1164, "trade_id": "115583113", "timestamp": 1610208479828, "tick_direction": 0, "price": 0.7195, "mark_price": 0.71906058, "iv": 152.68, "instrument_name": "BTC-26MAR21-12000-C", "index_price": 40624.8, "direction": "sell", "amount": 0.1}, {"trade_seq": 1163, "trade_id": "115099497", "timestamp": 1610119706348, "tick_direction": 0, "price": 0.7185, "mark_price": 0.71902932, "iv": 138.6, "instrument_name": "BTC-26MAR21-12000-C", "index_price": 40353.31, "direction": "buy", "amount": 0.3}, {"trade_seq": 1162, "trade_id": "115099166", "timestamp": 1610119697760, "tick_direction": 2, "price": 0.718, "mark_price": 0.71833155, "iv": 140.11, "instrument_name": "BTC-26MAR21-12000-C", "index_price": 40249.18, "direction": "buy", "amount": 0.1}, {"trade_seq": 1161, "trade_id": "115093529", "timestamp": 1610119356554, "tick_direction": 3, "price": 0.7245, "mark_price": 0.72524723, "iv": 136.47, "instrument_name": "BTC-26MAR21-12000-C", "index_price": 41274.76, "direction": "buy", "amount": 0.1}, {"trade_seq": 1160, "trade_id": "115093516", "timestamp": 1610119355783, "tick_direction": 3, "price": 0.7245, "mark_price": 0.72523584, "iv": 136.47, "instrument_name": "BTC-26MAR21-12000-C", "index_price": 41274.76, "direction": "buy", "amount": 0.2}, {"trade_seq": 1159, "trade_id": "115093487", "timestamp": 1610119354318, "tick_direction": 3, "price": 0.7245, "mark_price": 0.72514652, "iv": 137.39, "instrument_name": "BTC-26MAR21-12000-C", "index_price": 41248.46, "direction": "buy", "amount": 0.2}, {"trade_seq": 1158, "trade_id": "115093479", "timestamp": 1610119353997, "tick_direction": 2, "price": 0.7245, "mark_price": 0.72514652, "iv": 137.36, "instrument_name": "BTC-26MAR21-12000-C", "index_price": 41248.46, "direction": "buy", "amount": 0.1}, {"trade_seq": 1157, "trade_id": "115061781", "timestamp": 1610116341526, "tick_direction": 1, "price": 0.7255, "mark_price": 0.72626187, "iv": 136.99, "instrument_name": "BTC-26MAR21-12000-C", "index_price": 41318.32, "direction": "buy", "amount": 0.1}, {"trade_seq": 1156, "trade_id": "115061777", "timestamp": 1610116340930, "tick_direction": 0, "price": 0.7255, "mark_price": 0.72626187, "iv": 137.04, "instrument_name": "BTC-26MAR21-12000-C", "index_price": 41316.69, "direction": "buy", "amount": 0.3}, {"trade_seq": 1155, "trade_id": "113691642", "timestamp": 1609861537604, "tick_direction": 0, "price": 0.6355, "mark_price": 0.64281873, "iv": 0.0, "instrument_name": "BTC-26MAR21-12000-C", "index_price": 32037.55, "direction": "buy", "amount": 0.7}, {"trade_seq": 1154, "trade_id": "112588249", "timestamp": 1609621312300, "tick_direction": 0, "price": 0.631, "mark_price": 0.63245927, "iv": 101.05, "instrument_name": "BTC-26MAR21-12000-C", "index_price": 30858.24, "direction": "buy", "amount": 0.1}, {"trade_seq": 1153, "trade_id": "112587757", "timestamp": 1609621297484, "tick_direction": 0, "price": 0.6305, "mark_price": 0.63092687, "iv": 107.6, "instrument_name": "BTC-26MAR21-12000-C", "index_price": 30734.26, "direction": "buy", "amount": 0.1}, {"trade_seq": 1152, "trade_id": "111875065", "timestamp": 1609365262158, "tick_direction": 2, "price": 0.605, "mark_price": 0.60542949, "iv": 100.13, "instrument_name": "BTC-26MAR21-12000-C", "index_price": 28796.76, "direction": "buy", "amount": 0.2}, {"trade_seq": 1151, "trade_id": "111870189", "timestamp": 1609363808375, "tick_direction": 0, "price": 0.6065, "mark_price": 0.60688612, "iv": 99.58, "instrument_name": "BTC-26MAR21-12000-C", "index_price": 28887.62, "direction": "buy", "amount": 0.2}, {"trade_seq": 1150, "trade_id": "111869028", "timestamp": 1609363300888, "tick_direction": 0, "price": 0.606, "mark_price": 0.60627367, "iv": 99.78, "instrument_name": "BTC-26MAR21-12000-C", "index_price": 28840.92, "direction": "buy", "amount": 0.3}, {"trade_seq": 1149, "trade_id": "111864065", "timestamp": 1609362041135, "tick_direction": 3, "price": 0.604, "mark_price": 0.60438998, "iv": 100.16, "instrument_name": "BTC-26MAR21-12000-C", "index_price": 28710.52, "direction": "buy", "amount": 0.1}, {"trade_seq": 1148, "trade_id": "111864063", "timestamp": 1609362041054, "tick_direction": 3, "price": 0.604, "mark_price": 0.60438998, "iv": 100.16, "instrument_name": "BTC-26MAR21-12000-C", "index_price": 28710.52, "direction": "buy", "amount": 0.4}, {"trade_seq": 1147, "trade_id": "111864059", "timestamp": 1609362040867, "tick_direction": 2, "price": 0.604, "mark_price": 0.60427702, "iv": 100.16, "instrument_name": "BTC-26MAR21-12000-C", "index_price": 28710.52, "direction": "buy", "amount": 0.1}, {"trade_seq": 1146, "trade_id": "111862365", "timestamp": 1609361751142, "tick_direction": 3, "price": 0.6055, "mark_price": 0.60634087, "iv": 97.36, "instrument_name": "BTC-26MAR21-12000-C", "index_price": 28854.9, "direction": "buy", "amount": 0.3}, {"trade_seq": 1145, "trade_id": "111862364", "timestamp": 1609361751033, "tick_direction": 3, "price": 0.6055, "mark_price": 0.60634087, "iv": 97.36, "instrument_name": "BTC-26MAR21-12000-C", "index_price": 28854.9, "direction": "buy", "amount": 0.6}, {"trade_seq": 1144, "trade_id": "111862308", "timestamp": 1609361744275, "tick_direction": 3, "price": 0.6055, "mark_price": 0.6058413, "iv": 99.63, "instrument_name": "BTC-26MAR21-12000-C", "index_price": 28840.12, "direction": "buy", "amount": 0.8}, {"trade_seq": 1143, "trade_id": "111862307", "timestamp": 1609361744110, "tick_direction": 3, "price": 0.6055, "mark_price": 0.6058413, "iv": 99.81, "instrument_name": "BTC-26MAR21-12000-C", "index_price": 28826.32, "direction": "buy", "amount": 1.0}, {"trade_seq": 1142, "trade_id": "111862304", "timestamp": 1609361743932, "tick_direction": 2, "price": 0.6055, "mark_price": 0.6058413, "iv": 99.81, "instrument_name": "BTC-26MAR21-12000-C", "index_price": 28826.32, "direction": "buy", "amount": 0.5}, {"trade_seq": 1141, "trade_id": "111861053", "timestamp": 1609361692266, "tick_direction": 3, "price": 0.606, "mark_price": 0.60636907, "iv": 100.51, "instrument_name": "BTC-26MAR21-12000-C", "index_price": 28849.57, "direction": "buy", "amount": 0.1}, {"trade_seq": 1140, "trade_id": "111861044", "timestamp": 1609361691904, "tick_direction": 2, "price": 0.606, "mark_price": 0.60636907, "iv": 100.51, "instrument_name": "BTC-26MAR21-12000-C", "index_price": 28849.57, "direction": "buy", "amount": 0.6}, {"trade_seq": 1139, "trade_id": "111860831", "timestamp": 1609361671239, "tick_direction": 3, "price": 0.607, "mark_price": 0.60721058, "iv": 100.5, "instrument_name": "BTC-26MAR21-12000-C", "index_price": 28916.69, "direction": "buy", "amount": 0.3}, {"trade_seq": 1138, "trade_id": "111860830", "timestamp": 1609361671092, "tick_direction": 2, "price": 0.607, "mark_price": 0.60721058, "iv": 100.5, "instrument_name": "BTC-26MAR21-12000-C", "index_price": 28916.69, "direction": "buy", "amount": 0.5}, {"trade_seq": 1137, "trade_id": "111860729", "timestamp": 1609361635873, "tick_direction": 0, "price": 0.6075, "mark_price": 0.60757162, "iv": 101.26, "instrument_name": "BTC-26MAR21-12000-C", "index_price": 28938.78, "direction": "buy", "amount": 0.2}, {"trade_seq": 1136, "trade_id": "111860045", "timestamp": 1609361531492, "tick_direction": 1, "price": 0.6065, "mark_price": 0.60715853, "iv": 97.78, "instrument_name": "BTC-26MAR21-12000-C", "index_price": 28926.67, "direction": "buy", "amount": 0.1}, {"trade_seq": 1135, "trade_id": "111860044", "timestamp": 1609361531374, "tick_direction": 1, "price": 0.6065, "mark_price": 0.60715853, "iv": 97.78, "instrument_name": "BTC-26MAR21-12000-C", "index_price": 28926.67, "direction": "buy", "amount": 0.1}, {"trade_seq": 1134, "trade_id": "111860043", "timestamp": 1609361531228, "tick_direction": 1, "price": 0.6065, "mark_price": 0.60715853, "iv": 97.78, "instrument_name": "BTC-26MAR21-12000-C", "index_price": 28926.67, "direction": "buy", "amount": 0.4}, {"trade_seq": 1133, "trade_id": "111860042", "timestamp": 1609361530461, "tick_direction": 1, "price": 0.6065, "mark_price": 0.60715743, "iv": 97.78, "instrument_name": "BTC-26MAR21-12000-C", "index_price": 28921.93, "direction": "buy", "amount": 0.4}, {"trade_seq": 1132, "trade_id": "111860041", "timestamp": 1609361530359, "tick_direction": 1, "price": 0.6065, "mark_price": 0.60715743, "iv": 97.78, "instrument_name": "BTC-26MAR21-12000-C", "index_price": 28921.93, "direction": "buy", "amount": 0.5}, {"trade_seq": 1131, "trade_id": "111860040", "timestamp": 1609361530048, "tick_direction": 1, "price": 0.6065, "mark_price": 0.60716118, "iv": 97.78, "instrument_name": "BTC-26MAR21-12000-C", "index_price": 28921.93, "direction": "buy", "amount": 0.3}, {"trade_seq": 1130, "trade_id": "111860016", "timestamp": 1609361529244, "tick_direction": 1, "price": 0.6065, "mark_price": 0.60716118, "iv": 97.76, "instrument_name": "BTC-26MAR21-12000-C", "index_price": 28921.56, "direction": "buy", "amount": 0.1}, {"trade_seq": 1129, "trade_id": "111860015", "timestamp": 1609361529119, "tick_direction": 1, "price": 0.6065, "mark_price": 0.60714641, "iv": 97.76, "instrument_name": "BTC-26MAR21-12000-C", "index_price": 28921.56, "direction": "buy", "amount": 0.1}, {"trade_seq": 1128, "trade_id": "111860013", "timestamp": 1609361527833, "tick_direction": 1, "price": 0.6065, "mark_price": 0.60714531, "iv": 97.84, "instrument_name": "BTC-26MAR21-12000-C", "index_price": 28921.04, "direction": "buy", "amount": 0.1}, {"trade_seq": 1127, "trade_id": "111860012", "timestamp": 1609361527767, "tick_direction": 1, "price": 0.6065, "mark_price": 0.60714531, "iv": 97.84, "instrument_name": "BTC-26MAR21-12000-C", "index_price": 28921.04, "direction": "buy", "amount": 0.4}, {"trade_seq": 1126, "trade_id": "111860011", "timestamp": 1609361527545, "tick_direction": 1, "price": 0.6065, "mark_price": 0.60714531, "iv": 97.84, "instrument_name": "BTC-26MAR21-12000-C", "index_price": 28920.08, "direction": "buy", "amount": 0.4}, {"trade_seq": 1125, "trade_id": "111859937", "timestamp": 1609361499707, "tick_direction": 1, "price": 0.6065, "mark_price": 0.6069886, "iv": 98.39, "instrument_name": "BTC-26MAR21-12000-C", "index_price": 28920.99, "direction": "buy", "amount": 10.0}, {"trade_seq": 1124, "trade_id": "111859704", "timestamp": 1609361463574, "tick_direction": 1, "price": 0.6065, "mark_price": 0.60713052, "iv": 97.87, "instrument_name": "BTC-26MAR21-12000-C", "index_price": 28925.7, "direction": "buy", "amount": 0.1}, {"trade_seq": 1123, "trade_id": "111859702", "timestamp": 1609361463354, "tick_direction": 1, "price": 0.6065, "mark_price": 0.60713052, "iv": 97.87, "instrument_name": "BTC-26MAR21-12000-C", "index_price": 28925.7, "direction": "buy", "amount": 0.5}, {"trade_seq": 1122, "trade_id": "111859682", "timestamp": 1609361456508, "tick_direction": 1, "price": 0.6065, "mark_price": 0.60709746, "iv": 98.02, "instrument_name": "BTC-26MAR21-12000-C", "index_price": 28924.96, "direction": "buy", "amount": 0.3}, {"trade_seq": 1121, "trade_id": "111859681", "timestamp": 1609361456438, "tick_direction": 1, "price": 0.6065, "mark_price": 0.60709746, "iv": 98.02, "instrument_name": "BTC-26MAR21-12000-C", "index_price": 28924.96, "direction": "buy", "amount": 0.4}, {"trade_seq": 1120, "trade_id": "111859672", "timestamp": 1609361452863, "tick_direction": 1, "price": 0.6065, "mark_price": 0.60709729, "iv": 97.98, "instrument_name": "BTC-26MAR21-12000-C", "index_price": 28925.12, "direction": "buy", "amount": 0.2}, {"trade_seq": 1119, "trade_id": "111859666", "timestamp": 1609361452562, "tick_direction": 1, "price": 0.6065, "mark_price": 0.60709729, "iv": 97.98, "instrument_name": "BTC-26MAR21-12000-C", "index_price": 28925.12, "direction": "buy", "amount": 0.2}, {"trade_seq": 1118, "trade_id": "111859665", "timestamp": 1609361452551, "tick_direction": 1, "price": 0.6065, "mark_price": 0.60709729, "iv": 97.98, "instrument_name": "BTC-26MAR21-12000-C", "index_price": 28925.12, "direction": "buy", "amount": 0.2}, {"trade_seq": 1117, "trade_id": "111859654", "timestamp": 1609361451863, "tick_direction": 0, "price": 0.6065, "mark_price": 0.60710104, "iv": 98.05, "instrument_name": "BTC-26MAR21-12000-C", "index_price": 28924.25, "direction": "buy", "amount": 0.4}, {"trade_seq": 1116, "trade_id": "111847238", "timestamp": 1609357135347, "tick_direction": 3, "price": 0.6025, "mark_price": 0.60315417, "iv": 97.32, "instrument_name": "BTC-26MAR21-12000-C", "index_price": 28687.43, "direction": "buy", "amount": 0.1}, {"trade_seq": 1115, "trade_id": "111847237", "timestamp": 1609357135233, "tick_direction": 3, "price": 0.6025, "mark_price": 0.60315417, "iv": 97.36, "instrument_name": "BTC-26MAR21-12000-C", "index_price": 28687.43, "direction": "buy", "amount": 0.2}, {"trade_seq": 1114, "trade_id": "111847235", "timestamp": 1609357134964, "tick_direction": 3, "price": 0.6025, "mark_price": 0.60315417, "iv": 97.36, "instrument_name": "BTC-26MAR21-12000-C", "index_price": 28687.43, "direction": "buy", "amount": 0.1}, {"trade_seq": 1113, "trade_id": "111847234", "timestamp": 1609357134818, "tick_direction": 3, "price": 0.6025, "mark_price": 0.60315417, "iv": 97.36, "instrument_name": "BTC-26MAR21-12000-C", "index_price": 28687.43, "direction": "buy", "amount": 0.2}, {"trade_seq": 1112, "trade_id": "111847219", "timestamp": 1609357129657, "tick_direction": 3, "price": 0.6025, "mark_price": 0.60304758, "iv": 97.96, "instrument_name": "BTC-26MAR21-12000-C", "index_price": 28678.4, "direction": "buy", "amount": 0.1}, {"trade_seq": 1111, "trade_id": "111847218", "timestamp": 1609357129442, "tick_direction": 3, "price": 0.6025, "mark_price": 0.60282202, "iv": 98.54, "instrument_name": "BTC-26MAR21-12000-C", "index_price": 28669.82, "direction": "buy", "amount": 0.1}, {"trade_seq": 1110, "trade_id": "111847217", "timestamp": 1609357129381, "tick_direction": 3, "price": 0.6025, "mark_price": 0.60282202, "iv": 98.54, "instrument_name": "BTC-26MAR21-12000-C", "index_price": 28669.82, "direction": "buy", "amount": 0.2}, {"trade_seq": 1109, "trade_id": "111847216", "timestamp": 1609357129286, "tick_direction": 3, "price": 0.6025, "mark_price": 0.60282202, "iv": 99.16, "instrument_name": "BTC-26MAR21-12000-C", "index_price": 28669.82, "direction": "buy", "amount": 0.4}, {"trade_seq": 1108, "trade_id": "111847214", "timestamp": 1609357129035, "tick_direction": 2, "price": 0.6025, "mark_price": 0.60282202, "iv": 99.16, "instrument_name": "BTC-26MAR21-12000-C", "index_price": 28669.82, "direction": "buy", "amount": 0.4}, {"trade_seq": 1107, "trade_id": "111843245", "timestamp": 1609356662848, "tick_direction": 1, "price": 0.6045, "mark_price": 0.60513359, "iv": 97.41, "instrument_name": "BTC-26MAR21-12000-C", "index_price": 28828.34, "direction": "buy", "amount": 0.1}, {"trade_seq": 1106, "trade_id": "111843244", "timestamp": 1609356662656, "tick_direction": 1, "price": 0.6045, "mark_price": 0.60513359, "iv": 97.41, "instrument_name": "BTC-26MAR21-12000-C", "index_price": 28828.34, "direction": "buy", "amount": 0.1}, {"trade_seq": 1105, "trade_id": "111843243", "timestamp": 1609356662526, "tick_direction": 1, "price": 0.6045, "mark_price": 0.60513359, "iv": 97.41, "instrument_name": "BTC-26MAR21-12000-C", "index_price": 28828.34, "direction": "buy", "amount": 0.2}, {"trade_seq": 1104, "trade_id": "111843241", "timestamp": 1609356662362, "tick_direction": 1, "price": 0.6045, "mark_price": 0.60513359, "iv": 97.41, "instrument_name": "BTC-26MAR21-12000-C", "index_price": 28828.34, "direction": "buy", "amount": 0.3}, {"trade_seq": 1103, "trade_id": "111843237", "timestamp": 1609356662104, "tick_direction": 1, "price": 0.6045, "mark_price": 0.60513359, "iv": 97.45, "instrument_name": "BTC-26MAR21-12000-C", "index_price": 28824.08, "direction": "buy", "amount": 0.1}, {"trade_seq": 1102, "trade_id": "111843236", "timestamp": 1609356661958, "tick_direction": 0, "price": 0.6045, "mark_price": 0.60512047, "iv": 97.45, "instrument_name": "BTC-26MAR21-12000-C", "index_price": 28824.08, "direction": "buy", "amount": 0.2}, {"trade_seq": 1101, "trade_id": "111835659", "timestamp": 1609354956553, "tick_direction": 1, "price": 0.6035, "mark_price": 0.60381705, "iv": 98.47, "instrument_name": "BTC-26MAR21-12000-C", "index_price": 28724.41, "direction": "buy", "amount": 0.7}, {"trade_seq": 1100, "trade_id": "111835617", "timestamp": 1609354956028, "tick_direction": 1, "price": 0.6035, "mark_price": 0.60381705, "iv": 98.47, "instrument_name": "BTC-26MAR21-12000-C", "index_price": 28724.41, "direction": "buy", "amount": 0.2}, {"trade_seq": 1099, "trade_id": "111835591", "timestamp": 1609354955686, "tick_direction": 1, "price": 0.6035, "mark_price": 0.60380229, "iv": 98.75, "instrument_name": "BTC-26MAR21-12000-C", "index_price": 28709.48, "direction": "buy", "amount": 0.3}, {"trade_seq": 1098, "trade_id": "111835584", "timestamp": 1609354955114, "tick_direction": 1, "price": 0.6035, "mark_price": 0.60380229, "iv": 98.75, "instrument_name": "BTC-26MAR21-12000-C", "index_price": 28709.48, "direction": "buy", "amount": 0.4}, {"trade_seq": 1097, "trade_id": "111835536", "timestamp": 1609354952642, "tick_direction": 1, "price": 0.6035, "mark_price": 0.6035744, "iv": 99.26, "instrument_name": "BTC-26MAR21-12000-C", "index_price": 28701.53, "direction": "buy", "amount": 0.2}, {"trade_seq": 1096, "trade_id": "111835531", "timestamp": 1609354952322, "tick_direction": 0, "price": 0.6035, "mark_price": 0.6035744, "iv": 99.26, "instrument_name": "BTC-26MAR21-12000-C", "index_price": 28701.53, "direction": "buy", "amount": 0.2}, {"trade_seq": 1095, "trade_id": "111834355", "timestamp": 1609354896991, "tick_direction": 0, "price": 0.6015, "mark_price": 0.60206154, "iv": 97.47, "instrument_name": "BTC-26MAR21-12000-C", "index_price": 28578.12, "direction": "buy", "amount": 0.3}, {"trade_seq": 1094, "trade_id": "111831640", "timestamp": 1609353905536, "tick_direction": 0, "price": 0.5995, "mark_price": 0.59997733, "iv": 97.71, "instrument_name": "BTC-26MAR21-12000-C", "index_price": 28471.82, "direction": "buy", "amount": 0.1}, {"trade_seq": 1093, "trade_id": "111830317", "timestamp": 1609353202328, "tick_direction": 1, "price": 0.5985, "mark_price": 0.59901509, "iv": 97.65, "instrument_name": "BTC-26MAR21-12000-C", "index_price": 28400.77, "direction": "buy", "amount": 0.5}, {"trade_seq": 1092, "trade_id": "111830316", "timestamp": 1609353202240, "tick_direction": 0, "price": 0.5985, "mark_price": 0.59901509, "iv": 97.68, "instrument_name": "BTC-26MAR21-12000-C", "index_price": 28400.77, "direction": "buy", "amount": 0.4}, {"trade_seq": 1091, "trade_id": "111828426", "timestamp": 1609352433045, "tick_direction": 1, "price": 0.598, "mark_price": 0.59802732, "iv": 100.24, "instrument_name": "BTC-26MAR21-12000-C", "index_price": 28325.35, "direction": "buy", "amount": 0.5}, {"trade_seq": 1090, "trade_id": "111828425", "timestamp": 1609352432858, "tick_direction": 0, "price": 0.598, "mark_price": 0.59802732, "iv": 100.24, "instrument_name": "BTC-26MAR21-12000-C", "index_price": 28325.35, "direction": "buy", "amount": 0.6}, {"trade_seq": 1089, "trade_id": "111825729", "timestamp": 1609351508856, "tick_direction": 1, "price": 0.5975, "mark_price": 0.59789171, "iv": 98.1, "instrument_name": "BTC-26MAR21-12000-C", "index_price": 28303.15, "direction": "buy", "amount": 0.2}, {"trade_seq": 1088, "trade_id": "111825727", "timestamp": 1609351508461, "tick_direction": 1, "price": 0.5975, "mark_price": 0.59780739, "iv": 98.52, "instrument_name": "BTC-26MAR21-12000-C", "index_price": 28296.93, "direction": "buy", "amount": 0.2}, {"trade_seq": 1087, "trade_id": "111825726", "timestamp": 1609351508299, "tick_direction": 1, "price": 0.5975, "mark_price": 0.59780739, "iv": 98.52, "instrument_name": "BTC-26MAR21-12000-C", "index_price": 28296.93, "direction": "buy", "amount": 0.1}, {"trade_seq": 1086, "trade_id": "111824680", "timestamp": 1609350941433, "tick_direction": 1, "price": 0.5975, "mark_price": 0.59786603, "iv": 98.2, "instrument_name": "BTC-26MAR21-12000-C", "index_price": 28303.12, "direction": "buy", "amount": 0.1}, {"trade_seq": 1085, "trade_id": "111824679", "timestamp": 1609350941337, "tick_direction": 1, "price": 0.5975, "mark_price": 0.59786603, "iv": 98.2, "instrument_name": "BTC-26MAR21-12000-C", "index_price": 28303.12, "direction": "buy", "amount": 0.1}, {"trade_seq": 1084, "trade_id": "111824644", "timestamp": 1609350926179, "tick_direction": 1, "price": 0.5975, "mark_price": 0.59767914, "iv": 99.12, "instrument_name": "BTC-26MAR21-12000-C", "index_price": 28292.21, "direction": "buy", "amount": 0.2}, {"trade_seq": 1083, "trade_id": "111824643", "timestamp": 1609350926109, "tick_direction": 1, "price": 0.5975, "mark_price": 0.59767914, "iv": 99.12, "instrument_name": "BTC-26MAR21-12000-C", "index_price": 28292.21, "direction": "buy", "amount": 0.3}, {"trade_seq": 1082, "trade_id": "111824642", "timestamp": 1609350925886, "tick_direction": 1, "price": 0.5975, "mark_price": 0.59767914, "iv": 99.12, "instrument_name": "BTC-26MAR21-12000-C", "index_price": 28292.21, "direction": "buy", "amount": 0.1}, {"trade_seq": 1081, "trade_id": "111824208", "timestamp": 1609350615928, "tick_direction": 0, "price": 0.5975, "mark_price": 0.59768025, "iv": 99.05, "instrument_name": "BTC-26MAR21-12000-C", "index_price": 28284.14, "direction": "buy", "amount": 0.1}, {"trade_seq": 1080, "trade_id": "111815440", "timestamp": 1609345641910, "tick_direction": 3, "price": 0.5945, "mark_price": 0.59505764, "iv": 97.78, "instrument_name": "BTC-26MAR21-12000-C", "index_price": 28066.41, "direction": "buy", "amount": 0.2}, {"trade_seq": 1079, "trade_id": "111815431", "timestamp": 1609345641705, "tick_direction": 3, "price": 0.5945, "mark_price": 0.59505764, "iv": 97.78, "instrument_name": "BTC-26MAR21-12000-C", "index_price": 28066.41, "direction": "buy", "amount": 0.6}, {"trade_seq": 1078, "trade_id": "111815429", "timestamp": 1609345641517, "tick_direction": 3, "price": 0.5945, "mark_price": 0.59505764, "iv": 97.78, "instrument_name": "BTC-26MAR21-12000-C", "index_price": 28066.41, "direction": "buy", "amount": 0.4}, {"trade_seq": 1077, "trade_id": "111815410", "timestamp": 1609345641083, "tick_direction": 3, "price": 0.5945, "mark_price": 0.59497299, "iv": 98.2, "instrument_name": "BTC-26MAR21-12000-C", "index_price": 28060.98, "direction": "buy", "amount": 0.1}, {"trade_seq": 1076, "trade_id": "111815409", "timestamp": 1609345640892, "tick_direction": 3, "price": 0.5945, "mark_price": 0.59497299, "iv": 98.2, "instrument_name": "BTC-26MAR21-12000-C", "index_price": 28060.98, "direction": "buy", "amount": 0.4}, {"trade_seq": 1075, "trade_id": "111815408", "timestamp": 1609345640702, "tick_direction": 3, "price": 0.5945, "mark_price": 0.59497299, "iv": 98.2, "instrument_name": "BTC-26MAR21-12000-C", "index_price": 28060.98, "direction": "buy", "amount": 0.4}, {"trade_seq": 1074, "trade_id": "111815391", "timestamp": 1609345639890, "tick_direction": 3, "price": 0.5945, "mark_price": 0.59495407, "iv": 98.29, "instrument_name": "BTC-26MAR21-12000-C", "index_price": 28055.65, "direction": "buy", "amount": 0.1}, {"trade_seq": 1073, "trade_id": "111815390", "timestamp": 1609345639850, "tick_direction": 3, "price": 0.5945, "mark_price": 0.59495407, "iv": 98.29, "instrument_name": "BTC-26MAR21-12000-C", "index_price": 28055.65, "direction": "buy", "amount": 0.1}, {"trade_seq": 1072, "trade_id": "111815388", "timestamp": 1609345639666, "tick_direction": 3, "price": 0.5945, "mark_price": 0.59495407, "iv": 98.29, "instrument_name": "BTC-26MAR21-12000-C", "index_price": 28055.65, "direction": "buy", "amount": 0.7}, {"trade_seq": 1071, "trade_id": "111815386", "timestamp": 1609345639455, "tick_direction": 3, "price": 0.5945, "mark_price": 0.59495407, "iv": 98.29, "instrument_name": "BTC-26MAR21-12000-C", "index_price": 28055.65, "direction": "buy", "amount": 0.2}, {"trade_seq": 1070, "trade_id": "111815373", "timestamp": 1609345639314, "tick_direction": 2, "price": 0.5945, "mark_price": 0.59495478, "iv": 98.29, "instrument_name": "BTC-26MAR21-12000-C", "index_price": 28055.65, "direction": "buy", "amount": 0.1}, {"trade_seq": 1069, "trade_id": "111810612", "timestamp": 1609344012989, "tick_direction": 2, "price": 0.5965, "mark_price": 0.5970372, "iv": 98.11, "instrument_name": "BTC-26MAR21-12000-C", "index_price": 28165.07, "direction": "buy", "amount": 0.3}, {"trade_seq": 1068, "trade_id": "111805911", "timestamp": 1609341041457, "tick_direction": 0, "price": 0.5975, "mark_price": 0.5979328, "iv": 98.22, "instrument_name": "BTC-26MAR21-12000-C", "index_price": 28239.7, "direction": "buy", "amount": 0.2}, {"trade_seq": 1067, "trade_id": "111805171", "timestamp": 1609340844105, "tick_direction": 2, "price": 0.5955, "mark_price": 0.59571681, "iv": 99.43, "instrument_name": "BTC-26MAR21-12000-C", "index_price": 28091.31, "direction": "buy", "amount": 0.3}, {"trade_seq": 1066, "trade_id": "111804036", "timestamp": 1609340400191, "tick_direction": 1, "price": 0.5965, "mark_price": 0.59702396, "iv": 98.3, "instrument_name": "BTC-26MAR21-12000-C", "index_price": 28178.74, "direction": "buy", "amount": 0.1}, {"trade_seq": 1065, "trade_id": "111804035", "timestamp": 1609340399949, "tick_direction": 1, "price": 0.5965, "mark_price": 0.59702396, "iv": 98.3, "instrument_name": "BTC-26MAR21-12000-C", "index_price": 28178.74, "direction": "buy", "amount": 0.2}, {"trade_seq": 1064, "trade_id": "111804034", "timestamp": 1609340399766, "tick_direction": 1, "price": 0.5965, "mark_price": 0.59702396, "iv": 98.3, "instrument_name": "BTC-26MAR21-12000-C", "index_price": 28177.67, "direction": "buy", "amount": 0.5}, {"trade_seq": 1063, "trade_id": "111803960", "timestamp": 1609340380890, "tick_direction": 1, "price": 0.5965, "mark_price": 0.59683707, "iv": 99.03, "instrument_name": "BTC-26MAR21-12000-C", "index_price": 28168.32, "direction": "buy", "amount": 0.1}, {"trade_seq": 1062, "trade_id": "111803959", "timestamp": 1609340380689, "tick_direction": 1, "price": 0.5965, "mark_price": 0.59683707, "iv": 99.26, "instrument_name": "BTC-26MAR21-12000-C", "index_price": 28165.69, "direction": "buy", "amount": 0.1}, {"trade_seq": 1061, "trade_id": "111803958", "timestamp": 1609340380575, "tick_direction": 1, "price": 0.5965, "mark_price": 0.59678352, "iv": 99.26, "instrument_name": "BTC-26MAR21-12000-C", "index_price": 28165.69, "direction": "buy", "amount": 0.2}, {"trade_seq": 1060, "trade_id": "111803955", "timestamp": 1609340380401, "tick_direction": 1, "price": 0.5965, "mark_price": 0.59678352, "iv": 99.26, "instrument_name": "BTC-26MAR21-12000-C", "index_price": 28165.69, "direction": "buy", "amount": 0.1}, {"trade_seq": 1059, "trade_id": "111803951", "timestamp": 1609340380231, "tick_direction": 1, "price": 0.5965, "mark_price": 0.59678352, "iv": 99.3, "instrument_name": "BTC-26MAR21-12000-C", "index_price": 28165.69, "direction": "buy", "amount": 0.1}, {"trade_seq": 1058, "trade_id": "111803942", "timestamp": 1609340378888, "tick_direction": 1, "price": 0.5965, "mark_price": 0.59673532, "iv": 99.52, "instrument_name": "BTC-26MAR21-12000-C", "index_price": 28164.96, "direction": "buy", "amount": 0.1}, {"trade_seq": 1057, "trade_id": "111802798", "timestamp": 1609339808854, "tick_direction": 1, "price": 0.5965, "mark_price": 0.59704344, "iv": 98.18, "instrument_name": "BTC-26MAR21-12000-C", "index_price": 28155.17, "direction": "buy", "amount": 0.1}, {"trade_seq": 1056, "trade_id": "111802783", "timestamp": 1609339806020, "tick_direction": 1, "price": 0.5965, "mark_price": 0.59689226, "iv": 98.94, "instrument_name": "BTC-26MAR21-12000-C", "index_price": 28146.08, "direction": "buy", "amount": 0.2}, {"trade_seq": 1055, "trade_id": "111802671", "timestamp": 1609339788022, "tick_direction": 1, "price": 0.5965, "mark_price": 0.59687597, "iv": 99.05, "instrument_name": "BTC-26MAR21-12000-C", "index_price": 28141.74, "direction": "buy", "amount": 0.2}, {"trade_seq": 1054, "trade_id": "111802670", "timestamp": 1609339787929, "tick_direction": 0, "price": 0.5965, "mark_price": 0.59687597, "iv": 99.05, "instrument_name": "BTC-26MAR21-12000-C", "index_price": 28141.74, "direction": "buy", "amount": 0.3}, {"trade_seq": 1053, "trade_id": "111801836", "timestamp": 1609339678537, "tick_direction": 1, "price": 0.5955, "mark_price": 0.5960928, "iv": 98.02, "instrument_name": "BTC-26MAR21-12000-C", "index_price": 28089.88, "direction": "buy", "amount": 0.1}, {"trade_seq": 1052, "trade_id": "111801835", "timestamp": 1609339678344, "tick_direction": 1, "price": 0.5955, "mark_price": 0.5960928, "iv": 98.02, "instrument_name": "BTC-26MAR21-12000-C", "index_price": 28089.88, "direction": "buy", "amount": 0.2}, {"trade_seq": 1051, "trade_id": "111801833", "timestamp": 1609339678150, "tick_direction": 1, "price": 0.5955, "mark_price": 0.5960928, "iv": 97.98, "instrument_name": "BTC-26MAR21-12000-C", "index_price": 28089.88, "direction": "buy", "amount": 0.1}, {"trade_seq": 1050, "trade_id": "111801832", "timestamp": 1609339677946, "tick_direction": 1, "price": 0.5955, "mark_price": 0.5960928, "iv": 97.98, "instrument_name": "BTC-26MAR21-12000-C", "index_price": 28089.88, "direction": "buy", "amount": 0.3}, {"trade_seq": 1049, "trade_id": "111801750", "timestamp": 1609339656072, "tick_direction": 1, "price": 0.5955, "mark_price": 0.59581066, "iv": 99.37, "instrument_name": "BTC-26MAR21-12000-C", "index_price": 28073.67, "direction": "buy", "amount": 0.1}, {"trade_seq": 1048, "trade_id": "111801499", "timestamp": 1609339504733, "tick_direction": 1, "price": 0.5955, "mark_price": 0.59583646, "iv": 99.32, "instrument_name": "BTC-26MAR21-12000-C", "index_price": 28072.22, "direction": "buy", "amount": 0.1}, {"trade_seq": 1047, "trade_id": "111801498", "timestamp": 1609339504423, "tick_direction": 1, "price": 0.5955, "mark_price": 0.59583193, "iv": 99.33, "instrument_name": "BTC-26MAR21-12000-C", "index_price": 28072.16, "direction": "buy", "amount": 0.4}, {"trade_seq": 1046, "trade_id": "111801478", "timestamp": 1609339501897, "tick_direction": 1, "price": 0.5955, "mark_price": 0.59581488, "iv": 99.43, "instrument_name": "BTC-26MAR21-12000-C", "index_price": 28070.21, "direction": "buy", "amount": 0.1}, {"trade_seq": 1045, "trade_id": "111801470", "timestamp": 1609339492827, "tick_direction": 0, "price": 0.5955, "mark_price": 0.5957303, "iv": 99.85, "instrument_name": "BTC-26MAR21-12000-C", "index_price": 28062.82, "direction": "buy", "amount": 0.2}, {"trade_seq": 1044, "trade_id": "111790763", "timestamp": 1609334827561, "tick_direction": 1, "price": 0.5945, "mark_price": 0.59489158, "iv": 97.92, "instrument_name": "BTC-26MAR21-12000-C", "index_price": 28010.42, "direction": "buy", "amount": 0.3}, {"trade_seq": 1043, "trade_id": "111790752", "timestamp": 1609334825988, "tick_direction": 0, "price": 0.5945, "mark_price": 0.59487581, "iv": 98.47, "instrument_name": "BTC-26MAR21-12000-C", "index_price": 28003.88, "direction": "buy", "amount": 0.1}, {"trade_seq": 1042, "trade_id": "111787870", "timestamp": 1609333946734, "tick_direction": 0, "price": 0.5935, "mark_price": 0.59403012, "iv": 97.75, "instrument_name": "BTC-26MAR21-12000-C", "index_price": 27933.72, "direction": "buy", "amount": 0.2}, {"trade_seq": 1041, "trade_id": "111785100", "timestamp": 1609332484703, "tick_direction": 3, "price": 0.5925, "mark_price": 0.5930394, "iv": 98.03, "instrument_name": "BTC-26MAR21-12000-C", "index_price": 27865.74, "direction": "buy", "amount": 0.8}, {"trade_seq": 1040, "trade_id": "111785073", "timestamp": 1609332484287, "tick_direction": 3, "price": 0.5925, "mark_price": 0.59265284, "iv": 98.87, "instrument_name": "BTC-26MAR21-12000-C", "index_price": 27865.74, "direction": "buy", "amount": 0.4}, {"trade_seq": 1039, "trade_id": "111785061", "timestamp": 1609332484036, "tick_direction": 2, "price": 0.5925, "mark_price": 0.59265284, "iv": 98.87, "instrument_name": "BTC-26MAR21-12000-C", "index_price": 27865.74, "direction": "buy", "amount": 0.8}, {"trade_seq": 1038, "trade_id": "111771639", "timestamp": 1609325310406, "tick_direction": 3, "price": 0.5935, "mark_price": 0.59384308, "iv": 98.22, "instrument_name": "BTC-26MAR21-12000-C", "index_price": 27952.78, "direction": "buy", "amount": 0.1}, {"trade_seq": 1037, "trade_id": "111771638", "timestamp": 1609325310216, "tick_direction": 2, "price": 0.5935, "mark_price": 0.59384308, "iv": 98.22, "instrument_name": "BTC-26MAR21-12000-C", "index_price": 27952.78, "direction": "buy", "amount": 0.2}, {"trade_seq": 1036, "trade_id": "111769180", "timestamp": 1609324095785, "tick_direction": 1, "price": 0.5945, "mark_price": 0.59491941, "iv": 98.69, "instrument_name": "BTC-26MAR21-12000-C", "index_price": 28005.37, "direction": "buy", "amount": 0.2}, {"trade_seq": 1035, "trade_id": "111769179", "timestamp": 1609324095458, "tick_direction": 1, "price": 0.5945, "mark_price": 0.59491941, "iv": 98.69, "instrument_name": "BTC-26MAR21-12000-C", "index_price": 28005.37, "direction": "buy", "amount": 0.1}, {"trade_seq": 1034, "trade_id": "111769163", "timestamp": 1609324094305, "tick_direction": 0, "price": 0.5945, "mark_price": 0.59482145, "iv": 99.24, "instrument_name": "BTC-26MAR21-12000-C", "index_price": 27998.09, "direction": "buy", "amount": 0.1}, {"trade_seq": 1033, "trade_id": "111740911", "timestamp": 1609316968760, "tick_direction": 2, "price": 0.5925, "mark_price": 0.59286809, "iv": 97.91, "instrument_name": "BTC-26MAR21-12000-C", "index_price": 27877.21, "direction": "buy", "amount": 0.2}, {"trade_seq": 1032, "trade_id": "111717031", "timestamp": 1609311709838, "tick_direction": 1, "price": 0.6015, "mark_price": 0.60198167, "iv": 97.79, "instrument_name": "BTC-26MAR21-12000-C", "index_price": 28544.95, "direction": "buy", "amount": 0.7}, {"trade_seq": 1031, "trade_id": "111717020", "timestamp": 1609311709478, "tick_direction": 1, "price": 0.6015, "mark_price": 0.60198167, "iv": 97.79, "instrument_name": "BTC-26MAR21-12000-C", "index_price": 28537.11, "direction": "buy", "amount": 0.5}, {"trade_seq": 1030, "trade_id": "111717017", "timestamp": 1609311709328, "tick_direction": 1, "price": 0.6015, "mark_price": 0.60198167, "iv": 97.79, "instrument_name": "BTC-26MAR21-12000-C", "index_price": 28537.11, "direction": "buy", "amount": 0.1}, {"trade_seq": 1029, "trade_id": "111716969", "timestamp": 1609311707397, "tick_direction": 0, "price": 0.6015, "mark_price": 0.60194621, "iv": 98.03, "instrument_name": "BTC-26MAR21-12000-C", "index_price": 28533.79, "direction": "buy", "amount": 0.3}, {"trade_seq": 1028, "trade_id": "111716634", "timestamp": 1609311679321, "tick_direction": 0, "price": 0.6005, "mark_price": 0.60084871, "iv": 98.45, "instrument_name": "BTC-26MAR21-12000-C", "index_price": 28459.85, "direction": "buy", "amount": 0.4}, {"trade_seq": 1027, "trade_id": "111716356", "timestamp": 1609311620791, "tick_direction": 3, "price": 0.6, "mark_price": 0.60003781, "iv": 100.13, "instrument_name": "BTC-26MAR21-12000-C", "index_price": 28392.15, "direction": "buy", "amount": 0.2}, {"trade_seq": 1026, "trade_id": "111716355", "timestamp": 1609311620642, "tick_direction": 3, "price": 0.6, "mark_price": 0.60003781, "iv": 100.13, "instrument_name": "BTC-26MAR21-12000-C", "index_price": 28392.15, "direction": "buy", "amount": 0.1}, {"trade_seq": 1025, "trade_id": "111716352", "timestamp": 1609311620503, "tick_direction": 2, "price": 0.6, "mark_price": 0.60003781, "iv": 100.13, "instrument_name": "BTC-26MAR21-12000-C", "index_price": 28392.15, "direction": "buy", "amount": 0.3}, {"trade_seq": 1024, "trade_id": "111712861", "timestamp": 1609310863932, "tick_direction": 1, "price": 0.6015, "mark_price": 0.60174138, "iv": 99.21, "instrument_name": "BTC-26MAR21-12000-C", "index_price": 28507.01, "direction": "buy", "amount": 0.2}, {"trade_seq": 1023, "trade_id": "111712856", "timestamp": 1609310863721, "tick_direction": 1, "price": 0.6015, "mark_price": 0.60174138, "iv": 99.16, "instrument_name": "BTC-26MAR21-12000-C", "index_price": 28507.47, "direction": "buy", "amount": 0.3}, {"trade_seq": 1022, "trade_id": "111712848", "timestamp": 1609310863466, "tick_direction": 0, "price": 0.6015, "mark_price": 0.60174138, "iv": 99.16, "instrument_name": "BTC-26MAR21-12000-C", "index_price": 28507.47, "direction": "buy", "amount": 0.3}, {"trade_seq": 1021, "trade_id": "111710323", "timestamp": 1609310663353, "tick_direction": 1, "price": 0.6005, "mark_price": 0.60073671, "iv": 97.91, "instrument_name": "BTC-26MAR21-12000-C", "index_price": 28462.75, "direction": "buy", "amount": 0.5}, {"trade_seq": 1020, "trade_id": "111710305", "timestamp": 1609310662873, "tick_direction": 1, "price": 0.6005, "mark_price": 0.60073671, "iv": 98.85, "instrument_name": "BTC-26MAR21-12000-C", "index_price": 28458.84, "direction": "buy", "amount": 0.1}, {"trade_seq": 1019, "trade_id": "111710300", "timestamp": 1609310662637, "tick_direction": 1, "price": 0.6005, "mark_price": 0.60072665, "iv": 98.85, "instrument_name": "BTC-26MAR21-12000-C", "index_price": 28458.84, "direction": "buy", "amount": 0.1}, {"trade_seq": 1018, "trade_id": "111710288", "timestamp": 1609310662281, "tick_direction": 0, "price": 0.6005, "mark_price": 0.60072665, "iv": 98.9, "instrument_name": "BTC-26MAR21-12000-C", "index_price": 28444.43, "direction": "buy", "amount": 0.3}, {"trade_seq": 1017, "trade_id": "111703700", "timestamp": 1609309476516, "tick_direction": 1, "price": 0.5955, "mark_price": 0.59578851, "iv": 97.67, "instrument_name": "BTC-26MAR21-12000-C", "index_price": 28142.76, "direction": "buy", "amount": 0.3}, {"trade_seq": 1016, "trade_id": "111703692", "timestamp": 1609309476348, "tick_direction": 1, "price": 0.5955, "mark_price": 0.59578851, "iv": 97.67, "instrument_name": "BTC-26MAR21-12000-C", "index_price": 28142.76, "direction": "buy", "amount": 0.1}, {"trade_seq": 1015, "trade_id": "111703691", "timestamp": 1609309476295, "tick_direction": 1, "price": 0.5955, "mark_price": 0.59578851, "iv": 97.67, "instrument_name": "BTC-26MAR21-12000-C", "index_price": 28142.76, "direction": "buy", "amount": 0.2}, {"trade_seq": 1014, "trade_id": "111703679", "timestamp": 1609309475387, "tick_direction": 1, "price": 0.5955, "mark_price": 0.59565748, "iv": 98.32, "instrument_name": "BTC-26MAR21-12000-C", "index_price": 28141.8, "direction": "buy", "amount": 0.8}, {"trade_seq": 1013, "trade_id": "111703640", "timestamp": 1609309470404, "tick_direction": 1, "price": 0.5955, "mark_price": 0.59548053, "iv": 99.16, "instrument_name": "BTC-26MAR21-12000-C", "index_price": 28126.42, "direction": "buy", "amount": 0.2}, {"trade_seq": 1012, "trade_id": "111703626", "timestamp": 1609309469380, "tick_direction": 1, "price": 0.5955, "mark_price": 0.59547215, "iv": 99.2, "instrument_name": "BTC-26MAR21-12000-C", "index_price": 28122.78, "direction": "buy", "amount": 0.1}, {"trade_seq": 1011, "trade_id": "111703625", "timestamp": 1609309469091, "tick_direction": 0, "price": 0.5955, "mark_price": 0.59534018, "iv": 99.2, "instrument_name": "BTC-26MAR21-12000-C", "index_price": 28122.78, "direction": "buy", "amount": 0.3}, {"trade_seq": 1010, "trade_id": "111702911", "timestamp": 1609308921713, "tick_direction": 1, "price": 0.5945, "mark_price": 0.59463231, "iv": 98.28, "instrument_name": "BTC-26MAR21-12000-C", "index_price": 28053.05, "direction": "buy", "amount": 0.2}, {"trade_seq": 1009, "trade_id": "111702910", "timestamp": 1609308921570, "tick_direction": 1, "price": 0.5945, "mark_price": 0.59463231, "iv": 98.28, "instrument_name": "BTC-26MAR21-12000-C", "index_price": 28053.05, "direction": "buy", "amount": 0.3}, {"trade_seq": 1008, "trade_id": "111702906", "timestamp": 1609308921221, "tick_direction": 0, "price": 0.5945, "mark_price": 0.59455997, "iv": 98.28, "instrument_name": "BTC-26MAR21-12000-C", "index_price": 28053.05, "direction": "buy", "amount": 0.4}, {"trade_seq": 1007, "trade_id": "111693008", "timestamp": 1609302939957, "tick_direction": 1, "price": 0.5925, "mark_price": 0.59255633, "iv": 98.42, "instrument_name": "BTC-26MAR21-12000-C", "index_price": 27915.37, "direction": "buy", "amount": 0.4}, {"trade_seq": 1006, "trade_id": "111692987", "timestamp": 1609302938377, "tick_direction": 1, "price": 0.5925, "mark_price": 0.59254387, "iv": 98.47, "instrument_name": "BTC-26MAR21-12000-C", "index_price": 27910.69, "direction": "buy", "amount": 0.4}, {"trade_seq": 1005, "trade_id": "111692985", "timestamp": 1609302938190, "tick_direction": 1, "price": 0.5925, "mark_price": 0.59237821, "iv": 98.47, "instrument_name": "BTC-26MAR21-12000-C", "index_price": 27910.69, "direction": "buy", "amount": 0.1}, {"trade_seq": 1004, "trade_id": "111692973", "timestamp": 1609302937998, "tick_direction": 0, "price": 0.5925, "mark_price": 0.59237821, "iv": 98.99, "instrument_name": "BTC-26MAR21-12000-C", "index_price": 27903.08, "direction": "buy", "amount": 0.1}, {"trade_seq": 1003, "trade_id": "111576675", "timestamp": 1609261058120, "tick_direction": 2, "price": 0.5675, "mark_price": 0.56648002, "iv": 98.49, "instrument_name": "BTC-26MAR21-12000-C", "index_price": 26386.13, "direction": "buy", "amount": 0.2}, {"trade_seq": 1002, "trade_id": "111188047", "timestamp": 1609090155372, "tick_direction": 3, "price": 0.5735, "mark_price": 0.5801049, "iv": 0.0, "instrument_name": "BTC-26MAR21-12000-C", "index_price": 26854.49, "direction": "sell", "amount": 2.0}, {"trade_seq": 1001, "trade_id": "111188018", "timestamp": 1609090137738, "tick_direction": 2, "price": 0.5735, "mark_price": 0.58035392, "iv": 0.0, "instrument_name": "BTC-26MAR21-12000-C", "index_price": 26871.34, "direction": "sell", "amount": 8.0}, {"trade_seq": 1000, "trade_id": "111077426", "timestamp": 1609069368484, "tick_direction": 2, "price": 0.5855, "mark_price": 0.58491834, "iv": 99.6, "instrument_name": "BTC-26MAR21-12000-C", "index_price": 27244.14, "direction": "buy", "amount": 19.9}, {"trade_seq": 999, "trade_id": "111057075", "timestamp": 1609067627749, "tick_direction": 1, "price": 0.599, "mark_price": 0.59875584, "iv": 100.2, "instrument_name": "BTC-26MAR21-12000-C", "index_price": 28179.33, "direction": "buy", "amount": 0.4}, {"trade_seq": 998, "trade_id": "111057059", "timestamp": 1609067623451, "tick_direction": 1, "price": 0.599, "mark_price": 0.59878139, "iv": 100.14, "instrument_name": "BTC-26MAR21-12000-C", "index_price": 28176.45, "direction": "buy", "amount": 0.5}, {"trade_seq": 997, "trade_id": "111057031", "timestamp": 1609067616945, "tick_direction": 1, "price": 0.599, "mark_price": 0.59861198, "iv": 100.8, "instrument_name": "BTC-26MAR21-12000-C", "index_price": 28162.53, "direction": "buy", "amount": 0.3}, {"trade_seq": 996, "trade_id": "111057030", "timestamp": 1609067616794, "tick_direction": 0, "price": 0.599, "mark_price": 0.59861198, "iv": 100.8, "instrument_name": "BTC-26MAR21-12000-C", "index_price": 28162.53, "direction": "buy", "amount": 0.7}, {"trade_seq": 995, "trade_id": "111054588", "timestamp": 1609067306795, "tick_direction": 0, "price": 0.5985, "mark_price": 0.59855624, "iv": 98.21, "instrument_name": "BTC-26MAR21-12000-C", "index_price": 28164.06, "direction": "buy", "amount": 1.3}, {"trade_seq": 994, "trade_id": "111042636", "timestamp": 1609062536539, "tick_direction": 1, "price": 0.5915, "mark_price": 0.59122913, "iv": 98.59, "instrument_name": "BTC-26MAR21-12000-C", "index_price": 27676.84, "direction": "buy", "amount": 0.2}, {"trade_seq": 993, "trade_id": "111042635", "timestamp": 1609062536370, "tick_direction": 1, "price": 0.5915, "mark_price": 0.59122913, "iv": 98.78, "instrument_name": "BTC-26MAR21-12000-C", "index_price": 27670.56, "direction": "buy", "amount": 0.2}, {"trade_seq": 992, "trade_id": "111042625", "timestamp": 1609062536050, "tick_direction": 1, "price": 0.5915, "mark_price": 0.59122516, "iv": 98.78, "instrument_name": "BTC-26MAR21-12000-C", "index_price": 27670.56, "direction": "buy", "amount": 0.5}, {"trade_seq": 991, "trade_id": "111042624", "timestamp": 1609062535873, "tick_direction": 1, "price": 0.5915, "mark_price": 0.59122516, "iv": 98.78, "instrument_name": "BTC-26MAR21-12000-C", "index_price": 27670.56, "direction": "buy", "amount": 0.2}, {"trade_seq": 990, "trade_id": "111038210", "timestamp": 1609060694251, "tick_direction": 0, "price": 0.5915, "mark_price": 0.59141704, "iv": 97.86, "instrument_name": "BTC-26MAR21-12000-C", "index_price": 27672.21, "direction": "buy", "amount": 0.8}, {"trade_seq": 989, "trade_id": "111011551", "timestamp": 1609054258331, "tick_direction": 1, "price": 0.5905, "mark_price": 0.59112893, "iv": 93.31, "instrument_name": "BTC-26MAR21-12000-C", "index_price": 27624.95, "direction": "buy", "amount": 0.1}, {"trade_seq": 988, "trade_id": "111011541", "timestamp": 1609054255028, "tick_direction": 1, "price": 0.5905, "mark_price": 0.5909971, "iv": 94.18, "instrument_name": "BTC-26MAR21-12000-C", "index_price": 27620.55, "direction": "buy", "amount": 0.1}, {"trade_seq": 987, "trade_id": "111011538", "timestamp": 1609054254565, "tick_direction": 1, "price": 0.5905, "mark_price": 0.5909971, "iv": 94.18, "instrument_name": "BTC-26MAR21-12000-C", "index_price": 27620.55, "direction": "buy", "amount": 0.1}, {"trade_seq": 986, "trade_id": "111011537", "timestamp": 1609054254412, "tick_direction": 0, "price": 0.5905, "mark_price": 0.59102029, "iv": 94.18, "instrument_name": "BTC-26MAR21-12000-C", "index_price": 27620.55, "direction": "buy", "amount": 0.1}, {"trade_seq": 985, "trade_id": "111009739", "timestamp": 1609053385390, "tick_direction": 1, "price": 0.5895, "mark_price": 0.59030169, "iv": 92.55, "instrument_name": "BTC-26MAR21-12000-C", "index_price": 27561.9, "direction": "buy", "amount": 0.1}, {"trade_seq": 984, "trade_id": "111009736", "timestamp": 1609053384982, "tick_direction": 1, "price": 0.5895, "mark_price": 0.59029693, "iv": 92.57, "instrument_name": "BTC-26MAR21-12000-C", "index_price": 27561.78, "direction": "buy", "amount": 0.1}, {"trade_seq": 983, "trade_id": "111009712", "timestamp": 1609053384259, "tick_direction": 1, "price": 0.5895, "mark_price": 0.5901181, "iv": 92.57, "instrument_name": "BTC-26MAR21-12000-C", "index_price": 27561.78, "direction": "buy", "amount": 0.2}, {"trade_seq": 982, "trade_id": "111009709", "timestamp": 1609053383992, "tick_direction": 1, "price": 0.5895, "mark_price": 0.5901181, "iv": 93.5, "instrument_name": "BTC-26MAR21-12000-C", "index_price": 27552.82, "direction": "buy", "amount": 0.2}, {"trade_seq": 981, "trade_id": "111009708", "timestamp": 1609053383770, "tick_direction": 1, "price": 0.5895, "mark_price": 0.5901181, "iv": 93.5, "instrument_name": "BTC-26MAR21-12000-C", "index_price": 27552.82, "direction": "buy", "amount": 0.5}, {"trade_seq": 980, "trade_id": "111009707", "timestamp": 1609053383625, "tick_direction": 0, "price": 0.5895, "mark_price": 0.5901181, "iv": 93.5, "instrument_name": "BTC-26MAR21-12000-C", "index_price": 27552.82, "direction": "buy", "amount": 0.3}, {"trade_seq": 979, "trade_id": "111009345", "timestamp": 1609053276081, "tick_direction": 1, "price": 0.5885, "mark_price": 0.58927272, "iv": 92.73, "instrument_name": "BTC-26MAR21-12000-C", "index_price": 27498.58, "direction": "buy", "amount": 0.5}, {"trade_seq": 978, "trade_id": "111009334", "timestamp": 1609053269841, "tick_direction": 1, "price": 0.5885, "mark_price": 0.58920977, "iv": 93.08, "instrument_name": "BTC-26MAR21-12000-C", "index_price": 27496.0, "direction": "buy", "amount": 0.1}, {"trade_seq": 977, "trade_id": "111009330", "timestamp": 1609053264697, "tick_direction": 1, "price": 0.5885, "mark_price": 0.5891746, "iv": 93.26, "instrument_name": "BTC-26MAR21-12000-C", "index_price": 27496.1, "direction": "buy", "amount": 0.1}, {"trade_seq": 976, "trade_id": "111009207", "timestamp": 1609053184242, "tick_direction": 1, "price": 0.5885, "mark_price": 0.58927698, "iv": 92.79, "instrument_name": "BTC-26MAR21-12000-C", "index_price": 27496.18, "direction": "buy", "amount": 0.1}, {"trade_seq": 975, "trade_id": "111009206", "timestamp": 1609053184007, "tick_direction": 1, "price": 0.5885, "mark_price": 0.58919415, "iv": 92.79, "instrument_name": "BTC-26MAR21-12000-C", "index_price": 27496.18, "direction": "buy", "amount": 0.3}, {"trade_seq": 974, "trade_id": "111009204", "timestamp": 1609053183624, "tick_direction": 1, "price": 0.5885, "mark_price": 0.58919415, "iv": 92.79, "instrument_name": "BTC-26MAR21-12000-C", "index_price": 27496.18, "direction": "buy", "amount": 0.3}, {"trade_seq": 973, "trade_id": "111009198", "timestamp": 1609053182361, "tick_direction": 1, "price": 0.5885, "mark_price": 0.58918871, "iv": 93.24, "instrument_name": "BTC-26MAR21-12000-C", "index_price": 27490.06, "direction": "buy", "amount": 0.2}, {"trade_seq": 972, "trade_id": "111009197", "timestamp": 1609053182249, "tick_direction": 1, "price": 0.5885, "mark_price": 0.58918871, "iv": 93.24, "instrument_name": "BTC-26MAR21-12000-C", "index_price": 27490.06, "direction": "buy", "amount": 0.1}, {"trade_seq": 971, "trade_id": "111009172", "timestamp": 1609053167618, "tick_direction": 1, "price": 0.5885, "mark_price": 0.58924965, "iv": 92.96, "instrument_name": "BTC-26MAR21-12000-C", "index_price": 27491.27, "direction": "buy", "amount": 0.2}, {"trade_seq": 970, "trade_id": "111009171", "timestamp": 1609053167383, "tick_direction": 1, "price": 0.5885, "mark_price": 0.58924965, "iv": 92.94, "instrument_name": "BTC-26MAR21-12000-C", "index_price": 27491.41, "direction": "buy", "amount": 0.5}, {"trade_seq": 969, "trade_id": "111009166", "timestamp": 1609053161456, "tick_direction": 1, "price": 0.5885, "mark_price": 0.58918109, "iv": 93.29, "instrument_name": "BTC-26MAR21-12000-C", "index_price": 27486.95, "direction": "buy", "amount": 0.1}, {"trade_seq": 968, "trade_id": "111009115", "timestamp": 1609053130900, "tick_direction": 1, "price": 0.5885, "mark_price": 0.58915867, "iv": 93.06, "instrument_name": "BTC-26MAR21-12000-C", "index_price": 27488.12, "direction": "buy", "amount": 0.3}, {"trade_seq": 967, "trade_id": "111009110", "timestamp": 1609053130596, "tick_direction": 1, "price": 0.5885, "mark_price": 0.58915867, "iv": 93.06, "instrument_name": "BTC-26MAR21-12000-C", "index_price": 27488.12, "direction": "buy", "amount": 0.1}, {"trade_seq": 966, "trade_id": "111009109", "timestamp": 1609053130156, "tick_direction": 1, "price": 0.5885, "mark_price": 0.58915867, "iv": 93.43, "instrument_name": "BTC-26MAR21-12000-C", "index_price": 27482.85, "direction": "buy", "amount": 0.2}, {"trade_seq": 965, "trade_id": "111009108", "timestamp": 1609053129926, "tick_direction": 1, "price": 0.5885, "mark_price": 0.58908016, "iv": 93.43, "instrument_name": "BTC-26MAR21-12000-C", "index_price": 27482.85, "direction": "buy", "amount": 0.1}, {"trade_seq": 964, "trade_id": "111009107", "timestamp": 1609053129607, "tick_direction": 0, "price": 0.5885, "mark_price": 0.58908016, "iv": 93.43, "instrument_name": "BTC-26MAR21-12000-C", "index_price": 27482.85, "direction": "buy", "amount": 0.6}, {"trade_seq": 963, "trade_id": "111008800", "timestamp": 1609053042312, "tick_direction": 3, "price": 0.588, "mark_price": 0.5881957, "iv": 95.72, "instrument_name": "BTC-26MAR21-12000-C", "index_price": 27434.83, "direction": "buy", "amount": 1.2}, {"trade_seq": 962, "trade_id": "111008796", "timestamp": 1609053042030, "tick_direction": 3, "price": 0.588, "mark_price": 0.5881957, "iv": 95.72, "instrument_name": "BTC-26MAR21-12000-C", "index_price": 27434.83, "direction": "buy", "amount": 0.4}, {"trade_seq": 961, "trade_id": "111008794", "timestamp": 1609053041894, "tick_direction": 3, "price": 0.588, "mark_price": 0.58823925, "iv": 95.72, "instrument_name": "BTC-26MAR21-12000-C", "index_price": 27434.83, "direction": "buy", "amount": 0.8}, {"trade_seq": 960, "trade_id": "111008788", "timestamp": 1609053041641, "tick_direction": 2, "price": 0.588, "mark_price": 0.58823925, "iv": 95.72, "instrument_name": "BTC-26MAR21-12000-C", "index_price": 27434.83, "direction": "buy", "amount": 0.2}, {"trade_seq": 959, "trade_id": "111007447", "timestamp": 1609052696609, "tick_direction": 1, "price": 0.5905, "mark_price": 0.59128085, "iv": 92.87, "instrument_name": "BTC-26MAR21-12000-C", "index_price": 27612.9, "direction": "buy", "amount": 0.1}, {"trade_seq": 958, "trade_id": "111007446", "timestamp": 1609052696392, "tick_direction": 1, "price": 0.5905, "mark_price": 0.59122093, "iv": 92.87, "instrument_name": "BTC-26MAR21-12000-C", "index_price": 27612.9, "direction": "buy", "amount": 0.4}, {"trade_seq": 957, "trade_id": "111007445", "timestamp": 1609052696163, "tick_direction": 1, "price": 0.5905, "mark_price": 0.59122093, "iv": 93.18, "instrument_name": "BTC-26MAR21-12000-C", "index_price": 27608.19, "direction": "buy", "amount": 1.2}, {"trade_seq": 956, "trade_id": "111007437", "timestamp": 1609052695768, "tick_direction": 1, "price": 0.5905, "mark_price": 0.59122093, "iv": 93.18, "instrument_name": "BTC-26MAR21-12000-C", "index_price": 27608.19, "direction": "buy", "amount": 0.7}, {"trade_seq": 955, "trade_id": "111007432", "timestamp": 1609052695595, "tick_direction": 1, "price": 0.5905, "mark_price": 0.59122093, "iv": 93.18, "instrument_name": "BTC-26MAR21-12000-C", "index_price": 27608.19, "direction": "buy", "amount": 0.2}, {"trade_seq": 954, "trade_id": "111007422", "timestamp": 1609052692382, "tick_direction": 1, "price": 0.5905, "mark_price": 0.5911597, "iv": 93.36, "instrument_name": "BTC-26MAR21-12000-C", "index_price": 27605.2, "direction": "buy", "amount": 0.1}, {"trade_seq": 953, "trade_id": "111007421", "timestamp": 1609052692229, "tick_direction": 1, "price": 0.5905, "mark_price": 0.5911597, "iv": 93.51, "instrument_name": "BTC-26MAR21-12000-C", "index_price": 27605.2, "direction": "buy", "amount": 0.2}, {"trade_seq": 952, "trade_id": "111007420", "timestamp": 1609052692098, "tick_direction": 1, "price": 0.5905, "mark_price": 0.5911597, "iv": 93.5, "instrument_name": "BTC-26MAR21-12000-C", "index_price": 27603.04, "direction": "buy", "amount": 0.1}, {"trade_seq": 951, "trade_id": "111007403", "timestamp": 1609052684098, "tick_direction": 1, "price": 0.5905, "mark_price": 0.59117824, "iv": 93.4, "instrument_name": "BTC-26MAR21-12000-C", "index_price": 27602.18, "direction": "buy", "amount": 0.1}, {"trade_seq": 950, "trade_id": "111007402", "timestamp": 1609052683883, "tick_direction": 1, "price": 0.5905, "mark_price": 0.59117824, "iv": 93.4, "instrument_name": "BTC-26MAR21-12000-C", "index_price": 27602.18, "direction": "buy", "amount": 0.3}, {"trade_seq": 949, "trade_id": "111007398", "timestamp": 1609052680892, "tick_direction": 0, "price": 0.5905, "mark_price": 0.59112281, "iv": 93.54, "instrument_name": "BTC-26MAR21-12000-C", "index_price": 27599.33, "direction": "buy", "amount": 0.1}, {"trade_seq": 948, "trade_id": "111007054", "timestamp": 1609052529555, "tick_direction": 3, "price": 0.59, "mark_price": 0.59030893, "iv": 95.27, "instrument_name": "BTC-26MAR21-12000-C", "index_price": 27554.93, "direction": "buy", "amount": 0.8}, {"trade_seq": 947, "trade_id": "111007052", "timestamp": 1609052529326, "tick_direction": 3, "price": 0.59, "mark_price": 0.59026895, "iv": 95.27, "instrument_name": "BTC-26MAR21-12000-C", "index_price": 27554.93, "direction": "buy", "amount": 0.6}, {"trade_seq": 946, "trade_id": "111007047", "timestamp": 1609052528815, "tick_direction": 2, "price": 0.59, "mark_price": 0.59026895, "iv": 95.45, "instrument_name": "BTC-26MAR21-12000-C", "index_price": 27546.53, "direction": "buy", "amount": 0.5}, {"trade_seq": 945, "trade_id": "111005774", "timestamp": 1609052167102, "tick_direction": 0, "price": 0.591, "mark_price": 0.59116851, "iv": 95.83, "instrument_name": "BTC-26MAR21-12000-C", "index_price": 27611.96, "direction": "buy", "amount": 0.3}, {"trade_seq": 944, "trade_id": "111004295", "timestamp": 1609051864812, "tick_direction": 1, "price": 0.5905, "mark_price": 0.59122004, "iv": 92.84, "instrument_name": "BTC-26MAR21-12000-C", "index_price": 27615.41, "direction": "buy", "amount": 1.7}, {"trade_seq": 943, "trade_id": "111004271", "timestamp": 1609051864120, "tick_direction": 1, "price": 0.5905, "mark_price": 0.59119231, "iv": 92.99, "instrument_name": "BTC-26MAR21-12000-C", "index_price": 27604.04, "direction": "buy", "amount": 0.4}, {"trade_seq": 942, "trade_id": "111004238", "timestamp": 1609051863753, "tick_direction": 1, "price": 0.5905, "mark_price": 0.59119231, "iv": 92.99, "instrument_name": "BTC-26MAR21-12000-C", "index_price": 27604.04, "direction": "buy", "amount": 0.5}, {"trade_seq": 941, "trade_id": "111002816", "timestamp": 1609051459616, "tick_direction": 0, "price": 0.5905, "mark_price": 0.59094179, "iv": 94.12, "instrument_name": "BTC-26MAR21-12000-C", "index_price": 27591.95, "direction": "buy", "amount": 0.2}, {"trade_seq": 940, "trade_id": "111002397", "timestamp": 1609051385856, "tick_direction": 1, "price": 0.5895, "mark_price": 0.59016074, "iv": 92.97, "instrument_name": "BTC-26MAR21-12000-C", "index_price": 27542.94, "direction": "buy", "amount": 0.3}, {"trade_seq": 939, "trade_id": "111002372", "timestamp": 1609051385528, "tick_direction": 1, "price": 0.5895, "mark_price": 0.59016074, "iv": 92.97, "instrument_name": "BTC-26MAR21-12000-C", "index_price": 27542.94, "direction": "buy", "amount": 0.5}, {"trade_seq": 938, "trade_id": "111002348", "timestamp": 1609051385290, "tick_direction": 1, "price": 0.5895, "mark_price": 0.59016074, "iv": 92.97, "instrument_name": "BTC-26MAR21-12000-C", "index_price": 27542.94, "direction": "buy", "amount": 0.1}, {"trade_seq": 937, "trade_id": "111002340", "timestamp": 1609051385109, "tick_direction": 1, "price": 0.5895, "mark_price": 0.59016074, "iv": 92.97, "instrument_name": "BTC-26MAR21-12000-C", "index_price": 27542.94, "direction": "buy", "amount": 0.2}, {"trade_seq": 936, "trade_id": "111002327", "timestamp": 1609051383731, "tick_direction": 1, "price": 0.5895, "mark_price": 0.59001149, "iv": 93.73, "instrument_name": "BTC-26MAR21-12000-C", "index_price": 27538.07, "direction": "buy", "amount": 0.1}, {"trade_seq": 935, "trade_id": "111002326", "timestamp": 1609051383450, "tick_direction": 0, "price": 0.5895, "mark_price": 0.59001149, "iv": 93.73, "instrument_name": "BTC-26MAR21-12000-C", "index_price": 27538.07, "direction": "buy", "amount": 0.3}, {"trade_seq": 934, "trade_id": "111001758", "timestamp": 1609051264476, "tick_direction": 1, "price": 0.5885, "mark_price": 0.58921555, "iv": 92.48, "instrument_name": "BTC-26MAR21-12000-C", "index_price": 27486.61, "direction": "buy", "amount": 0.1}, {"trade_seq": 933, "trade_id": "111001757", "timestamp": 1609051264295, "tick_direction": 1, "price": 0.5885, "mark_price": 0.58921555, "iv": 92.48, "instrument_name": "BTC-26MAR21-12000-C", "index_price": 27486.61, "direction": "buy", "amount": 0.2}, {"trade_seq": 932, "trade_id": "111001756", "timestamp": 1609051264134, "tick_direction": 1, "price": 0.5885, "mark_price": 0.58921555, "iv": 92.71, "instrument_name": "BTC-26MAR21-12000-C", "index_price": 27486.61, "direction": "buy", "amount": 0.5}, {"trade_seq": 931, "trade_id": "111001749", "timestamp": 1609051262328, "tick_direction": 1, "price": 0.5885, "mark_price": 0.58915727, "iv": 92.99, "instrument_name": "BTC-26MAR21-12000-C", "index_price": 27478.74, "direction": "buy", "amount": 0.3}, {"trade_seq": 930, "trade_id": "111001687", "timestamp": 1609051228021, "tick_direction": 1, "price": 0.5885, "mark_price": 0.58918823, "iv": 92.82, "instrument_name": "BTC-26MAR21-12000-C", "index_price": 27477.74, "direction": "buy", "amount": 0.3}, {"trade_seq": 929, "trade_id": "111001674", "timestamp": 1609051224811, "tick_direction": 1, "price": 0.5885, "mark_price": 0.58916372, "iv": 92.94, "instrument_name": "BTC-26MAR21-12000-C", "index_price": 27476.05, "direction": "buy", "amount": 0.1}, {"trade_seq": 928, "trade_id": "111001512", "timestamp": 1609051165633, "tick_direction": 1, "price": 0.5885, "mark_price": 0.58900188, "iv": 93.72, "instrument_name": "BTC-26MAR21-12000-C", "index_price": 27473.23, "direction": "buy", "amount": 0.1}, {"trade_seq": 927, "trade_id": "111001511", "timestamp": 1609051165547, "tick_direction": 1, "price": 0.5885, "mark_price": 0.58900188, "iv": 93.72, "instrument_name": "BTC-26MAR21-12000-C", "index_price": 27473.23, "direction": "buy", "amount": 0.3}, {"trade_seq": 926, "trade_id": "111001498", "timestamp": 1609051162707, "tick_direction": 1, "price": 0.5885, "mark_price": 0.58894243, "iv": 93.84, "instrument_name": "BTC-26MAR21-12000-C", "index_price": 27471.76, "direction": "buy", "amount": 1.3}, {"trade_seq": 925, "trade_id": "111001483", "timestamp": 1609051159715, "tick_direction": 1, "price": 0.5885, "mark_price": 0.58885842, "iv": 94.33, "instrument_name": "BTC-26MAR21-12000-C", "index_price": 27464.98, "direction": "buy", "amount": 0.7}, {"trade_seq": 924, "trade_id": "111001482", "timestamp": 1609051159444, "tick_direction": 1, "price": 0.5885, "mark_price": 0.58885842, "iv": 94.33, "instrument_name": "BTC-26MAR21-12000-C", "index_price": 27464.98, "direction": "buy", "amount": 0.5}, {"trade_seq": 923, "trade_id": "111001481", "timestamp": 1609051159274, "tick_direction": 1, "price": 0.5885, "mark_price": 0.58885842, "iv": 94.44, "instrument_name": "BTC-26MAR21-12000-C", "index_price": 27463.46, "direction": "buy", "amount": 0.1}