{"trades": [{"trade_seq": 2720, "trade_id": "238298811", "timestamp": 1672139857424, "tick_direction": 0, "price": 0.0005, "mark_price": 0.0, "iv": 228.11, "instrument_name": "BTC-30DEC22-28000-C", "index_price": 16850.71, "direction": "buy", "amount": 0.1}, {"trade_seq": 2719, "trade_id": "238229638", "timestamp": 1671805446400, "tick_direction": 0, "price": 0.0002, "mark_price": 1.22e-06, "iv": 136.06, "instrument_name": "BTC-30DEC22-28000-C", "index_price": 16804.65, "direction": "sell", "combo_id": "BTC-CS-30DEC22-28000_30000", "block_trade_id": "59573", "amount": 14.2}, {"trade_seq": 2718, "trade_id": "238229403", "timestamp": 1671804949197, "tick_direction": 2, "price": 0.0001, "mark_price": 1.29e-06, "iv": 127.21, "instrument_name": "BTC-30DEC22-28000-C", "index_price": 16824.42, "direction": "buy", "combo_id": "BTC-CS-30DEC22-27000_28000", "block_trade_id": "59571", "amount": 15.0}, {"trade_seq": 2717, "trade_id": "238159814", "timestamp": 1671688143594, "tick_direction": 0, "price": 0.0005, "mark_price": 6.19e-06, "iv": 136.38, "instrument_name": "BTC-30DEC22-28000-C", "index_price": 16833.53, "direction": "buy", "amount": 0.5}, {"trade_seq": 2716, "trade_id": "238113243", "timestamp": 1671569145939, "tick_direction": 2, "price": 0.0002, "mark_price": 2.164e-05, "iv": 113.82, "instrument_name": "BTC-30DEC22-28000-C", "index_price": 16893.17, "direction": "sell", "combo_id": "BTC-CS-30DEC22-28000_30000", "block_trade_id": "59418", "amount": 24.0}, {"trade_seq": 2715, "trade_id": "238016387", "timestamp": 1671444464644, "tick_direction": 3, "price": 0.0005, "mark_price": 4.532e-05, "iv": 118.44, "instrument_name": "BTC-30DEC22-28000-C", "index_price": 16753.31, "direction": "buy", "amount": 1.0}, {"trade_seq": 2714, "trade_id": "237837634", "timestamp": 1671153421733, "tick_direction": 3, "price": 0.0005, "mark_price": 0.0002301, "iv": 96.64, "instrument_name": "BTC-30DEC22-28000-C", "index_price": 17411.3, "direction": "buy", "amount": 0.1}, {"trade_seq": 2713, "trade_id": "237784341", "timestamp": 1671079011674, "tick_direction": 3, "price": 0.0005, "mark_price": 0.00040688, "iv": 90.98, "instrument_name": "BTC-30DEC22-28000-C", "index_price": 17699.68, "direction": "sell", "amount": 0.9}, {"trade_seq": 2712, "trade_id": "237678129", "timestamp": 1670975908204, "tick_direction": 3, "price": 0.0005, "mark_price": 0.00063426, "iv": 86.97, "instrument_name": "BTC-30DEC22-28000-C", "index_price": 17773.86, "direction": "buy", "amount": 0.5}, {"trade_seq": 2711, "trade_id": "237678128", "timestamp": 1670975905568, "tick_direction": 3, "price": 0.0005, "mark_price": 0.00063451, "iv": 86.97, "instrument_name": "BTC-30DEC22-28000-C", "index_price": 17774.24, "direction": "sell", "amount": 0.2}, {"trade_seq": 2710, "trade_id": "237678127", "timestamp": 1670975905568, "tick_direction": 3, "price": 0.0005, "mark_price": 0.00063451, "iv": 86.97, "instrument_name": "BTC-30DEC22-28000-C", "index_price": 17774.24, "direction": "sell", "amount": 1.3}, {"trade_seq": 2709, "trade_id": "237668359", "timestamp": 1670953182832, "tick_direction": 2, "price": 0.0005, "mark_price": 0.00070491, "iv": 86.9, "instrument_name": "BTC-30DEC22-28000-C", "index_price": 17712.84, "direction": "sell", "amount": 0.2}, {"trade_seq": 2708, "trade_id": "237652223", "timestamp": 1670939063437, "tick_direction": 1, "price": 0.001, "mark_price": 0.00099499, "iv": 92.43, "instrument_name": "BTC-30DEC22-28000-C", "index_price": 17902.44, "direction": "buy", "amount": 4.2}, {"trade_seq": 2707, "trade_id": "237628120", "timestamp": 1670931807633, "tick_direction": 1, "price": 0.001, "mark_price": 0.00073302, "iv": 96.48, "instrument_name": "BTC-30DEC22-28000-C", "index_price": 17454.08, "direction": "buy", "amount": 0.4}, {"trade_seq": 2706, "trade_id": "237628119", "timestamp": 1670931807633, "tick_direction": 1, "price": 0.001, "mark_price": 0.00073302, "iv": 96.48, "instrument_name": "BTC-30DEC22-28000-C", "index_price": 17454.08, "direction": "buy", "amount": 0.1}, {"trade_seq": 2705, "trade_id": "237628118", "timestamp": 1670931807633, "tick_direction": 1, "price": 0.001, "mark_price": 0.00073302, "iv": 96.48, "instrument_name": "BTC-30DEC22-28000-C", "index_price": 17454.08, "direction": "buy", "amount": 0.5}, {"trade_seq": 2704, "trade_id": "237628117", "timestamp": 1670931807633, "tick_direction": 1, "price": 0.001, "mark_price": 0.00073302, "iv": 96.48, "instrument_name": "BTC-30DEC22-28000-C", "index_price": 17454.08, "direction": "buy", "amount": 2.0}, {"trade_seq": 2703, "trade_id": "237562804", "timestamp": 1670804780534, "tick_direction": 3, "price": 0.0005, "mark_price": 0.00071802, "iv": 89.27, "instrument_name": "BTC-30DEC22-28000-C", "index_price": 16981.63, "direction": "buy", "amount": 0.1}, {"trade_seq": 2702, "trade_id": "237562803", "timestamp": 1670804780532, "tick_direction": 3, "price": 0.0005, "mark_price": 0.00071802, "iv": 89.27, "instrument_name": "BTC-30DEC22-28000-C", "index_price": 16981.63, "direction": "sell", "amount": 10.5}, {"trade_seq": 2701, "trade_id": "237562802", "timestamp": 1670804780532, "tick_direction": 3, "price": 0.0005, "mark_price": 0.00071802, "iv": 89.27, "instrument_name": "BTC-30DEC22-28000-C", "index_price": 16981.63, "direction": "sell", "amount": 5.0}, {"trade_seq": 2700, "trade_id": "237499560", "timestamp": 1670578181580, "tick_direction": 3, "price": 0.0005, "mark_price": 0.00071434, "iv": 81.54, "instrument_name": "BTC-30DEC22-28000-C", "index_price": 17214.88, "direction": "sell", "amount": 0.3}, {"trade_seq": 2699, "trade_id": "237498624", "timestamp": 1670575874927, "tick_direction": 3, "price": 0.0005, "mark_price": 0.00071084, "iv": 81.59, "instrument_name": "BTC-30DEC22-28000-C", "index_price": 17204.58, "direction": "sell", "amount": 0.2}, {"trade_seq": 2698, "trade_id": "237478439", "timestamp": 1670535935218, "tick_direction": 1, "price": 0.001, "mark_price": 0.0008459, "iv": 87.83, "instrument_name": "BTC-30DEC22-28000-C", "index_price": 17180.65, "direction": "buy", "amount": 1.5}, {"trade_seq": 2697, "trade_id": "237478438", "timestamp": 1670535935218, "tick_direction": 0, "price": 0.001, "mark_price": 0.0008459, "iv": 87.83, "instrument_name": "BTC-30DEC22-28000-C", "index_price": 17180.65, "direction": "buy", "amount": 0.5}, {"trade_seq": 2696, "trade_id": "237457193", "timestamp": 1670512358481, "tick_direction": 3, "price": 0.0005, "mark_price": 0.00073231, "iv": 82.46, "instrument_name": "BTC-30DEC22-28000-C", "index_price": 16925.44, "direction": "sell", "amount": 10.0}, {"trade_seq": 2695, "trade_id": "237448286", "timestamp": 1670503737332, "tick_direction": 3, "price": 0.0005, "mark_price": 0.0007167, "iv": 83.07, "instrument_name": "BTC-30DEC22-28000-C", "index_price": 16834.65, "direction": "sell", "amount": 0.1}, {"trade_seq": 2694, "trade_id": "237392976", "timestamp": 1670390523569, "tick_direction": 3, "price": 0.0005, "mark_price": 0.00045307, "iv": 79.04, "instrument_name": "BTC-30DEC22-28000-C", "index_price": 17026.94, "direction": "buy", "amount": 5.6}, {"trade_seq": 2693, "trade_id": "237380075", "timestamp": 1670357626530, "tick_direction": 3, "price": 0.0005, "mark_price": 0.00068377, "iv": 78.86, "instrument_name": "BTC-30DEC22-28000-C", "index_price": 16970.35, "direction": "buy", "amount": 1.7}, {"trade_seq": 2692, "trade_id": "237380048", "timestamp": 1670357542519, "tick_direction": 3, "price": 0.0005, "mark_price": 0.00071974, "iv": 78.86, "instrument_name": "BTC-30DEC22-28000-C", "index_price": 16970.72, "direction": "sell", "amount": 0.3}, {"trade_seq": 2691, "trade_id": "237380047", "timestamp": 1670357542519, "tick_direction": 3, "price": 0.0005, "mark_price": 0.00071974, "iv": 78.86, "instrument_name": "BTC-30DEC22-28000-C", "index_price": 16970.72, "direction": "sell", "amount": 0.5}, {"trade_seq": 2690, "trade_id": "237380046", "timestamp": 1670357542519, "tick_direction": 3, "price": 0.0005, "mark_price": 0.00071974, "iv": 78.86, "instrument_name": "BTC-30DEC22-28000-C", "index_price": 16970.72, "direction": "sell", "amount": 0.3}, {"trade_seq": 2689, "trade_id": "237380045", "timestamp": 1670357542519, "tick_direction": 3, "price": 0.0005, "mark_price": 0.00071974, "iv": 78.86, "instrument_name": "BTC-30DEC22-28000-C", "index_price": 16970.72, "direction": "sell", "amount": 1.0}, {"trade_seq": 2688, "trade_id": "237380044", "timestamp": 1670357542519, "tick_direction": 3, "price": 0.0005, "mark_price": 0.00071974, "iv": 78.86, "instrument_name": "BTC-30DEC22-28000-C", "index_price": 16970.72, "direction": "sell", "amount": 0.2}, {"trade_seq": 2687, "trade_id": "237380043", "timestamp": 1670357542519, "tick_direction": 3, "price": 0.0005, "mark_price": 0.00071974, "iv": 78.86, "instrument_name": "BTC-30DEC22-28000-C", "index_price": 16970.72, "direction": "sell", "amount": 10.0}, {"trade_seq": 2686, "trade_id": "237380042", "timestamp": 1670357542519, "tick_direction": 3, "price": 0.0005, "mark_price": 0.00071974, "iv": 78.86, "instrument_name": "BTC-30DEC22-28000-C", "index_price": 16970.72, "direction": "sell", "amount": 0.4}, {"trade_seq": 2685, "trade_id": "237317065", "timestamp": 1670242827770, "tick_direction": 2, "price": 0.0005, "mark_price": 0.00071128, "iv": 74.48, "instrument_name": "BTC-30DEC22-28000-C", "index_price": 17263.04, "direction": "sell", "amount": 0.1}, {"trade_seq": 2684, "trade_id": "237317044", "timestamp": 1670242802309, "tick_direction": 1, "price": 0.001, "mark_price": 0.00070731, "iv": 81.1, "instrument_name": "BTC-30DEC22-28000-C", "index_price": 17259.28, "direction": "buy", "amount": 0.1}, {"trade_seq": 2683, "trade_id": "237291863", "timestamp": 1670216213839, "tick_direction": 1, "price": 0.001, "mark_price": 0.00074818, "iv": 79.87, "instrument_name": "BTC-30DEC22-28000-C", "index_price": 17321.34, "direction": "buy", "amount": 12.8}, {"trade_seq": 2682, "trade_id": "237291862", "timestamp": 1670216213839, "tick_direction": 1, "price": 0.001, "mark_price": 0.00074818, "iv": 79.87, "instrument_name": "BTC-30DEC22-28000-C", "index_price": 17321.34, "direction": "buy", "amount": 1.6}, {"trade_seq": 2681, "trade_id": "237291861", "timestamp": 1670216213839, "tick_direction": 0, "price": 0.001, "mark_price": 0.00074818, "iv": 79.87, "instrument_name": "BTC-30DEC22-28000-C", "index_price": 17321.34, "direction": "buy", "amount": 0.5}, {"trade_seq": 2680, "trade_id": "237267766", "timestamp": 1670193646321, "tick_direction": 3, "price": 0.001, "mark_price": 0.00089701, "iv": 81.53, "instrument_name": "BTC-30DEC22-28000-C", "index_price": 17093.69, "direction": "sell", "amount": 0.5}, {"trade_seq": 2679, "trade_id": "237250979", "timestamp": 1670167769216, "tick_direction": 2, "price": 0.001, "mark_price": 0.00077082, "iv": 81.4, "instrument_name": "BTC-30DEC22-28000-C", "index_price": 17047.41, "direction": "buy", "amount": 7.0}, {"trade_seq": 2678, "trade_id": "237211616", "timestamp": 1670079980093, "tick_direction": 1, "price": 0.0015, "mark_price": 0.00091261, "iv": 85.03, "instrument_name": "BTC-30DEC22-28000-C", "index_price": 16963.35, "direction": "buy", "amount": 2.9}, {"trade_seq": 2677, "trade_id": "237211615", "timestamp": 1670079980093, "tick_direction": 0, "price": 0.0015, "mark_price": 0.00091261, "iv": 85.03, "instrument_name": "BTC-30DEC22-28000-C", "index_price": 16963.35, "direction": "buy", "amount": 0.1}, {"trade_seq": 2676, "trade_id": "237162547", "timestamp": 1669988627811, "tick_direction": 1, "price": 0.001, "mark_price": 0.00070844, "iv": 79.66, "instrument_name": "BTC-30DEC22-28000-C", "index_price": 16874.46, "direction": "buy", "amount": 1.7}, {"trade_seq": 2675, "trade_id": "237162546", "timestamp": 1669988627811, "tick_direction": 0, "price": 0.001, "mark_price": 0.00070844, "iv": 79.66, "instrument_name": "BTC-30DEC22-28000-C", "index_price": 16874.46, "direction": "buy", "amount": 0.4}, {"trade_seq": 2674, "trade_id": "237113956", "timestamp": 1669924949079, "tick_direction": 2, "price": 0.0007, "mark_price": 0.00071927, "iv": 74.65, "instrument_name": "BTC-30DEC22-28000-C", "index_price": 16951.39, "direction": "sell", "combo_id": "BTC-CS-30DEC22-28000_36000", "block_trade_id": "57959", "amount": 12.5}, {"trade_seq": 2673, "trade_id": "236890774", "timestamp": 1669697109738, "tick_direction": 3, "price": 0.001, "mark_price": 0.000936, "iv": 78.47, "instrument_name": "BTC-30DEC22-28000-C", "index_price": 16439.3, "direction": "sell", "amount": 1.0}, {"trade_seq": 2672, "trade_id": "236820752", "timestamp": 1669602478639, "tick_direction": 2, "price": 0.001, "mark_price": 0.00097739, "iv": 79.89, "instrument_name": "BTC-30DEC22-28000-C", "index_price": 16119.64, "direction": "sell", "amount": 0.3}, {"trade_seq": 2671, "trade_id": "236796501", "timestamp": 1669556044470, "tick_direction": 0, "price": 0.0015, "mark_price": 0.00092509, "iv": 80.13, "instrument_name": "BTC-30DEC22-28000-C", "index_price": 16545.75, "direction": "buy", "amount": 0.1}, {"trade_seq": 2670, "trade_id": "236768393", "timestamp": 1669462382234, "tick_direction": 2, "price": 0.001, "mark_price": 0.00123352, "iv": 74.67, "instrument_name": "BTC-30DEC22-28000-C", "index_price": 16573.11, "direction": "sell", "amount": 1.0}, {"trade_seq": 2669, "trade_id": "236734303", "timestamp": 1669383245907, "tick_direction": 3, "price": 0.0015, "mark_price": 0.00172839, "iv": 78.33, "instrument_name": "BTC-30DEC22-28000-C", "index_price": 16485.44, "direction": "sell", "amount": 5.9}, {"trade_seq": 2668, "trade_id": "236734302", "timestamp": 1669383245894, "tick_direction": 3, "price": 0.0015, "mark_price": 0.00172839, "iv": 78.33, "instrument_name": "BTC-30DEC22-28000-C", "index_price": 16485.44, "direction": "sell", "amount": 19.0}, {"trade_seq": 2667, "trade_id": "236726659", "timestamp": 1669369591893, "tick_direction": 3, "price": 0.0015, "mark_price": 0.00173007, "iv": 78.54, "instrument_name": "BTC-30DEC22-28000-C", "index_price": 16447.32, "direction": "sell", "amount": 0.1}, {"trade_seq": 2666, "trade_id": "236701713", "timestamp": 1669333635921, "tick_direction": 3, "price": 0.0015, "mark_price": 0.0019502, "iv": 77.23, "instrument_name": "BTC-30DEC22-28000-C", "index_price": 16579.43, "direction": "sell", "amount": 0.5}, {"trade_seq": 2665, "trade_id": "236701708", "timestamp": 1669333633244, "tick_direction": 3, "price": 0.0015, "mark_price": 0.00195062, "iv": 77.22, "instrument_name": "BTC-30DEC22-28000-C", "index_price": 16580.3, "direction": "sell", "amount": 0.5}, {"trade_seq": 2664, "trade_id": "236701691", "timestamp": 1669333615138, "tick_direction": 3, "price": 0.0015, "mark_price": 0.00194819, "iv": 77.23, "instrument_name": "BTC-30DEC22-28000-C", "index_price": 16577.76, "direction": "sell", "amount": 0.5}, {"trade_seq": 2663, "trade_id": "236701689", "timestamp": 1669333609154, "tick_direction": 2, "price": 0.0015, "mark_price": 0.00194837, "iv": 77.23, "instrument_name": "BTC-30DEC22-28000-C", "index_price": 16577.71, "direction": "sell", "amount": 0.5}, {"trade_seq": 2662, "trade_id": "236687717", "timestamp": 1669302226874, "tick_direction": 1, "price": 0.002, "mark_price": 0.00173502, "iv": 80.61, "instrument_name": "BTC-30DEC22-28000-C", "index_price": 16516.06, "direction": "buy", "amount": 0.1}, {"trade_seq": 2661, "trade_id": "236615285", "timestamp": 1669195635670, "tick_direction": 1, "price": 0.002, "mark_price": 0.00211622, "iv": 79.17, "instrument_name": "BTC-30DEC22-28000-C", "index_price": 16540.95, "direction": "sell", "amount": 1.4}, {"trade_seq": 2660, "trade_id": "236587657", "timestamp": 1669167042120, "tick_direction": 1, "price": 0.002, "mark_price": 0.00204747, "iv": 81.53, "instrument_name": "BTC-30DEC22-28000-C", "index_price": 16175.83, "direction": "sell", "amount": 0.5}, {"trade_seq": 2659, "trade_id": "236545945", "timestamp": 1669120328927, "tick_direction": 1, "price": 0.002, "mark_price": 0.00193141, "iv": 84.19, "instrument_name": "BTC-30DEC22-28000-C", "index_price": 15762.98, "direction": "buy", "amount": 0.1}, {"trade_seq": 2658, "trade_id": "236545944", "timestamp": 1669120328927, "tick_direction": 1, "price": 0.002, "mark_price": 0.00193141, "iv": 84.19, "instrument_name": "BTC-30DEC22-28000-C", "index_price": 15762.98, "direction": "buy", "amount": 0.1}, {"trade_seq": 2657, "trade_id": "236545943", "timestamp": 1669120328927, "tick_direction": 0, "price": 0.002, "mark_price": 0.00193141, "iv": 84.19, "instrument_name": "BTC-30DEC22-28000-C", "index_price": 15762.98, "direction": "buy", "amount": 0.1}, {"trade_seq": 2656, "trade_id": "236416064", "timestamp": 1668997229295, "tick_direction": 2, "price": 0.0015, "mark_price": 0.00164446, "iv": 77.98, "instrument_name": "BTC-30DEC22-28000-C", "index_price": 15996.37, "direction": "sell", "amount": 0.1}, {"trade_seq": 2655, "trade_id": "236414607", "timestamp": 1668996755708, "tick_direction": 1, "price": 0.002, "mark_price": 0.00146754, "iv": 81.27, "instrument_name": "BTC-30DEC22-28000-C", "index_price": 15980.59, "direction": "buy", "amount": 3.1}, {"trade_seq": 2654, "trade_id": "236414606", "timestamp": 1668996755708, "tick_direction": 1, "price": 0.002, "mark_price": 0.00146754, "iv": 81.27, "instrument_name": "BTC-30DEC22-28000-C", "index_price": 15980.59, "direction": "buy", "amount": 1.8}, {"trade_seq": 2653, "trade_id": "236414605", "timestamp": 1668996755708, "tick_direction": 1, "price": 0.002, "mark_price": 0.00146754, "iv": 81.27, "instrument_name": "BTC-30DEC22-28000-C", "index_price": 15980.59, "direction": "buy", "amount": 2.1}, {"trade_seq": 2652, "trade_id": "236413984", "timestamp": 1668996629620, "tick_direction": 1, "price": 0.002, "mark_price": 0.00145944, "iv": 80.76, "instrument_name": "BTC-30DEC22-28000-C", "index_price": 16046.86, "direction": "buy", "amount": 4.5}, {"trade_seq": 2651, "trade_id": "236413983", "timestamp": 1668996629620, "tick_direction": 1, "price": 0.002, "mark_price": 0.00145944, "iv": 80.76, "instrument_name": "BTC-30DEC22-28000-C", "index_price": 16046.86, "direction": "buy", "amount": 0.5}, {"trade_seq": 2650, "trade_id": "236365783", "timestamp": 1668908004022, "tick_direction": 0, "price": 0.002, "mark_price": 0.00198191, "iv": 74.95, "instrument_name": "BTC-30DEC22-28000-C", "index_price": 16701.57, "direction": "sell", "amount": 0.1}, {"trade_seq": 2649, "trade_id": "236354529", "timestamp": 1668868146311, "tick_direction": 2, "price": 0.0015, "mark_price": 0.00199208, "iv": 72.04, "instrument_name": "BTC-30DEC22-28000-C", "index_price": 16636.29, "direction": "sell", "amount": 0.3}, {"trade_seq": 2648, "trade_id": "236324871", "timestamp": 1668790232904, "tick_direction": 3, "price": 0.0025, "mark_price": 0.00272512, "iv": 76.56, "instrument_name": "BTC-30DEC22-28000-C", "index_price": 16646.77, "direction": "sell", "amount": 0.2}, {"trade_seq": 2647, "trade_id": "236322252", "timestamp": 1668786562554, "tick_direction": 2, "price": 0.0025, "mark_price": 0.00274872, "iv": 76.3, "instrument_name": "BTC-30DEC22-28000-C", "index_price": 16682.3, "direction": "sell", "amount": 1.0}, {"trade_seq": 2646, "trade_id": "236312357", "timestamp": 1668775268236, "tick_direction": 3, "price": 0.003, "mark_price": 0.00274266, "iv": 77.71, "instrument_name": "BTC-30DEC22-28000-C", "index_price": 16754.74, "direction": "buy", "amount": 0.3}, {"trade_seq": 2645, "trade_id": "236291772", "timestamp": 1668755529635, "tick_direction": 3, "price": 0.003, "mark_price": 0.00271582, "iv": 77.61, "instrument_name": "BTC-30DEC22-28000-C", "index_price": 16767.31, "direction": "buy", "amount": 1.0}, {"trade_seq": 2644, "trade_id": "236266580", "timestamp": 1668725850258, "tick_direction": 3, "price": 0.003, "mark_price": 0.00326285, "iv": 77.78, "instrument_name": "BTC-30DEC22-28000-C", "index_price": 16704.38, "direction": "sell", "amount": 18.9}, {"trade_seq": 2643, "trade_id": "236227597", "timestamp": 1668690145193, "tick_direction": 2, "price": 0.003, "mark_price": 0.00324792, "iv": 78.53, "instrument_name": "BTC-30DEC22-28000-C", "index_price": 16551.86, "direction": "sell", "amount": 0.1}, {"trade_seq": 2642, "trade_id": "236209533", "timestamp": 1668664484945, "tick_direction": 1, "price": 0.0045, "mark_price": 0.0039464, "iv": 83.69, "instrument_name": "BTC-30DEC22-28000-C", "index_price": 16546.13, "direction": "buy", "amount": 0.1}, {"trade_seq": 2641, "trade_id": "236205256", "timestamp": 1668656599651, "tick_direction": 0, "price": 0.0045, "mark_price": 0.00397949, "iv": 83.48, "instrument_name": "BTC-30DEC22-28000-C", "index_price": 16572.92, "direction": "buy", "amount": 0.1}, {"trade_seq": 2640, "trade_id": "236112469", "timestamp": 1668587315929, "tick_direction": 2, "price": 0.003, "mark_price": 0.00342285, "iv": 75.89, "instrument_name": "BTC-30DEC22-28000-C", "index_price": 16769.07, "direction": "sell", "amount": 1.0}, {"trade_seq": 2639, "trade_id": "236099743", "timestamp": 1668576007729, "tick_direction": 2, "price": 0.0035, "mark_price": 0.00379382, "iv": 76.73, "instrument_name": "BTC-30DEC22-28000-C", "index_price": 16909.89, "direction": "sell", "block_trade_id": "56314", "amount": 30.0}, {"trade_seq": 2638, "trade_id": "236097085", "timestamp": 1668571810316, "tick_direction": 1, "price": 0.004, "mark_price": 0.00396882, "iv": 78.32, "instrument_name": "BTC-30DEC22-28000-C", "index_price": 16932.99, "direction": "sell", "amount": 0.1}, {"trade_seq": 2637, "trade_id": "235953036", "timestamp": 1668461337846, "tick_direction": 2, "price": 0.0035, "mark_price": 0.0040173, "iv": 79.76, "instrument_name": "BTC-30DEC22-28000-C", "index_price": 16327.24, "direction": "sell", "amount": 0.1}, {"trade_seq": 2636, "trade_id": "235924991", "timestamp": 1668448971017, "tick_direction": 3, "price": 0.004, "mark_price": 0.00449481, "iv": 79.93, "instrument_name": "BTC-30DEC22-28000-C", "index_price": 16556.62, "direction": "sell", "amount": 4.7}, {"trade_seq": 2635, "trade_id": "235851864", "timestamp": 1668430966921, "tick_direction": 2, "price": 0.004, "mark_price": 0.00407052, "iv": 77.93, "instrument_name": "BTC-30DEC22-28000-C", "index_price": 16789.49, "direction": "sell", "amount": 2.9}, {"trade_seq": 2634, "trade_id": "235836607", "timestamp": 1668422641039, "tick_direction": 1, "price": 0.0045, "mark_price": 0.00414094, "iv": 79.42, "instrument_name": "BTC-30DEC22-28000-C", "index_price": 16769.38, "direction": "buy", "amount": 0.1}, {"trade_seq": 2633, "trade_id": "235836604", "timestamp": 1668422640828, "tick_direction": 1, "price": 0.0045, "mark_price": 0.00414094, "iv": 79.42, "instrument_name": "BTC-30DEC22-28000-C", "index_price": 16769.38, "direction": "buy", "amount": 0.1}, {"trade_seq": 2632, "trade_id": "235836599", "timestamp": 1668422640150, "tick_direction": 1, "price": 0.0045, "mark_price": 0.00413626, "iv": 79.42, "instrument_name": "BTC-30DEC22-28000-C", "index_price": 16769.41, "direction": "buy", "amount": 0.3}, {"trade_seq": 2631, "trade_id": "235836594", "timestamp": 1668422640099, "tick_direction": 0, "price": 0.0045, "mark_price": 0.00413626, "iv": 79.42, "instrument_name": "BTC-30DEC22-28000-C", "index_price": 16769.41, "direction": "buy", "amount": 0.1}, {"trade_seq": 2630, "trade_id": "235804175", "timestamp": 1668411237568, "tick_direction": 2, "price": 0.0035, "mark_price": 0.003852, "iv": 76.6, "instrument_name": "BTC-30DEC22-28000-C", "index_price": 16704.11, "direction": "sell", "amount": 12.0}, {"trade_seq": 2629, "trade_id": "235791042", "timestamp": 1668409126402, "tick_direction": 0, "price": 0.0045, "mark_price": 0.00420906, "iv": 80.83, "instrument_name": "BTC-30DEC22-28000-C", "index_price": 16584.32, "direction": "buy", "amount": 0.1}, {"trade_seq": 2628, "trade_id": "235735077", "timestamp": 1668381165726, "tick_direction": 3, "price": 0.0045, "mark_price": 0.00391533, "iv": 82.19, "instrument_name": "BTC-30DEC22-28000-C", "index_price": 16361.81, "direction": "buy", "amount": 6.0}, {"trade_seq": 2627, "trade_id": "235724906", "timestamp": 1668373357051, "tick_direction": 3, "price": 0.0045, "mark_price": 0.00441256, "iv": 81.63, "instrument_name": "BTC-30DEC22-28000-C", "index_price": 16414.85, "direction": "sell", "amount": 0.9}, {"trade_seq": 2626, "trade_id": "235707168", "timestamp": 1668351819377, "tick_direction": 2, "price": 0.0045, "mark_price": 0.00420615, "iv": 79.9, "instrument_name": "BTC-30DEC22-28000-C", "index_price": 16619.68, "direction": "buy", "amount": 0.1}, {"trade_seq": 2625, "trade_id": "235624750", "timestamp": 1668244341088, "tick_direction": 3, "price": 0.005, "mark_price": 0.00565822, "iv": 80.01, "instrument_name": "BTC-30DEC22-28000-C", "index_price": 16774.92, "direction": "buy", "amount": 2.9}, {"trade_seq": 2624, "trade_id": "235624749", "timestamp": 1668244341087, "tick_direction": 3, "price": 0.005, "mark_price": 0.00565822, "iv": 80.01, "instrument_name": "BTC-30DEC22-28000-C", "index_price": 16774.92, "direction": "buy", "amount": 18.0}, {"trade_seq": 2623, "trade_id": "235624748", "timestamp": 1668244341085, "tick_direction": 3, "price": 0.005, "mark_price": 0.00565822, "iv": 80.01, "instrument_name": "BTC-30DEC22-28000-C", "index_price": 16774.92, "direction": "sell", "amount": 4.1}, {"trade_seq": 2622, "trade_id": "235624747", "timestamp": 1668244341085, "tick_direction": 3, "price": 0.005, "mark_price": 0.00565822, "iv": 80.01, "instrument_name": "BTC-30DEC22-28000-C", "index_price": 16774.92, "direction": "sell", "amount": 6.0}, {"trade_seq": 2621, "trade_id": "235624746", "timestamp": 1668244341085, "tick_direction": 2, "price": 0.005, "mark_price": 0.00565822, "iv": 80.01, "instrument_name": "BTC-30DEC22-28000-C", "index_price": 16774.92, "direction": "sell", "amount": 19.0}, {"trade_seq": 2620, "trade_id": "235621261", "timestamp": 1668240963612, "tick_direction": 3, "price": 0.006, "mark_price": 0.00627592, "iv": 82.81, "instrument_name": "BTC-30DEC22-28000-C", "index_price": 16757.75, "direction": "sell", "amount": 6.1}, {"trade_seq": 2619, "trade_id": "235621259", "timestamp": 1668240957333, "tick_direction": 2, "price": 0.006, "mark_price": 0.0062751, "iv": 82.82, "instrument_name": "BTC-30DEC22-28000-C", "index_price": 16757.15, "direction": "sell", "amount": 5.5}, {"trade_seq": 2618, "trade_id": "235552568", "timestamp": 1668197836792, "tick_direction": 2, "price": 0.0065, "mark_price": 0.00623936, "iv": 83.82, "instrument_name": "BTC-30DEC22-28000-C", "index_price": 16647.87, "direction": "buy", "amount": 1.0}, {"trade_seq": 2617, "trade_id": "235541411", "timestamp": 1668192691858, "tick_direction": 0, "price": 0.007, "mark_price": 0.0063695, "iv": 83.79, "instrument_name": "BTC-30DEC22-28000-C", "index_price": 16826.83, "direction": "buy", "amount": 1.0}, {"trade_seq": 2616, "trade_id": "235539447", "timestamp": 1668192103733, "tick_direction": 0, "price": 0.0065, "mark_price": 0.00610494, "iv": 82.38, "instrument_name": "BTC-30DEC22-28000-C", "index_price": 16847.19, "direction": "buy", "amount": 4.0}, {"trade_seq": 2615, "trade_id": "235526633", "timestamp": 1668188606329, "tick_direction": 0, "price": 0.0055, "mark_price": 0.00509344, "iv": 80.45, "instrument_name": "BTC-30DEC22-28000-C", "index_price": 16757.94, "direction": "buy", "amount": 3.0}, {"trade_seq": 2614, "trade_id": "235521697", "timestamp": 1668186662590, "tick_direction": 0, "price": 0.005, "mark_price": 0.00502586, "iv": 77.93, "instrument_name": "BTC-30DEC22-28000-C", "index_price": 16889.17, "direction": "sell", "amount": 1.0}, {"trade_seq": 2613, "trade_id": "235395718", "timestamp": 1668157125491, "tick_direction": 3, "price": 0.004, "mark_price": 0.00393129, "iv": 71.38, "instrument_name": "BTC-30DEC22-28000-C", "index_price": 17391.33, "direction": "sell", "amount": 1.0}, {"trade_seq": 2612, "trade_id": "235381325", "timestamp": 1668154028943, "tick_direction": 3, "price": 0.004, "mark_price": 0.00407403, "iv": 71.59, "instrument_name": "BTC-30DEC22-28000-C", "index_price": 17326.87, "direction": "sell", "amount": 1.0}, {"trade_seq": 2611, "trade_id": "235310311", "timestamp": 1668134455859, "tick_direction": 3, "price": 0.004, "mark_price": 0.00441305, "iv": 72.86, "instrument_name": "BTC-30DEC22-28000-C", "index_price": 17109.3, "direction": "buy", "amount": 4.4}, {"trade_seq": 2610, "trade_id": "235310310", "timestamp": 1668134455857, "tick_direction": 3, "price": 0.004, "mark_price": 0.00441305, "iv": 72.86, "instrument_name": "BTC-30DEC22-28000-C", "index_price": 17109.3, "direction": "sell", "amount": 7.7}, {"trade_seq": 2609, "trade_id": "235310309", "timestamp": 1668134455857, "tick_direction": 2, "price": 0.004, "mark_price": 0.00441305, "iv": 72.86, "instrument_name": "BTC-30DEC22-28000-C", "index_price": 17109.3, "direction": "sell", "amount": 2.0}, {"trade_seq": 2608, "trade_id": "235267601", "timestamp": 1668121067449, "tick_direction": 3, "price": 0.0045, "mark_price": 0.00491987, "iv": 69.36, "instrument_name": "BTC-30DEC22-28000-C", "index_price": 17796.11, "direction": "buy", "amount": 0.2}, {"trade_seq": 2607, "trade_id": "235267588", "timestamp": 1668121059979, "tick_direction": 2, "price": 0.0045, "mark_price": 0.00493518, "iv": 69.32, "instrument_name": "BTC-30DEC22-28000-C", "index_price": 17802.91, "direction": "buy", "amount": 0.2}, {"trade_seq": 2606, "trade_id": "235241652", "timestamp": 1668113648256, "tick_direction": 0, "price": 0.0055, "mark_price": 0.0064825, "iv": 71.74, "instrument_name": "BTC-30DEC22-28000-C", "index_price": 17831.81, "direction": "buy", "amount": 0.3}, {"trade_seq": 2605, "trade_id": "235224972", "timestamp": 1668107403256, "tick_direction": 3, "price": 0.005, "mark_price": 0.00506037, "iv": 73.35, "instrument_name": "BTC-30DEC22-28000-C", "index_price": 17407.51, "direction": "buy", "amount": 0.1}, {"trade_seq": 2604, "trade_id": "235224008", "timestamp": 1668107087811, "tick_direction": 3, "price": 0.005, "mark_price": 0.00511917, "iv": 73.31, "instrument_name": "BTC-30DEC22-28000-C", "index_price": 17407.38, "direction": "buy", "amount": 0.1}, {"trade_seq": 2603, "trade_id": "235216385", "timestamp": 1668104749117, "tick_direction": 3, "price": 0.005, "mark_price": 0.00477953, "iv": 73.85, "instrument_name": "BTC-30DEC22-28000-C", "index_price": 17314.8, "direction": "sell", "amount": 30.0}, {"trade_seq": 2602, "trade_id": "235196902", "timestamp": 1668099919746, "tick_direction": 3, "price": 0.005, "mark_price": 0.0053547, "iv": 70.81, "instrument_name": "BTC-30DEC22-28000-C", "index_price": 17748.22, "direction": "sell", "amount": 2.3}, {"trade_seq": 2601, "trade_id": "235196557", "timestamp": 1668099827560, "tick_direction": 3, "price": 0.005, "mark_price": 0.00547229, "iv": 70.62, "instrument_name": "BTC-30DEC22-28000-C", "index_price": 17784.51, "direction": "buy", "amount": 1.3}, {"trade_seq": 2600, "trade_id": "235196556", "timestamp": 1668099827559, "tick_direction": 2, "price": 0.005, "mark_price": 0.00547229, "iv": 70.62, "instrument_name": "BTC-30DEC22-28000-C", "index_price": 17784.51, "direction": "sell", "amount": 2.7}, {"trade_seq": 2599, "trade_id": "235162794", "timestamp": 1668094000615, "tick_direction": 1, "price": 0.006, "mark_price": 0.00590289, "iv": 73.75, "instrument_name": "BTC-30DEC22-28000-C", "index_price": 17696.91, "direction": "buy", "amount": 15.0}, {"trade_seq": 2598, "trade_id": "235157719", "timestamp": 1668093268839, "tick_direction": 1, "price": 0.006, "mark_price": 0.00581326, "iv": 73.56, "instrument_name": "BTC-30DEC22-28000-C", "index_price": 17703.62, "direction": "buy", "amount": 3.0}, {"trade_seq": 2597, "trade_id": "235157688", "timestamp": 1668093264364, "tick_direction": 1, "price": 0.006, "mark_price": 0.00581403, "iv": 73.56, "instrument_name": "BTC-30DEC22-28000-C", "index_price": 17703.41, "direction": "buy", "amount": 3.0}, {"trade_seq": 2596, "trade_id": "235157660", "timestamp": 1668093261265, "tick_direction": 1, "price": 0.006, "mark_price": 0.00581439, "iv": 73.56, "instrument_name": "BTC-30DEC22-28000-C", "index_price": 17702.56, "direction": "buy", "amount": 3.0}, {"trade_seq": 2595, "trade_id": "235131917", "timestamp": 1668091321836, "tick_direction": 0, "price": 0.006, "mark_price": 0.00519707, "iv": 76.34, "instrument_name": "BTC-30DEC22-28000-C", "index_price": 17355.58, "direction": "buy", "amount": 2.6}, {"trade_seq": 2594, "trade_id": "235118126", "timestamp": 1668089602621, "tick_direction": 1, "price": 0.0055, "mark_price": 0.00526679, "iv": 74.19, "instrument_name": "BTC-30DEC22-28000-C", "index_price": 17434.48, "direction": "sell", "amount": 1.0}, {"trade_seq": 2593, "trade_id": "235116000", "timestamp": 1668089223039, "tick_direction": 0, "price": 0.0055, "mark_price": 0.00482848, "iv": 74.43, "instrument_name": "BTC-30DEC22-28000-C", "index_price": 17389.22, "direction": "buy", "amount": 1.0}, {"trade_seq": 2592, "trade_id": "235028754", "timestamp": 1668080318660, "tick_direction": 1, "price": 0.0045, "mark_price": 0.00440693, "iv": 79.99, "instrument_name": "BTC-30DEC22-28000-C", "index_price": 16400.03, "direction": "buy", "amount": 0.7}, {"trade_seq": 2591, "trade_id": "235028753", "timestamp": 1668080318660, "tick_direction": 1, "price": 0.0045, "mark_price": 0.00440693, "iv": 79.99, "instrument_name": "BTC-30DEC22-28000-C", "index_price": 16400.03, "direction": "buy", "amount": 6.8}, {"trade_seq": 2590, "trade_id": "234980115", "timestamp": 1668072278630, "tick_direction": 0, "price": 0.0045, "mark_price": 0.00463159, "iv": 76.61, "instrument_name": "BTC-30DEC22-28000-C", "index_price": 16675.73, "direction": "sell", "amount": 3.0}, {"trade_seq": 2589, "trade_id": "234943931", "timestamp": 1668064433715, "tick_direction": 2, "price": 0.0035, "mark_price": 0.00390714, "iv": 73.73, "instrument_name": "BTC-30DEC22-28000-C", "index_price": 16612.82, "direction": "sell", "amount": 0.9}, {"trade_seq": 2588, "trade_id": "234941778", "timestamp": 1668063741255, "tick_direction": 3, "price": 0.004, "mark_price": 0.00409887, "iv": 74.98, "instrument_name": "BTC-30DEC22-28000-C", "index_price": 16677.32, "direction": "sell", "amount": 0.5}, {"trade_seq": 2587, "trade_id": "234941777", "timestamp": 1668063741255, "tick_direction": 2, "price": 0.004, "mark_price": 0.00409887, "iv": 74.98, "instrument_name": "BTC-30DEC22-28000-C", "index_price": 16677.32, "direction": "sell", "amount": 0.2}, {"trade_seq": 2586, "trade_id": "234863618", "timestamp": 1668044761299, "tick_direction": 3, "price": 0.0045, "mark_price": 0.00459436, "iv": 80.08, "instrument_name": "BTC-30DEC22-28000-C", "index_price": 16160.35, "direction": "buy", "amount": 1.0}, {"trade_seq": 2585, "trade_id": "234811758", "timestamp": 1668037979406, "tick_direction": 2, "price": 0.005, "mark_price": 0.00537836, "iv": 83.72, "instrument_name": "BTC-30DEC22-28000-C", "index_price": 15850.09, "direction": "sell", "amount": 4.0}, {"trade_seq": 2584, "trade_id": "234799467", "timestamp": 1668036330066, "tick_direction": 3, "price": 0.0055, "mark_price": 0.00513385, "iv": 86.57, "instrument_name": "BTC-30DEC22-28000-C", "index_price": 15683.94, "direction": "buy", "amount": 1.0}, {"trade_seq": 2583, "trade_id": "234775733", "timestamp": 1668034531796, "tick_direction": 3, "price": 0.0055, "mark_price": 0.00516627, "iv": 84.4, "instrument_name": "BTC-30DEC22-28000-C", "index_price": 15961.89, "direction": "buy", "amount": 0.1}, {"trade_seq": 2582, "trade_id": "234753034", "timestamp": 1668031500403, "tick_direction": 2, "price": 0.0055, "mark_price": 0.00530603, "iv": 85.16, "instrument_name": "BTC-30DEC22-28000-C", "index_price": 15851.83, "direction": "sell", "amount": 0.1}, {"trade_seq": 2581, "trade_id": "234665266", "timestamp": 1668025328773, "tick_direction": 2, "price": 0.006, "mark_price": 0.00591295, "iv": 79.16, "instrument_name": "BTC-30DEC22-28000-C", "index_price": 16746.54, "direction": "sell", "amount": 0.1}, {"trade_seq": 2580, "trade_id": "234613168", "timestamp": 1668019151686, "tick_direction": 1, "price": 0.0065, "mark_price": 0.00601328, "iv": 81.46, "instrument_name": "BTC-30DEC22-28000-C", "index_price": 16591.31, "direction": "buy", "amount": 0.4}, {"trade_seq": 2579, "trade_id": "234613167", "timestamp": 1668019151658, "tick_direction": 1, "price": 0.0065, "mark_price": 0.00601328, "iv": 81.46, "instrument_name": "BTC-30DEC22-28000-C", "index_price": 16591.31, "direction": "buy", "amount": 0.1}, {"trade_seq": 2578, "trade_id": "234613166", "timestamp": 1668019151649, "tick_direction": 0, "price": 0.0065, "mark_price": 0.00601328, "iv": 81.46, "instrument_name": "BTC-30DEC22-28000-C", "index_price": 16591.31, "direction": "buy", "amount": 0.7}, {"trade_seq": 2577, "trade_id": "234604794", "timestamp": 1668018130853, "tick_direction": 1, "price": 0.006, "mark_price": 0.00578299, "iv": 78.6, "instrument_name": "BTC-30DEC22-28000-C", "index_price": 16809.43, "direction": "sell", "amount": 2.0}, {"trade_seq": 2576, "trade_id": "234604777", "timestamp": 1668018128851, "tick_direction": 0, "price": 0.006, "mark_price": 0.00578293, "iv": 78.59, "instrument_name": "BTC-30DEC22-28000-C", "index_price": 16811.91, "direction": "sell", "amount": 2.0}, {"trade_seq": 2575, "trade_id": "234585145", "timestamp": 1668015064799, "tick_direction": 2, "price": 0.0055, "mark_price": 0.00506004, "iv": 76.32, "instrument_name": "BTC-30DEC22-28000-C", "index_price": 16935.49, "direction": "buy", "amount": 4.0}, {"trade_seq": 2574, "trade_id": "234575965", "timestamp": 1668013418593, "tick_direction": 1, "price": 0.006, "mark_price": 0.00539306, "iv": 76.55, "instrument_name": "BTC-30DEC22-28000-C", "index_price": 17073.02, "direction": "buy", "amount": 0.2}, {"trade_seq": 2573, "trade_id": "234568632", "timestamp": 1668012169754, "tick_direction": 0, "price": 0.006, "mark_price": 0.00544201, "iv": 76.08, "instrument_name": "BTC-30DEC22-28000-C", "index_price": 17144.06, "direction": "buy", "amount": 1.5}, {"trade_seq": 2572, "trade_id": "234557017", "timestamp": 1668011213824, "tick_direction": 2, "price": 0.0045, "mark_price": 0.00504726, "iv": 72.7, "instrument_name": "BTC-30DEC22-28000-C", "index_price": 17045.23, "direction": "sell", "amount": 0.8}, {"trade_seq": 2571, "trade_id": "234556458", "timestamp": 1668011146019, "tick_direction": 3, "price": 0.005, "mark_price": 0.00513903, "iv": 73.9, "instrument_name": "BTC-30DEC22-28000-C", "index_price": 17078.74, "direction": "buy", "amount": 0.4}, {"trade_seq": 2570, "trade_id": "234556457", "timestamp": 1668011145980, "tick_direction": 2, "price": 0.005, "mark_price": 0.00513903, "iv": 73.9, "instrument_name": "BTC-30DEC22-28000-C", "index_price": 17078.37, "direction": "sell", "amount": 0.1}, {"trade_seq": 2569, "trade_id": "234541238", "timestamp": 1668009377443, "tick_direction": 1, "price": 0.0065, "mark_price": 0.00605644, "iv": 77.43, "instrument_name": "BTC-30DEC22-28000-C", "index_price": 17103.67, "direction": "buy", "amount": 0.1}, {"trade_seq": 2568, "trade_id": "234541237", "timestamp": 1668009377424, "tick_direction": 1, "price": 0.0065, "mark_price": 0.00605644, "iv": 77.43, "instrument_name": "BTC-30DEC22-28000-C", "index_price": 17103.67, "direction": "buy", "amount": 0.1}, {"trade_seq": 2567, "trade_id": "234541236", "timestamp": 1668009377403, "tick_direction": 1, "price": 0.0065, "mark_price": 0.00605644, "iv": 77.43, "instrument_name": "BTC-30DEC22-28000-C", "index_price": 17103.67, "direction": "buy", "amount": 0.1}, {"trade_seq": 2566, "trade_id": "234541235", "timestamp": 1668009377346, "tick_direction": 1, "price": 0.0065, "mark_price": 0.00605644, "iv": 77.43, "instrument_name": "BTC-30DEC22-28000-C", "index_price": 17103.67, "direction": "buy", "amount": 0.1}, {"trade_seq": 2565, "trade_id": "234541039", "timestamp": 1668009361867, "tick_direction": 1, "price": 0.0065, "mark_price": 0.00602729, "iv": 77.27, "instrument_name": "BTC-30DEC22-28000-C", "index_price": 17126.62, "direction": "buy", "amount": 0.1}, {"trade_seq": 2564, "trade_id": "234541038", "timestamp": 1668009361622, "tick_direction": 1, "price": 0.0065, "mark_price": 0.00602729, "iv": 77.27, "instrument_name": "BTC-30DEC22-28000-C", "index_price": 17126.62, "direction": "buy", "amount": 0.1}, {"trade_seq": 2563, "trade_id": "234541035", "timestamp": 1668009361183, "tick_direction": 1, "price": 0.0065, "mark_price": 0.00600967, "iv": 77.27, "instrument_name": "BTC-30DEC22-28000-C", "index_price": 17126.62, "direction": "buy", "amount": 0.1}, {"trade_seq": 2562, "trade_id": "234541031", "timestamp": 1668009360868, "tick_direction": 1, "price": 0.0065, "mark_price": 0.00600967, "iv": 77.29, "instrument_name": "BTC-30DEC22-28000-C", "index_price": 17123.67, "direction": "buy", "amount": 0.1}, {"trade_seq": 2561, "trade_id": "234541030", "timestamp": 1668009360841, "tick_direction": 1, "price": 0.0065, "mark_price": 0.00600967, "iv": 77.29, "instrument_name": "BTC-30DEC22-28000-C", "index_price": 17123.67, "direction": "buy", "amount": 0.1}, {"trade_seq": 2560, "trade_id": "234541026", "timestamp": 1668009360798, "tick_direction": 1, "price": 0.0065, "mark_price": 0.00600967, "iv": 77.29, "instrument_name": "BTC-30DEC22-28000-C", "index_price": 17123.67, "direction": "buy", "amount": 0.1}, {"trade_seq": 2559, "trade_id": "234541025", "timestamp": 1668009360785, "tick_direction": 1, "price": 0.0065, "mark_price": 0.00600967, "iv": 77.29, "instrument_name": "BTC-30DEC22-28000-C", "index_price": 17123.67, "direction": "buy", "amount": 0.1}, {"trade_seq": 2558, "trade_id": "234531119", "timestamp": 1668008690420, "tick_direction": 0, "price": 0.0065, "mark_price": 0.00520196, "iv": 76.78, "instrument_name": "BTC-30DEC22-28000-C", "index_price": 17206.71, "direction": "sell", "amount": 3.0}, {"trade_seq": 2557, "trade_id": "234508601", "timestamp": 1668007859400, "tick_direction": 3, "price": 0.006, "mark_price": 0.00576828, "iv": 72.42, "instrument_name": "BTC-30DEC22-28000-C", "index_price": 17655.16, "direction": "sell", "amount": 2.8}, {"trade_seq": 2556, "trade_id": "234508600", "timestamp": 1668007859398, "tick_direction": 2, "price": 0.006, "mark_price": 0.00576828, "iv": 72.42, "instrument_name": "BTC-30DEC22-28000-C", "index_price": 17655.16, "direction": "buy", "amount": 0.2}, {"trade_seq": 2555, "trade_id": "234488748", "timestamp": 1668003665475, "tick_direction": 0, "price": 0.0065, "mark_price": 0.00607105, "iv": 74.59, "instrument_name": "BTC-30DEC22-28000-C", "index_price": 17500.72, "direction": "sell", "amount": 4.0}, {"trade_seq": 2554, "trade_id": "234445084", "timestamp": 1667995426486, "tick_direction": 2, "price": 0.006, "mark_price": 0.00630345, "iv": 70.63, "instrument_name": "BTC-30DEC22-28000-C", "index_price": 17892.74, "direction": "sell", "amount": 2.1}, {"trade_seq": 2553, "trade_id": "234410205", "timestamp": 1667989576391, "tick_direction": 1, "price": 0.0065, "mark_price": 0.00654837, "iv": 75.33, "instrument_name": "BTC-30DEC22-28000-C", "index_price": 17363.61, "direction": "buy", "amount": 10.0}, {"trade_seq": 2552, "trade_id": "234389820", "timestamp": 1667988002074, "tick_direction": 0, "price": 0.0065, "mark_price": 0.00631248, "iv": 72.77, "instrument_name": "BTC-30DEC22-28000-C", "index_price": 17745.16, "direction": "buy", "amount": 0.1}, {"trade_seq": 2551, "trade_id": "234382441", "timestamp": 1667987125327, "tick_direction": 0, "price": 0.006, "mark_price": 0.00583301, "iv": 71.1, "instrument_name": "BTC-30DEC22-28000-C", "index_price": 17825.9, "direction": "buy", "amount": 0.1}, {"trade_seq": 2550, "trade_id": "234351041", "timestamp": 1667979921320, "tick_direction": 0, "price": 0.0053, "mark_price": 0.00475577, "iv": 66.52, "instrument_name": "BTC-30DEC22-28000-C", "index_price": 18246.62, "direction": "buy", "combo_id": "BTC-CS-30DEC22-24000_28000", "block_trade_id": "55401", "amount": 16.8}, {"trade_seq": 2549, "trade_id": "234335318", "timestamp": 1667972133979, "tick_direction": 1, "price": 0.0048, "mark_price": 0.00448963, "iv": 64.35, "instrument_name": "BTC-30DEC22-28000-C", "index_price": 18370.69, "direction": "buy", "combo_id": "BTC-CS-30DEC22-24000_28000", "block_trade_id": "55397", "amount": 22.5}, {"trade_seq": 2548, "trade_id": "234334885", "timestamp": 1667971908263, "tick_direction": 0, "price": 0.0048, "mark_price": 0.00447148, "iv": 64.53, "instrument_name": "BTC-30DEC22-28000-C", "index_price": 18348.1, "direction": "buy", "combo_id": "BTC-CS-30DEC22-24000_28000", "block_trade_id": "55396", "amount": 25.0}, {"trade_seq": 2547, "trade_id": "234326323", "timestamp": 1667967005273, "tick_direction": 0, "price": 0.0046, "mark_price": 0.00421888, "iv": 64.62, "instrument_name": "BTC-30DEC22-28000-C", "index_price": 18249.46, "direction": "buy", "block_trade_id": "55394", "amount": 11.0}, {"trade_seq": 2546, "trade_id": "234318796", "timestamp": 1667963086350, "tick_direction": 3, "price": 0.0045, "mark_price": 0.00416431, "iv": 65.13, "instrument_name": "BTC-30DEC22-28000-C", "index_price": 18119.95, "direction": "buy", "amount": 1.0}, {"trade_seq": 2545, "trade_id": "234317731", "timestamp": 1667962708413, "tick_direction": 3, "price": 0.0045, "mark_price": 0.00406789, "iv": 65.21, "instrument_name": "BTC-30DEC22-28000-C", "index_price": 18112.67, "direction": "buy", "amount": 0.5}, {"trade_seq": 2544, "trade_id": "234317726", "timestamp": 1667962703534, "tick_direction": 3, "price": 0.0045, "mark_price": 0.00407793, "iv": 65.2, "instrument_name": "BTC-30DEC22-28000-C", "index_price": 18115.79, "direction": "buy", "amount": 0.5}, {"trade_seq": 2543, "trade_id": "234316055", "timestamp": 1667961847854, "tick_direction": 3, "price": 0.0045, "mark_price": 0.00469876, "iv": 64.71, "instrument_name": "BTC-30DEC22-28000-C", "index_price": 18190.22, "direction": "sell", "amount": 1.0}, {"trade_seq": 2542, "trade_id": "234316054", "timestamp": 1667961847854, "tick_direction": 2, "price": 0.0045, "mark_price": 0.00469876, "iv": 64.71, "instrument_name": "BTC-30DEC22-28000-C", "index_price": 18190.22, "direction": "sell", "amount": 0.2}, {"trade_seq": 2541, "trade_id": "234315588", "timestamp": 1667961621301, "tick_direction": 3, "price": 0.005, "mark_price": 0.00477202, "iv": 65.94, "instrument_name": "BTC-30DEC22-28000-C", "index_price": 18199.04, "direction": "buy", "amount": 0.5}, {"trade_seq": 2540, "trade_id": "234315291", "timestamp": 1667961499203, "tick_direction": 2, "price": 0.005, "mark_price": 0.00492302, "iv": 65.64, "instrument_name": "BTC-30DEC22-28000-C", "index_price": 18240.15, "direction": "sell", "amount": 0.5}, {"trade_seq": 2539, "trade_id": "234293652", "timestamp": 1667949510126, "tick_direction": 2, "price": 0.0055, "mark_price": 0.00535236, "iv": 65.41, "instrument_name": "BTC-30DEC22-28000-C", "index_price": 18442.75, "direction": "sell", "amount": 0.2}, {"trade_seq": 2538, "trade_id": "234288815", "timestamp": 1667947743067, "tick_direction": 2, "price": 0.006, "mark_price": 0.00610749, "iv": 66.48, "instrument_name": "BTC-30DEC22-28000-C", "index_price": 18449.68, "direction": "sell", "amount": 1.0}, {"trade_seq": 2537, "trade_id": "234264417", "timestamp": 1667941651993, "tick_direction": 3, "price": 0.0065, "mark_price": 0.00615509, "iv": 68.58, "instrument_name": "BTC-30DEC22-28000-C", "index_price": 18294.99, "direction": "buy", "amount": 0.1}, {"trade_seq": 2536, "trade_id": "234264401", "timestamp": 1667941648624, "tick_direction": 3, "price": 0.0065, "mark_price": 0.0061555, "iv": 68.58, "instrument_name": "BTC-30DEC22-28000-C", "index_price": 18294.2, "direction": "buy", "amount": 0.1}, {"trade_seq": 2535, "trade_id": "234264399", "timestamp": 1667941648487, "tick_direction": 3, "price": 0.0065, "mark_price": 0.0061555, "iv": 68.58, "instrument_name": "BTC-30DEC22-28000-C", "index_price": 18294.2, "direction": "buy", "amount": 0.1}, {"trade_seq": 2534, "trade_id": "234264395", "timestamp": 1667941648097, "tick_direction": 3, "price": 0.0065, "mark_price": 0.00614874, "iv": 68.59, "instrument_name": "BTC-30DEC22-28000-C", "index_price": 18291.64, "direction": "buy", "amount": 0.1}, {"trade_seq": 2533, "trade_id": "234264394", "timestamp": 1667941647401, "tick_direction": 3, "price": 0.0065, "mark_price": 0.00614874, "iv": 68.59, "instrument_name": "BTC-30DEC22-28000-C", "index_price": 18291.64, "direction": "buy", "amount": 0.1}, {"trade_seq": 2532, "trade_id": "234264393", "timestamp": 1667941647207, "tick_direction": 3, "price": 0.0065, "mark_price": 0.00613289, "iv": 68.63, "instrument_name": "BTC-30DEC22-28000-C", "index_price": 18286.37, "direction": "buy", "amount": 0.2}, {"trade_seq": 2531, "trade_id": "234264391", "timestamp": 1667941647187, "tick_direction": 3, "price": 0.0065, "mark_price": 0.00613289, "iv": 68.63, "instrument_name": "BTC-30DEC22-28000-C", "index_price": 18286.37, "direction": "buy", "amount": 0.3}, {"trade_seq": 2530, "trade_id": "234264368", "timestamp": 1667941646997, "tick_direction": 3, "price": 0.0065, "mark_price": 0.00613289, "iv": 68.63, "instrument_name": "BTC-30DEC22-28000-C", "index_price": 18286.37, "direction": "buy", "amount": 0.3}, {"trade_seq": 2529, "trade_id": "234264367", "timestamp": 1667941646980, "tick_direction": 2, "price": 0.0065, "mark_price": 0.00613289, "iv": 68.63, "instrument_name": "BTC-30DEC22-28000-C", "index_price": 18286.37, "direction": "buy", "amount": 0.5}, {"trade_seq": 2528, "trade_id": "234254336", "timestamp": 1667940090137, "tick_direction": 3, "price": 0.008, "mark_price": 0.00856488, "iv": 71.87, "instrument_name": "BTC-30DEC22-28000-C", "index_price": 18254.2, "direction": "sell", "amount": 4.8}, {"trade_seq": 2527, "trade_id": "234254330", "timestamp": 1667940089636, "tick_direction": 2, "price": 0.008, "mark_price": 0.00856488, "iv": 71.87, "instrument_name": "BTC-30DEC22-28000-C", "index_price": 18254.2, "direction": "sell", "amount": 4.9}, {"trade_seq": 2526, "trade_id": "234244115", "timestamp": 1667938674850, "tick_direction": 2, "price": 0.0095, "mark_price": 0.00944, "iv": 75.07, "instrument_name": "BTC-30DEC22-28000-C", "index_price": 18191.26, "direction": "sell", "amount": 0.3}, {"trade_seq": 2525, "trade_id": "234226533", "timestamp": 1667937066787, "tick_direction": 0, "price": 0.0105, "mark_price": 0.01060299, "iv": 74.98, "instrument_name": "BTC-30DEC22-28000-C", "index_price": 18473.68, "direction": "sell", "amount": 0.1}, {"trade_seq": 2524, "trade_id": "234202349", "timestamp": 1667936089084, "tick_direction": 1, "price": 0.009, "mark_price": 0.00970429, "iv": 76.19, "instrument_name": "BTC-30DEC22-28000-C", "index_price": 17952.17, "direction": "buy", "amount": 0.1}, {"trade_seq": 2523, "trade_id": "234163506", "timestamp": 1667934865133, "tick_direction": 1, "price": 0.009, "mark_price": 0.00878789, "iv": 71.95, "instrument_name": "BTC-30DEC22-28000-C", "index_price": 18481.77, "direction": "sell", "amount": 0.9}, {"trade_seq": 2522, "trade_id": "234163505", "timestamp": 1667934865122, "tick_direction": 1, "price": 0.009, "mark_price": 0.00878789, "iv": 71.95, "instrument_name": "BTC-30DEC22-28000-C", "index_price": 18481.77, "direction": "sell", "amount": 0.1}, {"trade_seq": 2521, "trade_id": "234162023", "timestamp": 1667934699239, "tick_direction": 1, "price": 0.009, "mark_price": 0.00861444, "iv": 71.74, "instrument_name": "BTC-30DEC22-28000-C", "index_price": 18513.82, "direction": "sell", "amount": 0.2}, {"trade_seq": 2520, "trade_id": "234161768", "timestamp": 1667934678308, "tick_direction": 1, "price": 0.009, "mark_price": 0.00844964, "iv": 71.73, "instrument_name": "BTC-30DEC22-28000-C", "index_price": 18517.81, "direction": "sell", "amount": 0.2}, {"trade_seq": 2519, "trade_id": "234161749", "timestamp": 1667934671905, "tick_direction": 1, "price": 0.009, "mark_price": 0.00837175, "iv": 71.79, "instrument_name": "BTC-30DEC22-28000-C", "index_price": 18509.51, "direction": "buy", "amount": 0.2}, {"trade_seq": 2518, "trade_id": "234146547", "timestamp": 1667932423161, "tick_direction": 0, "price": 0.009, "mark_price": 0.00904917, "iv": 68.66, "instrument_name": "BTC-30DEC22-28000-C", "index_price": 18953.25, "direction": "buy", "amount": 0.2}, {"trade_seq": 2517, "trade_id": "234136725", "timestamp": 1667931756997, "tick_direction": 3, "price": 0.008, "mark_price": 0.00834972, "iv": 67.49, "instrument_name": "BTC-30DEC22-28000-C", "index_price": 18875.8, "direction": "buy", "amount": 0.1}, {"trade_seq": 2516, "trade_id": "234123011", "timestamp": 1667931049562, "tick_direction": 3, "price": 0.008, "mark_price": 0.00778603, "iv": 67.03, "instrument_name": "BTC-30DEC22-28000-C", "index_price": 18946.55, "direction": "buy", "amount": 0.1}, {"trade_seq": 2515, "trade_id": "234089143", "timestamp": 1667928112144, "tick_direction": 2, "price": 0.008, "mark_price": 0.0079496, "iv": 60.59, "instrument_name": "BTC-30DEC22-28000-C", "index_price": 19867.79, "direction": "sell", "amount": 0.1}, {"trade_seq": 2514, "trade_id": "234079533", "timestamp": 1667926767903, "tick_direction": 1, "price": 0.009, "mark_price": 0.00879527, "iv": 58.98, "instrument_name": "BTC-30DEC22-28000-C", "index_price": 20369.15, "direction": "buy", "amount": 0.2}, {"trade_seq": 2513, "trade_id": "234079532", "timestamp": 1667926767894, "tick_direction": 1, "price": 0.009, "mark_price": 0.00879527, "iv": 58.98, "instrument_name": "BTC-30DEC22-28000-C", "index_price": 20369.15, "direction": "buy", "amount": 0.1}, {"trade_seq": 2512, "trade_id": "234079531", "timestamp": 1667926767887, "tick_direction": 1, "price": 0.009, "mark_price": 0.00879527, "iv": 58.98, "instrument_name": "BTC-30DEC22-28000-C", "index_price": 20369.15, "direction": "buy", "amount": 0.3}, {"trade_seq": 2511, "trade_id": "234079530", "timestamp": 1667926767870, "tick_direction": 1, "price": 0.009, "mark_price": 0.00879527, "iv": 58.98, "instrument_name": "BTC-30DEC22-28000-C", "index_price": 20369.15, "direction": "buy", "amount": 0.5}, {"trade_seq": 2510, "trade_id": "234079529", "timestamp": 1667926767534, "tick_direction": 1, "price": 0.009, "mark_price": 0.00879527, "iv": 58.94, "instrument_name": "BTC-30DEC22-28000-C", "index_price": 20374.24, "direction": "buy", "amount": 0.5}, {"trade_seq": 2509, "trade_id": "234020724", "timestamp": 1667919050717, "tick_direction": 0, "price": 0.0075, "mark_price": 0.0073924, "iv": 62.88, "instrument_name": "BTC-30DEC22-28000-C", "index_price": 19392.12, "direction": "buy", "amount": 0.2}, {"trade_seq": 2508, "trade_id": "234017514", "timestamp": 1667918515024, "tick_direction": 1, "price": 0.007, "mark_price": 0.006866, "iv": 62.3, "instrument_name": "BTC-30DEC22-28000-C", "index_price": 19343.96, "direction": "sell", "amount": 0.1}, {"trade_seq": 2507, "trade_id": "234014765", "timestamp": 1667918205609, "tick_direction": 1, "price": 0.007, "mark_price": 0.00682881, "iv": 61.57, "instrument_name": "BTC-30DEC22-28000-C", "index_price": 19448.24, "direction": "sell", "amount": 0.1}, {"trade_seq": 2506, "trade_id": "234010549", "timestamp": 1667916607462, "tick_direction": 1, "price": 0.007, "mark_price": 0.00701349, "iv": 60.82, "instrument_name": "BTC-30DEC22-28000-C", "index_price": 19563.52, "direction": "sell", "amount": 0.1}, {"trade_seq": 2505, "trade_id": "234010229", "timestamp": 1667916484752, "tick_direction": 1, "price": 0.007, "mark_price": 0.0072821, "iv": 60.35, "instrument_name": "BTC-30DEC22-28000-C", "index_price": 19635.54, "direction": "sell", "amount": 0.5}, {"trade_seq": 2504, "trade_id": "234001019", "timestamp": 1667911875998, "tick_direction": 1, "price": 0.007, "mark_price": 0.00703844, "iv": 59.83, "instrument_name": "BTC-30DEC22-28000-C", "index_price": 19706.73, "direction": "buy", "amount": 0.1}, {"trade_seq": 2503, "trade_id": "233996397", "timestamp": 1667907550848, "tick_direction": 0, "price": 0.007, "mark_price": 0.00699456, "iv": 59.79, "instrument_name": "BTC-30DEC22-28000-C", "index_price": 19707.23, "direction": "buy", "amount": 0.2}, {"trade_seq": 2502, "trade_id": "233990093", "timestamp": 1667903377448, "tick_direction": 3, "price": 0.0065, "mark_price": 0.00680546, "iv": 58.64, "instrument_name": "BTC-30DEC22-28000-C", "index_price": 19734.52, "direction": "sell", "amount": 0.1}, {"trade_seq": 2501, "trade_id": "233988422", "timestamp": 1667901107118, "tick_direction": 2, "price": 0.0065, "mark_price": 0.0068232, "iv": 58.4, "instrument_name": "BTC-30DEC22-28000-C", "index_price": 19767.57, "direction": "sell", "amount": 0.2}, {"trade_seq": 2500, "trade_id": "233983036", "timestamp": 1667896242383, "tick_direction": 3, "price": 0.007, "mark_price": 0.00693047, "iv": 59.73, "instrument_name": "BTC-30DEC22-28000-C", "index_price": 19711.9, "direction": "buy", "amount": 0.1}, {"trade_seq": 2499, "trade_id": "233983012", "timestamp": 1667896235724, "tick_direction": 3, "price": 0.007, "mark_price": 0.00692216, "iv": 59.76, "instrument_name": "BTC-30DEC22-28000-C", "index_price": 19707.2, "direction": "buy", "amount": 0.1}, {"trade_seq": 2498, "trade_id": "233982999", "timestamp": 1667896226878, "tick_direction": 3, "price": 0.007, "mark_price": 0.00692848, "iv": 59.77, "instrument_name": "BTC-30DEC22-28000-C", "index_price": 19705.99, "direction": "buy", "amount": 3.8}, {"trade_seq": 2497, "trade_id": "233982695", "timestamp": 1667896061361, "tick_direction": 3, "price": 0.007, "mark_price": 0.00688498, "iv": 59.82, "instrument_name": "BTC-30DEC22-28000-C", "index_price": 19695.74, "direction": "buy", "amount": 1.0}, {"trade_seq": 2496, "trade_id": "233982694", "timestamp": 1667896051242, "tick_direction": 3, "price": 0.007, "mark_price": 0.0068819, "iv": 59.83, "instrument_name": "BTC-30DEC22-28000-C", "index_price": 19694.94, "direction": "buy", "amount": 5.0}, {"trade_seq": 2495, "trade_id": "233982480", "timestamp": 1667895797982, "tick_direction": 3, "price": 0.007, "mark_price": 0.00682894, "iv": 59.84, "instrument_name": "BTC-30DEC22-28000-C", "index_price": 19691.02, "direction": "buy", "amount": 0.1}, {"trade_seq": 2494, "trade_id": "233978855", "timestamp": 1667894008922, "tick_direction": 3, "price": 0.007, "mark_price": 0.00721829, "iv": 59.09, "instrument_name": "BTC-30DEC22-28000-C", "index_price": 19799.27, "direction": "sell", "amount": 1.7}, {"trade_seq": 2493, "trade_id": "233978854", "timestamp": 1667894008922, "tick_direction": 3, "price": 0.007, "mark_price": 0.00721829, "iv": 59.09, "instrument_name": "BTC-30DEC22-28000-C", "index_price": 19799.27, "direction": "sell", "amount": 2.3}, {"trade_seq": 2492, "trade_id": "233974870", "timestamp": 1667891598507, "tick_direction": 2, "price": 0.007, "mark_price": 0.00738865, "iv": 59.21, "instrument_name": "BTC-30DEC22-28000-C", "index_price": 19779.07, "direction": "sell", "amount": 0.2}, {"trade_seq": 2491, "trade_id": "233974138", "timestamp": 1667891019670, "tick_direction": 0, "price": 0.008, "mark_price": 0.00743527, "iv": 60.97, "instrument_name": "BTC-30DEC22-28000-C", "index_price": 19784.97, "direction": "buy", "amount": 0.9}, {"trade_seq": 2490, "trade_id": "233959861", "timestamp": 1667885550049, "tick_direction": 1, "price": 0.0075, "mark_price": 0.00771944, "iv": 61.17, "instrument_name": "BTC-30DEC22-28000-C", "index_price": 19614.17, "direction": "buy", "amount": 0.1}, {"trade_seq": 2489, "trade_id": "233959856", "timestamp": 1667885549729, "tick_direction": 1, "price": 0.0075, "mark_price": 0.00768566, "iv": 61.23, "instrument_name": "BTC-30DEC22-28000-C", "index_price": 19606.7, "direction": "buy", "amount": 0.1}, {"trade_seq": 2488, "trade_id": "233959855", "timestamp": 1667885549717, "tick_direction": 0, "price": 0.0075, "mark_price": 0.00768566, "iv": 61.23, "instrument_name": "BTC-30DEC22-28000-C", "index_price": 19606.7, "direction": "buy", "amount": 0.1}, {"trade_seq": 2487, "trade_id": "233944296", "timestamp": 1667883259974, "tick_direction": 0, "price": 0.007, "mark_price": 0.00700868, "iv": 59.75, "instrument_name": "BTC-30DEC22-28000-C", "index_price": 19691.2, "direction": "buy", "amount": 0.5}, {"trade_seq": 2486, "trade_id": "233933778", "timestamp": 1667881008802, "tick_direction": 2, "price": 0.006, "mark_price": 0.00649202, "iv": 57.87, "instrument_name": "BTC-30DEC22-28000-C", "index_price": 19684.37, "direction": "sell", "amount": 1.0}, {"trade_seq": 2485, "trade_id": "233933535", "timestamp": 1667880966981, "tick_direction": 3, "price": 0.0065, "mark_price": 0.00646257, "iv": 58.92, "instrument_name": "BTC-30DEC22-28000-C", "index_price": 19677.43, "direction": "buy", "amount": 0.3}, {"trade_seq": 2484, "trade_id": "233933424", "timestamp": 1667880952018, "tick_direction": 3, "price": 0.0065, "mark_price": 0.00645189, "iv": 58.94, "instrument_name": "BTC-30DEC22-28000-C", "index_price": 19670.94, "direction": "sell", "amount": 0.3}, {"trade_seq": 2483, "trade_id": "233933335", "timestamp": 1667880938765, "tick_direction": 3, "price": 0.0065, "mark_price": 0.00652522, "iv": 58.81, "instrument_name": "BTC-30DEC22-28000-C", "index_price": 19690.37, "direction": "buy", "amount": 0.3}, {"trade_seq": 2482, "trade_id": "233933237", "timestamp": 1667880925222, "tick_direction": 3, "price": 0.0065, "mark_price": 0.00644073, "iv": 58.89, "instrument_name": "BTC-30DEC22-28000-C", "index_price": 19680.56, "direction": "sell", "amount": 0.3}, {"trade_seq": 2481, "trade_id": "233933140", "timestamp": 1667880917612, "tick_direction": 3, "price": 0.0065, "mark_price": 0.0065065, "iv": 58.86, "instrument_name": "BTC-30DEC22-28000-C", "index_price": 19685.42, "direction": "buy", "amount": 0.2}, {"trade_seq": 2480, "trade_id": "233932266", "timestamp": 1667880832284, "tick_direction": 3, "price": 0.0065, "mark_price": 0.00647258, "iv": 58.83, "instrument_name": "BTC-30DEC22-28000-C", "index_price": 19688.65, "direction": "sell", "amount": 0.3}, {"trade_seq": 2479, "trade_id": "233932070", "timestamp": 1667880818876, "tick_direction": 3, "price": 0.0065, "mark_price": 0.00643871, "iv": 58.76, "instrument_name": "BTC-30DEC22-28000-C", "index_price": 19689.27, "direction": "sell", "amount": 0.3}, {"trade_seq": 2478, "trade_id": "233932034", "timestamp": 1667880814879, "tick_direction": 3, "price": 0.0065, "mark_price": 0.0064837, "iv": 58.75, "instrument_name": "BTC-30DEC22-28000-C", "index_price": 19701.99, "direction": "sell", "amount": 0.7}, {"trade_seq": 2477, "trade_id": "233931135", "timestamp": 1667880751362, "tick_direction": 3, "price": 0.0065, "mark_price": 0.00686989, "iv": 57.97, "instrument_name": "BTC-30DEC22-28000-C", "index_price": 19824.05, "direction": "sell", "amount": 7.2}, {"trade_seq": 2476, "trade_id": "233931134", "timestamp": 1667880751362, "tick_direction": 3, "price": 0.0065, "mark_price": 0.00686989, "iv": 57.97, "instrument_name": "BTC-30DEC22-28000-C", "index_price": 19824.05, "direction": "sell", "amount": 7.0}, {"trade_seq": 2475, "trade_id": "233929910", "timestamp": 1667880714966, "tick_direction": 3, "price": 0.0065, "mark_price": 0.00641875, "iv": 58.75, "instrument_name": "BTC-30DEC22-28000-C", "index_price": 19717.86, "direction": "buy", "amount": 0.9}, {"trade_seq": 2474, "trade_id": "233929447", "timestamp": 1667880708470, "tick_direction": 2, "price": 0.0065, "mark_price": 0.00613581, "iv": 59.26, "instrument_name": "BTC-30DEC22-28000-C", "index_price": 19649.33, "direction": "buy", "amount": 0.3}, {"trade_seq": 2473, "trade_id": "233923780", "timestamp": 1667880539501, "tick_direction": 3, "price": 0.0075, "mark_price": 0.00753239, "iv": 58.1, "instrument_name": "BTC-30DEC22-28000-C", "index_price": 20081.57, "direction": "sell", "amount": 0.2}, {"trade_seq": 2472, "trade_id": "233923526", "timestamp": 1667880525603, "tick_direction": 3, "price": 0.0075, "mark_price": 0.0073773, "iv": 58.01, "instrument_name": "BTC-30DEC22-28000-C", "index_price": 20096.48, "direction": "sell", "amount": 0.3}, {"trade_seq": 2471, "trade_id": "233923260", "timestamp": 1667880513312, "tick_direction": 3, "price": 0.0075, "mark_price": 0.00734422, "iv": 57.89, "instrument_name": "BTC-30DEC22-28000-C", "index_price": 20112.65, "direction": "buy", "amount": 0.1}, {"trade_seq": 2470, "trade_id": "233923252", "timestamp": 1667880513054, "tick_direction": 3, "price": 0.0075, "mark_price": 0.00734333, "iv": 57.89, "instrument_name": "BTC-30DEC22-28000-C", "index_price": 20112.65, "direction": "buy", "amount": 0.2}, {"trade_seq": 2469, "trade_id": "233923194", "timestamp": 1667880499093, "tick_direction": 3, "price": 0.0075, "mark_price": 0.00737142, "iv": 57.78, "instrument_name": "BTC-30DEC22-28000-C", "index_price": 20129.85, "direction": "buy", "amount": 0.1}, {"trade_seq": 2468, "trade_id": "233923193", "timestamp": 1667880499068, "tick_direction": 3, "price": 0.0075, "mark_price": 0.00737142, "iv": 57.78, "instrument_name": "BTC-30DEC22-28000-C", "index_price": 20129.85, "direction": "buy", "amount": 0.3}, {"trade_seq": 2467, "trade_id": "233923186", "timestamp": 1667880495429, "tick_direction": 3, "price": 0.0075, "mark_price": 0.00735282, "iv": 57.82, "instrument_name": "BTC-30DEC22-28000-C", "index_price": 20123.7, "direction": "buy", "amount": 0.2}, {"trade_seq": 2466, "trade_id": "233923168", "timestamp": 1667880494760, "tick_direction": 3, "price": 0.0075, "mark_price": 0.00733749, "iv": 57.84, "instrument_name": "BTC-30DEC22-28000-C", "index_price": 20123.7, "direction": "buy", "amount": 0.1}, {"trade_seq": 2465, "trade_id": "233918919", "timestamp": 1667879520770, "tick_direction": 3, "price": 0.0075, "mark_price": 0.00744875, "iv": 56.68, "instrument_name": "BTC-30DEC22-28000-C", "index_price": 20298.47, "direction": "buy", "amount": 0.2}, {"trade_seq": 2464, "trade_id": "233918763", "timestamp": 1667879402420, "tick_direction": 3, "price": 0.0075, "mark_price": 0.007352, "iv": 56.84, "instrument_name": "BTC-30DEC22-28000-C", "index_price": 20277.63, "direction": "buy", "amount": 0.2}, {"trade_seq": 2463, "trade_id": "233917437", "timestamp": 1667879178218, "tick_direction": 3, "price": 0.0075, "mark_price": 0.00742665, "iv": 56.65, "instrument_name": "BTC-30DEC22-28000-C", "index_price": 20307.15, "direction": "sell", "amount": 0.1}, {"trade_seq": 2462, "trade_id": "233917028", "timestamp": 1667879164838, "tick_direction": 3, "price": 0.0075, "mark_price": 0.00742995, "iv": 56.64, "instrument_name": "BTC-30DEC22-28000-C", "index_price": 20306.88, "direction": "sell", "amount": 0.3}, {"trade_seq": 2461, "trade_id": "233916969", "timestamp": 1667879151440, "tick_direction": 3, "price": 0.0075, "mark_price": 0.00747337, "iv": 56.56, "instrument_name": "BTC-30DEC22-28000-C", "index_price": 20320.82, "direction": "sell", "amount": 0.2}, {"trade_seq": 2460, "trade_id": "233916903", "timestamp": 1667879138056, "tick_direction": 3, "price": 0.0075, "mark_price": 0.00746358, "iv": 56.55, "instrument_name": "BTC-30DEC22-28000-C", "index_price": 20322.57, "direction": "sell", "amount": 0.2}, {"trade_seq": 2459, "trade_id": "233916879", "timestamp": 1667879126550, "tick_direction": 3, "price": 0.0075, "mark_price": 0.00742891, "iv": 56.64, "instrument_name": "BTC-30DEC22-28000-C", "index_price": 20310.55, "direction": "sell", "amount": 0.4}, {"trade_seq": 2458, "trade_id": "233916216", "timestamp": 1667879100171, "tick_direction": 3, "price": 0.0075, "mark_price": 0.00744283, "iv": 56.59, "instrument_name": "BTC-30DEC22-28000-C", "index_price": 20311.75, "direction": "sell", "amount": 0.2}, {"trade_seq": 2457, "trade_id": "233916175", "timestamp": 1667879092082, "tick_direction": 3, "price": 0.0075, "mark_price": 0.00748803, "iv": 56.5, "instrument_name": "BTC-30DEC22-28000-C", "index_price": 20325.34, "direction": "sell", "amount": 0.3}, {"trade_seq": 2456, "trade_id": "233916029", "timestamp": 1667879041022, "tick_direction": 2, "price": 0.0075, "mark_price": 0.00752788, "iv": 56.4, "instrument_name": "BTC-30DEC22-28000-C", "index_price": 20342.35, "direction": "sell", "amount": 0.3}, {"trade_seq": 2455, "trade_id": "233914802", "timestamp": 1667878059411, "tick_direction": 0, "price": 0.009, "mark_price": 0.00778655, "iv": 58.57, "instrument_name": "BTC-30DEC22-28000-C", "index_price": 20384.27, "direction": "sell", "block_trade_id": "55096", "amount": 2.6}, {"trade_seq": 2454, "trade_id": "233911873", "timestamp": 1667877212051, "tick_direction": 3, "price": 0.008, "mark_price": 0.0084386, "iv": 56.08, "instrument_name": "BTC-30DEC22-28000-C", "index_price": 20519.21, "direction": "sell", "amount": 0.1}, {"trade_seq": 2453, "trade_id": "233911872", "timestamp": 1667877212033, "tick_direction": 3, "price": 0.008, "mark_price": 0.0084386, "iv": 56.08, "instrument_name": "BTC-30DEC22-28000-C", "index_price": 20519.21, "direction": "sell", "amount": 0.1}, {"trade_seq": 2452, "trade_id": "233911871", "timestamp": 1667877212015, "tick_direction": 3, "price": 0.008, "mark_price": 0.0084386, "iv": 56.08, "instrument_name": "BTC-30DEC22-28000-C", "index_price": 20519.21, "direction": "sell", "amount": 0.1}, {"trade_seq": 2451, "trade_id": "233911870", "timestamp": 1667877211972, "tick_direction": 3, "price": 0.008, "mark_price": 0.0084386, "iv": 56.08, "instrument_name": "BTC-30DEC22-28000-C", "index_price": 20519.21, "direction": "sell", "amount": 0.1}, {"trade_seq": 2450, "trade_id": "233911869", "timestamp": 1667877211932, "tick_direction": 3, "price": 0.008, "mark_price": 0.0084386, "iv": 56.08, "instrument_name": "BTC-30DEC22-28000-C", "index_price": 20519.21, "direction": "sell", "amount": 0.1}, {"trade_seq": 2449, "trade_id": "233911868", "timestamp": 1667877211885, "tick_direction": 3, "price": 0.008, "mark_price": 0.0084386, "iv": 56.08, "instrument_name": "BTC-30DEC22-28000-C", "index_price": 20519.21, "direction": "sell", "amount": 0.1}, {"trade_seq": 2448, "trade_id": "233911862", "timestamp": 1667877210166, "tick_direction": 3, "price": 0.008, "mark_price": 0.00845382, "iv": 56.06, "instrument_name": "BTC-30DEC22-28000-C", "index_price": 20522.64, "direction": "sell", "amount": 0.1}, {"trade_seq": 2447, "trade_id": "233911861", "timestamp": 1667877209516, "tick_direction": 3, "price": 0.008, "mark_price": 0.00846821, "iv": 56.06, "instrument_name": "BTC-30DEC22-28000-C", "index_price": 20522.64, "direction": "sell", "amount": 0.1}, {"trade_seq": 2446, "trade_id": "233911860", "timestamp": 1667877209487, "tick_direction": 3, "price": 0.008, "mark_price": 0.00846821, "iv": 56.06, "instrument_name": "BTC-30DEC22-28000-C", "index_price": 20522.64, "direction": "sell", "amount": 0.1}, {"trade_seq": 2445, "trade_id": "233911852", "timestamp": 1667877206530, "tick_direction": 3, "price": 0.008, "mark_price": 0.00851024, "iv": 56.03, "instrument_name": "BTC-30DEC22-28000-C", "index_price": 20527.41, "direction": "sell", "amount": 0.1}, {"trade_seq": 2444, "trade_id": "233911851", "timestamp": 1667877206514, "tick_direction": 3, "price": 0.008, "mark_price": 0.00851024, "iv": 56.03, "instrument_name": "BTC-30DEC22-28000-C", "index_price": 20527.41, "direction": "sell", "amount": 0.1}, {"trade_seq": 2443, "trade_id": "233911850", "timestamp": 1667877206501, "tick_direction": 3, "price": 0.008, "mark_price": 0.00851024, "iv": 56.03, "instrument_name": "BTC-30DEC22-28000-C", "index_price": 20527.41, "direction": "sell", "amount": 0.1}, {"trade_seq": 2442, "trade_id": "233911849", "timestamp": 1667877206487, "tick_direction": 3, "price": 0.008, "mark_price": 0.00851024, "iv": 56.03, "instrument_name": "BTC-30DEC22-28000-C", "index_price": 20527.41, "direction": "sell", "amount": 0.1}, {"trade_seq": 2441, "trade_id": "233911848", "timestamp": 1667877206466, "tick_direction": 3, "price": 0.008, "mark_price": 0.00851024, "iv": 56.03, "instrument_name": "BTC-30DEC22-28000-C", "index_price": 20527.41, "direction": "sell", "amount": 0.2}, {"trade_seq": 2440, "trade_id": "233911847", "timestamp": 1667877206458, "tick_direction": 3, "price": 0.008, "mark_price": 0.00851024, "iv": 56.03, "instrument_name": "BTC-30DEC22-28000-C", "index_price": 20527.41, "direction": "sell", "amount": 0.1}, {"trade_seq": 2439, "trade_id": "233911846", "timestamp": 1667877206451, "tick_direction": 3, "price": 0.008, "mark_price": 0.00851024, "iv": 56.03, "instrument_name": "BTC-30DEC22-28000-C", "index_price": 20527.41, "direction": "sell", "amount": 0.1}, {"trade_seq": 2438, "trade_id": "233911845", "timestamp": 1667877206444, "tick_direction": 3, "price": 0.008, "mark_price": 0.00851024, "iv": 56.03, "instrument_name": "BTC-30DEC22-28000-C", "index_price": 20527.41, "direction": "sell", "amount": 0.1}, {"trade_seq": 2437, "trade_id": "233911844", "timestamp": 1667877206431, "tick_direction": 3, "price": 0.008, "mark_price": 0.00851024, "iv": 56.03, "instrument_name": "BTC-30DEC22-28000-C", "index_price": 20527.41, "direction": "sell", "amount": 0.1}, {"trade_seq": 2436, "trade_id": "233911843", "timestamp": 1667877206422, "tick_direction": 3, "price": 0.008, "mark_price": 0.00851024, "iv": 56.03, "instrument_name": "BTC-30DEC22-28000-C", "index_price": 20527.41, "direction": "sell", "amount": 0.1}, {"trade_seq": 2435, "trade_id": "233911842", "timestamp": 1667877206357, "tick_direction": 3, "price": 0.008, "mark_price": 0.00851024, "iv": 56.03, "instrument_name": "BTC-30DEC22-28000-C", "index_price": 20527.41, "direction": "sell", "amount": 0.1}, {"trade_seq": 2434, "trade_id": "233911839", "timestamp": 1667877206346, "tick_direction": 3, "price": 0.008, "mark_price": 0.00851024, "iv": 56.03, "instrument_name": "BTC-30DEC22-28000-C", "index_price": 20527.41, "direction": "sell", "amount": 0.1}, {"trade_seq": 2433, "trade_id": "233911838", "timestamp": 1667877206333, "tick_direction": 3, "price": 0.008, "mark_price": 0.00851024, "iv": 56.03, "instrument_name": "BTC-30DEC22-28000-C", "index_price": 20527.41, "direction": "sell", "amount": 0.2}, {"trade_seq": 2432, "trade_id": "233911834", "timestamp": 1667877204101, "tick_direction": 3, "price": 0.008, "mark_price": 0.00853129, "iv": 56.03, "instrument_name": "BTC-30DEC22-28000-C", "index_price": 20527.48, "direction": "sell", "amount": 0.1}, {"trade_seq": 2431, "trade_id": "233911833", "timestamp": 1667877204092, "tick_direction": 3, "price": 0.008, "mark_price": 0.00853129, "iv": 56.03, "instrument_name": "BTC-30DEC22-28000-C", "index_price": 20527.48, "direction": "sell", "amount": 0.1}, {"trade_seq": 2430, "trade_id": "233911832", "timestamp": 1667877204082, "tick_direction": 3, "price": 0.008, "mark_price": 0.00853129, "iv": 56.03, "instrument_name": "BTC-30DEC22-28000-C", "index_price": 20527.48, "direction": "sell", "amount": 0.1}, {"trade_seq": 2429, "trade_id": "233911831", "timestamp": 1667877204070, "tick_direction": 3, "price": 0.008, "mark_price": 0.00853129, "iv": 56.03, "instrument_name": "BTC-30DEC22-28000-C", "index_price": 20527.48, "direction": "sell", "amount": 0.2}, {"trade_seq": 2428, "trade_id": "233911830", "timestamp": 1667877202204, "tick_direction": 3, "price": 0.008, "mark_price": 0.00856336, "iv": 56.02, "instrument_name": "BTC-30DEC22-28000-C", "index_price": 20529.45, "direction": "sell", "amount": 0.1}, {"trade_seq": 2427, "trade_id": "233911829", "timestamp": 1667877202192, "tick_direction": 3, "price": 0.008, "mark_price": 0.00856336, "iv": 56.02, "instrument_name": "BTC-30DEC22-28000-C", "index_price": 20529.45, "direction": "sell", "amount": 0.1}, {"trade_seq": 2426, "trade_id": "233911828", "timestamp": 1667877202175, "tick_direction": 2, "price": 0.008, "mark_price": 0.00856336, "iv": 56.02, "instrument_name": "BTC-30DEC22-28000-C", "index_price": 20529.45, "direction": "sell", "amount": 0.2}, {"trade_seq": 2425, "trade_id": "233911782", "timestamp": 1667877166139, "tick_direction": 0, "price": 0.0086, "mark_price": 0.00870959, "iv": 57.04, "instrument_name": "BTC-30DEC22-28000-C", "index_price": 20521.16, "direction": "sell", "block_trade_id": "55094", "amount": 27.0}, {"trade_seq": 2424, "trade_id": "233893080", "timestamp": 1667859097219, "tick_direction": 3, "price": 0.0095, "mark_price": 0.00978094, "iv": 57.28, "instrument_name": "BTC-30DEC22-28000-C", "index_price": 20669.88, "direction": "sell", "amount": 86.8}, {"trade_seq": 2423, "trade_id": "233891852", "timestamp": 1667857323089, "tick_direction": 3, "price": 0.0095, "mark_price": 0.00930297, "iv": 57.62, "instrument_name": "BTC-30DEC22-28000-C", "index_price": 20622.04, "direction": "sell", "amount": 0.1}, {"trade_seq": 2422, "trade_id": "233891850", "timestamp": 1667857323072, "tick_direction": 3, "price": 0.0095, "mark_price": 0.00930297, "iv": 57.62, "instrument_name": "BTC-30DEC22-28000-C", "index_price": 20622.04, "direction": "sell", "amount": 0.1}, {"trade_seq": 2421, "trade_id": "233884336", "timestamp": 1667847395897, "tick_direction": 3, "price": 0.0095, "mark_price": 0.00973419, "iv": 56.94, "instrument_name": "BTC-30DEC22-28000-C", "index_price": 20708.05, "direction": "sell", "amount": 2.0}, {"trade_seq": 2420, "trade_id": "233884228", "timestamp": 1667846757108, "tick_direction": 3, "price": 0.0095, "mark_price": 0.00976242, "iv": 56.89, "instrument_name": "BTC-30DEC22-28000-C", "index_price": 20714.72, "direction": "sell", "amount": 0.1}, {"trade_seq": 2419, "trade_id": "233884227", "timestamp": 1667846757097, "tick_direction": 3, "price": 0.0095, "mark_price": 0.00976242, "iv": 56.89, "instrument_name": "BTC-30DEC22-28000-C", "index_price": 20714.72, "direction": "sell", "amount": 0.1}, {"trade_seq": 2418, "trade_id": "233884226", "timestamp": 1667846757089, "tick_direction": 3, "price": 0.0095, "mark_price": 0.00976242, "iv": 56.89, "instrument_name": "BTC-30DEC22-28000-C", "index_price": 20714.72, "direction": "sell", "amount": 0.1}, {"trade_seq": 2417, "trade_id": "233884225", "timestamp": 1667846757080, "tick_direction": 3, "price": 0.0095, "mark_price": 0.00976242, "iv": 56.89, "instrument_name": "BTC-30DEC22-28000-C", "index_price": 20714.72, "direction": "sell", "amount": 0.2}, {"trade_seq": 2416, "trade_id": "233884224", "timestamp": 1667846757071, "tick_direction": 3, "price": 0.0095, "mark_price": 0.00976242, "iv": 56.89, "instrument_name": "BTC-30DEC22-28000-C", "index_price": 20714.72, "direction": "sell", "amount": 0.3}, {"trade_seq": 2415, "trade_id": "233884223", "timestamp": 1667846757059, "tick_direction": 3, "price": 0.0095, "mark_price": 0.00976242, "iv": 56.89, "instrument_name": "BTC-30DEC22-28000-C", "index_price": 20714.72, "direction": "sell", "amount": 0.4}, {"trade_seq": 2414, "trade_id": "233884222", "timestamp": 1667846756409, "tick_direction": 3, "price": 0.0095, "mark_price": 0.00976242, "iv": 56.89, "instrument_name": "BTC-30DEC22-28000-C", "index_price": 20714.72, "direction": "sell", "amount": 0.3}, {"trade_seq": 2413, "trade_id": "233884221", "timestamp": 1667846756385, "tick_direction": 3, "price": 0.0095, "mark_price": 0.00976242, "iv": 56.89, "instrument_name": "BTC-30DEC22-28000-C", "index_price": 20714.72, "direction": "sell", "amount": 0.5}, {"trade_seq": 2412, "trade_id": "233884220", "timestamp": 1667846753013, "tick_direction": 3, "price": 0.0095, "mark_price": 0.00976407, "iv": 56.89, "instrument_name": "BTC-30DEC22-28000-C", "index_price": 20714.78, "direction": "sell", "amount": 0.1}, {"trade_seq": 2411, "trade_id": "233884219", "timestamp": 1667846746897, "tick_direction": 3, "price": 0.0095, "mark_price": 0.00976655, "iv": 56.89, "instrument_name": "BTC-30DEC22-28000-C", "index_price": 20715.32, "direction": "sell", "amount": 0.1}, {"trade_seq": 2410, "trade_id": "233884198", "timestamp": 1667846643270, "tick_direction": 3, "price": 0.0095, "mark_price": 0.00972302, "iv": 56.95, "instrument_name": "BTC-30DEC22-28000-C", "index_price": 20705.97, "direction": "sell", "amount": 0.1}, {"trade_seq": 2409, "trade_id": "233884197", "timestamp": 1667846643260, "tick_direction": 3, "price": 0.0095, "mark_price": 0.00972302, "iv": 56.95, "instrument_name": "BTC-30DEC22-28000-C", "index_price": 20705.97, "direction": "sell", "amount": 0.1}, {"trade_seq": 2408, "trade_id": "233884196", "timestamp": 1667846643234, "tick_direction": 3, "price": 0.0095, "mark_price": 0.00972302, "iv": 56.95, "instrument_name": "BTC-30DEC22-28000-C", "index_price": 20705.97, "direction": "sell", "amount": 0.2}, {"trade_seq": 2407, "trade_id": "233882875", "timestamp": 1667843493036, "tick_direction": 3, "price": 0.0095, "mark_price": 0.00962267, "iv": 57.23, "instrument_name": "BTC-30DEC22-28000-C", "index_price": 20666.39, "direction": "sell", "amount": 0.1}, {"trade_seq": 2406, "trade_id": "233882868", "timestamp": 1667843478160, "tick_direction": 3, "price": 0.0095, "mark_price": 0.00962099, "iv": 57.23, "instrument_name": "BTC-30DEC22-28000-C", "index_price": 20664.21, "direction": "sell", "amount": 0.1}, {"trade_seq": 2405, "trade_id": "233882867", "timestamp": 1667843478074, "tick_direction": 3, "price": 0.0095, "mark_price": 0.00962099, "iv": 57.23, "instrument_name": "BTC-30DEC22-28000-C", "index_price": 20664.21, "direction": "sell", "amount": 0.1}, {"trade_seq": 2404, "trade_id": "233882862", "timestamp": 1667843476834, "tick_direction": 3, "price": 0.0095, "mark_price": 0.00964184, "iv": 57.22, "instrument_name": "BTC-30DEC22-28000-C", "index_price": 20665.74, "direction": "sell", "amount": 0.1}, {"trade_seq": 2403, "trade_id": "233882861", "timestamp": 1667843476805, "tick_direction": 3, "price": 0.0095, "mark_price": 0.00964184, "iv": 57.2, "instrument_name": "BTC-30DEC22-28000-C", "index_price": 20669.2, "direction": "sell", "amount": 0.1}, {"trade_seq": 2402, "trade_id": "233882860", "timestamp": 1667843476791, "tick_direction": 3, "price": 0.0095, "mark_price": 0.00964184, "iv": 57.2, "instrument_name": "BTC-30DEC22-28000-C", "index_price": 20669.2, "direction": "sell", "amount": 0.2}, {"trade_seq": 2401, "trade_id": "233882846", "timestamp": 1667843468647, "tick_direction": 3, "price": 0.0095, "mark_price": 0.0096411, "iv": 57.19, "instrument_name": "BTC-30DEC22-28000-C", "index_price": 20669.22, "direction": "sell", "amount": 0.1}, {"trade_seq": 2400, "trade_id": "233882821", "timestamp": 1667843424089, "tick_direction": 3, "price": 0.0095, "mark_price": 0.00966193, "iv": 57.15, "instrument_name": "BTC-30DEC22-28000-C", "index_price": 20676.39, "direction": "sell", "amount": 0.1}, {"trade_seq": 2399, "trade_id": "233882820", "timestamp": 1667843424074, "tick_direction": 3, "price": 0.0095, "mark_price": 0.00966193, "iv": 57.15, "instrument_name": "BTC-30DEC22-28000-C", "index_price": 20676.39, "direction": "sell", "amount": 0.1}, {"trade_seq": 2398, "trade_id": "233882819", "timestamp": 1667843424057, "tick_direction": 3, "price": 0.0095, "mark_price": 0.00966193, "iv": 57.15, "instrument_name": "BTC-30DEC22-28000-C", "index_price": 20676.39, "direction": "sell", "amount": 0.1}, {"trade_seq": 2397, "trade_id": "233882811", "timestamp": 1667843423760, "tick_direction": 3, "price": 0.0095, "mark_price": 0.00966349, "iv": 57.15, "instrument_name": "BTC-30DEC22-28000-C", "index_price": 20676.39, "direction": "sell", "amount": 0.1}, {"trade_seq": 2396, "trade_id": "233882809", "timestamp": 1667843417856, "tick_direction": 3, "price": 0.0095, "mark_price": 0.00966828, "iv": 57.14, "instrument_name": "BTC-30DEC22-28000-C", "index_price": 20677.37, "direction": "sell", "amount": 0.1}, {"trade_seq": 2395, "trade_id": "233882808", "timestamp": 1667843417832, "tick_direction": 3, "price": 0.0095, "mark_price": 0.00966828, "iv": 57.14, "instrument_name": "BTC-30DEC22-28000-C", "index_price": 20677.37, "direction": "sell", "amount": 0.1}, {"trade_seq": 2394, "trade_id": "233880960", "timestamp": 1667839960002, "tick_direction": 3, "price": 0.0095, "mark_price": 0.00929072, "iv": 56.97, "instrument_name": "BTC-30DEC22-28000-C", "index_price": 20703.57, "direction": "sell", "amount": 2.0}, {"trade_seq": 2393, "trade_id": "233880905", "timestamp": 1667839882811, "tick_direction": 3, "price": 0.0095, "mark_price": 0.00926921, "iv": 56.9, "instrument_name": "BTC-30DEC22-28000-C", "index_price": 20713.12, "direction": "buy", "amount": 5.0}, {"trade_seq": 2392, "trade_id": "233865788", "timestamp": 1667822698867, "tick_direction": 2, "price": 0.0095, "mark_price": 0.01001048, "iv": 56.65, "instrument_name": "BTC-30DEC22-28000-C", "index_price": 20737.11, "direction": "sell", "amount": 1.0}, {"trade_seq": 2391, "trade_id": "233862998", "timestamp": 1667817104234, "tick_direction": 1, "price": 0.01, "mark_price": 0.00999808, "iv": 57.05, "instrument_name": "BTC-30DEC22-28000-C", "index_price": 20779.67, "direction": "buy", "amount": 0.1}, {"trade_seq": 2390, "trade_id": "233862997", "timestamp": 1667817102206, "tick_direction": 1, "price": 0.01, "mark_price": 0.00999317, "iv": 57.05, "instrument_name": "BTC-30DEC22-28000-C", "index_price": 20778.99, "direction": "buy", "amount": 0.1}, {"trade_seq": 2389, "trade_id": "233862719", "timestamp": 1667816529192, "tick_direction": 1, "price": 0.01, "mark_price": 0.00989823, "iv": 57.08, "instrument_name": "BTC-30DEC22-28000-C", "index_price": 20770.0, "direction": "buy", "amount": 0.1}, {"trade_seq": 2388, "trade_id": "233860731", "timestamp": 1667813621713, "tick_direction": 0, "price": 0.01, "mark_price": 0.00971423, "iv": 57.24, "instrument_name": "BTC-30DEC22-28000-C", "index_price": 20747.93, "direction": "buy", "amount": 0.2}, {"trade_seq": 2387, "trade_id": "233860058", "timestamp": 1667812382954, "tick_direction": 1, "price": 0.0095, "mark_price": 0.00939346, "iv": 56.55, "instrument_name": "BTC-30DEC22-28000-C", "index_price": 20738.27, "direction": "buy", "amount": 38.0}, {"trade_seq": 2386, "trade_id": "233859261", "timestamp": 1667811632424, "tick_direction": 1, "price": 0.0095, "mark_price": 0.00933999, "iv": 56.75, "instrument_name": "BTC-30DEC22-28000-C", "index_price": 20707.91, "direction": "buy", "amount": 1.0}, {"trade_seq": 2385, "trade_id": "233858720", "timestamp": 1667810797224, "tick_direction": 1, "price": 0.0095, "mark_price": 0.00932439, "iv": 56.83, "instrument_name": "BTC-30DEC22-28000-C", "index_price": 20695.34, "direction": "buy", "amount": 5.0}, {"trade_seq": 2384, "trade_id": "233855557", "timestamp": 1667808675797, "tick_direction": 1, "price": 0.0095, "mark_price": 0.00893675, "iv": 56.94, "instrument_name": "BTC-30DEC22-28000-C", "index_price": 20679.99, "direction": "buy", "amount": 0.2}, {"trade_seq": 2383, "trade_id": "233855556", "timestamp": 1667808675797, "tick_direction": 1, "price": 0.0095, "mark_price": 0.00893675, "iv": 56.94, "instrument_name": "BTC-30DEC22-28000-C", "index_price": 20679.99, "direction": "buy", "amount": 0.8}, {"trade_seq": 2382, "trade_id": "233855554", "timestamp": 1667808674635, "tick_direction": 1, "price": 0.0095, "mark_price": 0.00892863, "iv": 56.95, "instrument_name": "BTC-30DEC22-28000-C", "index_price": 20679.28, "direction": "buy", "amount": 1.0}, {"trade_seq": 2381, "trade_id": "233855552", "timestamp": 1667808673495, "tick_direction": 1, "price": 0.0095, "mark_price": 0.00892846, "iv": 56.94, "instrument_name": "BTC-30DEC22-28000-C", "index_price": 20680.4, "direction": "buy", "amount": 1.0}, {"trade_seq": 2380, "trade_id": "233855551", "timestamp": 1667808672402, "tick_direction": 1, "price": 0.0095, "mark_price": 0.00892672, "iv": 56.94, "instrument_name": "BTC-30DEC22-28000-C", "index_price": 20680.28, "direction": "buy", "amount": 1.0}, {"trade_seq": 2379, "trade_id": "233855549", "timestamp": 1667808671239, "tick_direction": 1, "price": 0.0095, "mark_price": 0.00892693, "iv": 56.94, "instrument_name": "BTC-30DEC22-28000-C", "index_price": 20679.82, "direction": "buy", "amount": 1.0}, {"trade_seq": 2378, "trade_id": "233855548", "timestamp": 1667808670133, "tick_direction": 0, "price": 0.0095, "mark_price": 0.00893095, "iv": 56.94, "instrument_name": "BTC-30DEC22-28000-C", "index_price": 20679.34, "direction": "buy", "amount": 1.0}, {"trade_seq": 2377, "trade_id": "233855270", "timestamp": 1667808501886, "tick_direction": 3, "price": 0.009, "mark_price": 0.00865587, "iv": 56.35, "instrument_name": "BTC-30DEC22-28000-C", "index_price": 20652.11, "direction": "buy", "amount": 2.9}, {"trade_seq": 2376, "trade_id": "233855269", "timestamp": 1667808501886, "tick_direction": 2, "price": 0.009, "mark_price": 0.00865587, "iv": 56.35, "instrument_name": "BTC-30DEC22-28000-C", "index_price": 20652.11, "direction": "buy", "amount": 3.0}, {"trade_seq": 2375, "trade_id": "233848121", "timestamp": 1667803215080, "tick_direction": 3, "price": 0.0095, "mark_price": 0.0093503, "iv": 55.48, "instrument_name": "BTC-30DEC22-28000-C", "index_price": 20890.94, "direction": "sell", "amount": 17.0}, {"trade_seq": 2374, "trade_id": "233848120", "timestamp": 1667803214944, "tick_direction": 2, "price": 0.0095, "mark_price": 0.0093503, "iv": 55.48, "instrument_name": "BTC-30DEC22-28000-C", "index_price": 20890.94, "direction": "buy", "amount": 8.0}, {"trade_seq": 2373, "trade_id": "233795465", "timestamp": 1667749974732, "tick_direction": 2, "price": 0.0105, "mark_price": 0.0109014, "iv": 54.17, "instrument_name": "BTC-30DEC22-28000-C", "index_price": 21258.57, "direction": "sell", "amount": 0.1}, {"trade_seq": 2372, "trade_id": "233793058", "timestamp": 1667746774680, "tick_direction": 1, "price": 0.011, "mark_price": 0.01046771, "iv": 55.06, "instrument_name": "BTC-30DEC22-28000-C", "index_price": 21224.5, "direction": "buy", "amount": 6.0}, {"trade_seq": 2371, "trade_id": "233793057", "timestamp": 1667746773822, "tick_direction": 1, "price": 0.011, "mark_price": 0.01046732, "iv": 55.06, "instrument_name": "BTC-30DEC22-28000-C", "index_price": 21224.4, "direction": "buy", "amount": 5.9}, {"trade_seq": 2370, "trade_id": "233793056", "timestamp": 1667746773822, "tick_direction": 1, "price": 0.011, "mark_price": 0.01046732, "iv": 55.06, "instrument_name": "BTC-30DEC22-28000-C", "index_price": 21224.4, "direction": "buy", "amount": 6.0}, {"trade_seq": 2369, "trade_id": "233793025", "timestamp": 1667746590188, "tick_direction": 1, "price": 0.011, "mark_price": 0.01046337, "iv": 55.05, "instrument_name": "BTC-30DEC22-28000-C", "index_price": 21224.91, "direction": "buy", "amount": 6.0}, {"trade_seq": 2368, "trade_id": "233793024", "timestamp": 1667746590188, "tick_direction": 1, "price": 0.011, "mark_price": 0.01046337, "iv": 55.05, "instrument_name": "BTC-30DEC22-28000-C", "index_price": 21224.91, "direction": "buy", "amount": 5.1}, {"trade_seq": 2367, "trade_id": "233791758", "timestamp": 1667744419195, "tick_direction": 1, "price": 0.011, "mark_price": 0.010813, "iv": 55.04, "instrument_name": "BTC-30DEC22-28000-C", "index_price": 21224.48, "direction": "buy", "amount": 2.0}, {"trade_seq": 2366, "trade_id": "233789420", "timestamp": 1667737997541, "tick_direction": 0, "price": 0.011, "mark_price": 0.01042228, "iv": 54.93, "instrument_name": "BTC-30DEC22-28000-C", "index_price": 21230.97, "direction": "buy", "amount": 0.3}, {"trade_seq": 2365, "trade_id": "233784172", "timestamp": 1667727221699, "tick_direction": 2, "price": 0.0105, "mark_price": 0.01100798, "iv": 53.9, "instrument_name": "BTC-30DEC22-28000-C", "index_price": 21266.98, "direction": "sell", "amount": 0.1}, {"trade_seq": 2364, "trade_id": "233777353", "timestamp": 1667719371767, "tick_direction": 3, "price": 0.0115, "mark_price": 0.01169805, "iv": 55.87, "instrument_name": "BTC-30DEC22-28000-C", "index_price": 21166.52, "direction": "sell", "amount": 4.5}, {"trade_seq": 2363, "trade_id": "233761525", "timestamp": 1667690072363, "tick_direction": 2, "price": 0.0115, "mark_price": 0.01170931, "iv": 55.06, "instrument_name": "BTC-30DEC22-28000-C", "index_price": 21270.79, "direction": "sell", "amount": 1.0}, {"trade_seq": 2362, "trade_id": "233727837", "timestamp": 1667643591991, "tick_direction": 2, "price": 0.011, "mark_price": 0.01153479, "iv": 53.82, "instrument_name": "BTC-30DEC22-28000-C", "index_price": 21316.65, "direction": "sell", "amount": 2.0}, {"trade_seq": 2361, "trade_id": "233703882", "timestamp": 1667620523587, "tick_direction": 3, "price": 0.0115, "mark_price": 0.01230443, "iv": 53.62, "instrument_name": "BTC-30DEC22-28000-C", "index_price": 21431.83, "direction": "sell", "amount": 2.0}, {"trade_seq": 2360, "trade_id": "233680785", "timestamp": 1667602903520, "tick_direction": 2, "price": 0.0115, "mark_price": 0.01179304, "iv": 55.15, "instrument_name": "BTC-30DEC22-28000-C", "index_price": 21190.32, "direction": "sell", "amount": 2.0}, {"trade_seq": 2359, "trade_id": "233675742", "timestamp": 1667598213260, "tick_direction": 2, "price": 0.0115, "mark_price": 0.01184276, "iv": 55.53, "instrument_name": "BTC-30DEC22-28000-C", "index_price": 21133.74, "direction": "sell", "amount": 1.0}, {"trade_seq": 2358, "trade_id": "233674398", "timestamp": 1667597095748, "tick_direction": 1, "price": 0.012, "mark_price": 0.01165749, "iv": 56.45, "instrument_name": "BTC-30DEC22-28000-C", "index_price": 21095.42, "direction": "buy", "amount": 1.0}, {"trade_seq": 2357, "trade_id": "233672193", "timestamp": 1667594593004, "tick_direction": 1, "price": 0.012, "mark_price": 0.0116604, "iv": 56.6, "instrument_name": "BTC-30DEC22-28000-C", "index_price": 21065.72, "direction": "buy", "amount": 0.5}, {"trade_seq": 2356, "trade_id": "233672192", "timestamp": 1667594593004, "tick_direction": 1, "price": 0.012, "mark_price": 0.0116604, "iv": 56.6, "instrument_name": "BTC-30DEC22-28000-C", "index_price": 21065.72, "direction": "buy", "amount": 0.5}, {"trade_seq": 2355, "trade_id": "233672191", "timestamp": 1667594591062, "tick_direction": 1, "price": 0.012, "mark_price": 0.01166289, "iv": 56.6, "instrument_name": "BTC-30DEC22-28000-C", "index_price": 21065.38, "direction": "buy", "amount": 1.0}, {"trade_seq": 2354, "trade_id": "233670443", "timestamp": 1667593652066, "tick_direction": 1, "price": 0.012, "mark_price": 0.01175991, "iv": 56.53, "instrument_name": "BTC-30DEC22-28000-C", "index_price": 21075.45, "direction": "buy", "amount": 0.5}, {"trade_seq": 2353, "trade_id": "233670427", "timestamp": 1667593633082, "tick_direction": 0, "price": 0.012, "mark_price": 0.01177539, "iv": 56.51, "instrument_name": "BTC-30DEC22-28000-C", "index_price": 21077.29, "direction": "buy", "amount": 0.2}, {"trade_seq": 2352, "trade_id": "233669313", "timestamp": 1667593135474, "tick_direction": 0, "price": 0.0115, "mark_price": 0.01175879, "iv": 55.94, "instrument_name": "BTC-30DEC22-28000-C", "index_price": 21070.51, "direction": "sell", "amount": 0.1}, {"trade_seq": 2351, "trade_id": "233656549", "timestamp": 1667586566271, "tick_direction": 3, "price": 0.011, "mark_price": 0.01098266, "iv": 56.29, "instrument_name": "BTC-30DEC22-28000-C", "index_price": 20895.42, "direction": "sell", "amount": 2.6}, {"trade_seq": 2350, "trade_id": "233656482", "timestamp": 1667586547263, "tick_direction": 3, "price": 0.011, "mark_price": 0.01104353, "iv": 56.18, "instrument_name": "BTC-30DEC22-28000-C", "index_price": 20911.19, "direction": "sell", "amount": 1.9}, {"trade_seq": 2349, "trade_id": "233643815", "timestamp": 1667579770856, "tick_direction": 2, "price": 0.011, "mark_price": 0.01103637, "iv": 56.78, "instrument_name": "BTC-30DEC22-28000-C", "index_price": 20814.73, "direction": "sell", "amount": 2.2}, {"trade_seq": 2348, "trade_id": "233639013", "timestamp": 1667578724429, "tick_direction": 3, "price": 0.0115, "mark_price": 0.0114276, "iv": 56.99, "instrument_name": "BTC-30DEC22-28000-C", "index_price": 20880.66, "direction": "sell", "amount": 1.0}, {"trade_seq": 2347, "trade_id": "233629957", "timestamp": 1667577326561, "tick_direction": 2, "price": 0.0115, "mark_price": 0.01163161, "iv": 56.65, "instrument_name": "BTC-30DEC22-28000-C", "index_price": 20933.21, "direction": "sell", "amount": 0.1}, {"trade_seq": 2346, "trade_id": "233620358", "timestamp": 1667575707546, "tick_direction": 2, "price": 0.012, "mark_price": 0.01203955, "iv": 56.0, "instrument_name": "BTC-30DEC22-28000-C", "index_price": 21123.56, "direction": "sell", "amount": 1.0}, {"trade_seq": 2345, "trade_id": "233614568", "timestamp": 1667574460906, "tick_direction": 2, "price": 0.0125, "mark_price": 0.0128129, "iv": 56.21, "instrument_name": "BTC-30DEC22-28000-C", "index_price": 21186.5, "direction": "sell", "amount": 4.6}, {"trade_seq": 2344, "trade_id": "233607643", "timestamp": 1667572996659, "tick_direction": 0, "price": 0.013, "mark_price": 0.01275395, "iv": 56.58, "instrument_name": "BTC-30DEC22-28000-C", "index_price": 21218.69, "direction": "sell", "amount": 2.7}, {"trade_seq": 2343, "trade_id": "233604103", "timestamp": 1667572438421, "tick_direction": 1, "price": 0.0125, "mark_price": 0.01231802, "iv": 56.48, "instrument_name": "BTC-30DEC22-28000-C", "index_price": 21141.46, "direction": "sell", "amount": 1.9}, {"trade_seq": 2342, "trade_id": "233603407", "timestamp": 1667572299524, "tick_direction": 0, "price": 0.0125, "mark_price": 0.01246266, "iv": 56.19, "instrument_name": "BTC-30DEC22-28000-C", "index_price": 21182.05, "direction": "sell", "amount": 1.7}, {"trade_seq": 2341, "trade_id": "233602499", "timestamp": 1667572186456, "tick_direction": 1, "price": 0.012, "mark_price": 0.01213973, "iv": 55.93, "instrument_name": "BTC-30DEC22-28000-C", "index_price": 21128.65, "direction": "sell", "amount": 1.9}, {"trade_seq": 2340, "trade_id": "233600931", "timestamp": 1667572029715, "tick_direction": 1, "price": 0.012, "mark_price": 0.01217494, "iv": 55.86, "instrument_name": "BTC-30DEC22-28000-C", "index_price": 21141.12, "direction": "sell", "amount": 2.9}, {"trade_seq": 2339, "trade_id": "233600930", "timestamp": 1667572029715, "tick_direction": 1, "price": 0.012, "mark_price": 0.01217494, "iv": 55.86, "instrument_name": "BTC-30DEC22-28000-C", "index_price": 21141.12, "direction": "sell", "amount": 2.8}, {"trade_seq": 2338, "trade_id": "233600929", "timestamp": 1667572029715, "tick_direction": 1, "price": 0.012, "mark_price": 0.01217494, "iv": 55.86, "instrument_name": "BTC-30DEC22-28000-C", "index_price": 21141.12, "direction": "sell", "amount": 1.3}, {"trade_seq": 2337, "trade_id": "233598612", "timestamp": 1667571811204, "tick_direction": 0, "price": 0.012, "mark_price": 0.01228546, "iv": 55.61, "instrument_name": "BTC-30DEC22-28000-C", "index_price": 21173.89, "direction": "buy", "amount": 0.2}, {"trade_seq": 2336, "trade_id": "233586090", "timestamp": 1667569257276, "tick_direction": 1, "price": 0.01, "mark_price": 0.00951208, "iv": 55.6, "instrument_name": "BTC-30DEC22-28000-C", "index_price": 20777.18, "direction": "buy", "amount": 1.0}, {"trade_seq": 2335, "trade_id": "233586077", "timestamp": 1667569255494, "tick_direction": 1, "price": 0.01, "mark_price": 0.00951473, "iv": 55.59, "instrument_name": "BTC-30DEC22-28000-C", "index_price": 20778.11, "direction": "buy", "amount": 1.0}, {"trade_seq": 2334, "trade_id": "233586076", "timestamp": 1667569253911, "tick_direction": 1, "price": 0.01, "mark_price": 0.00951555, "iv": 55.59, "instrument_name": "BTC-30DEC22-28000-C", "index_price": 20778.38, "direction": "buy", "amount": 1.0}, {"trade_seq": 2333, "trade_id": "233586075", "timestamp": 1667569252874, "tick_direction": 1, "price": 0.01, "mark_price": 0.00951624, "iv": 55.59, "instrument_name": "BTC-30DEC22-28000-C", "index_price": 20778.65, "direction": "buy", "amount": 1.0}, {"trade_seq": 2332, "trade_id": "233585355", "timestamp": 1667569066823, "tick_direction": 1, "price": 0.01, "mark_price": 0.00947033, "iv": 55.54, "instrument_name": "BTC-30DEC22-28000-C", "index_price": 20783.86, "direction": "buy", "amount": 1.0}, {"trade_seq": 2331, "trade_id": "233585337", "timestamp": 1667569062123, "tick_direction": 1, "price": 0.01, "mark_price": 0.00946378, "iv": 55.54, "instrument_name": "BTC-30DEC22-28000-C", "index_price": 20783.81, "direction": "buy", "amount": 1.0}, {"trade_seq": 2330, "trade_id": "233585329", "timestamp": 1667569060438, "tick_direction": 1, "price": 0.01, "mark_price": 0.00946335, "iv": 55.55, "instrument_name": "BTC-30DEC22-28000-C", "index_price": 20782.31, "direction": "buy", "amount": 1.0}, {"trade_seq": 2329, "trade_id": "233585322", "timestamp": 1667569058506, "tick_direction": 0, "price": 0.01, "mark_price": 0.00945578, "iv": 55.56, "instrument_name": "BTC-30DEC22-28000-C", "index_price": 20780.94, "direction": "buy", "amount": 1.0}, {"trade_seq": 2328, "trade_id": "233582625", "timestamp": 1667568484389, "tick_direction": 0, "price": 0.0095, "mark_price": 0.00938635, "iv": 54.37, "instrument_name": "BTC-30DEC22-28000-C", "index_price": 20853.75, "direction": "buy", "amount": 0.3}