{"trades": [{"trade_seq": 1609, "trade_id": "237548918", "timestamp": 1670767830058, "tick_direction": 0, "price": 0.0005, "mark_price": 5.9e-07, "iv": 182.04, "instrument_name": "BTC-30DEC22-55000-C", "index_price": 17149.08, "direction": "buy", "amount": 0.5}, {"trade_seq": 1608, "trade_id": "237034436", "timestamp": 1669850719533, "tick_direction": 2, "price": 0.0001, "mark_price": 3.542e-05, "iv": 126.73, "instrument_name": "BTC-30DEC22-55000-C", "index_price": 17163.36, "direction": "buy", "combo_id": "BTC-CS-30DEC22-40000_55000", "block_trade_id": "57858", "amount": 12.5}, {"trade_seq": 1607, "trade_id": "236587640", "timestamp": 1669167016804, "tick_direction": 1, "price": 0.0005, "mark_price": 9.491e-05, "iv": 135.19, "instrument_name": "BTC-30DEC22-55000-C", "index_price": 16167.88, "direction": "buy", "amount": 5.8}, {"trade_seq": 1606, "trade_id": "236587639", "timestamp": 1669167016804, "tick_direction": 1, "price": 0.0005, "mark_price": 9.491e-05, "iv": 135.19, "instrument_name": "BTC-30DEC22-55000-C", "index_price": 16167.88, "direction": "buy", "amount": 15.0}, {"trade_seq": 1605, "trade_id": "236587630", "timestamp": 1669167005909, "tick_direction": 1, "price": 0.0005, "mark_price": 9.491e-05, "iv": 135.2, "instrument_name": "BTC-30DEC22-55000-C", "index_price": 16165.36, "direction": "buy", "amount": 18.9}, {"trade_seq": 1604, "trade_id": "236587629", "timestamp": 1669167005909, "tick_direction": 1, "price": 0.0005, "mark_price": 9.491e-05, "iv": 135.2, "instrument_name": "BTC-30DEC22-55000-C", "index_price": 16165.36, "direction": "buy", "amount": 0.1}, {"trade_seq": 1603, "trade_id": "236587628", "timestamp": 1669167005909, "tick_direction": 0, "price": 0.0005, "mark_price": 9.491e-05, "iv": 135.2, "instrument_name": "BTC-30DEC22-55000-C", "index_price": 16165.36, "direction": "buy", "amount": 4.9}, {"trade_seq": 1602, "trade_id": "236577027", "timestamp": 1669148215355, "tick_direction": 2, "price": 0.0001, "mark_price": 9.749e-05, "iv": 117.88, "instrument_name": "BTC-30DEC22-55000-C", "index_price": 16146.83, "direction": "sell", "combo_trade_id": "236577025", "combo_id": "BTC-CS-30DEC22-45000_55000", "amount": 0.5}, {"trade_seq": 1601, "trade_id": "236533275", "timestamp": 1669101131518, "tick_direction": 3, "price": 0.0005, "mark_price": 8.063e-05, "iv": 136.74, "instrument_name": "BTC-30DEC22-55000-C", "index_price": 15680.05, "direction": "buy", "amount": 0.1}, {"trade_seq": 1600, "trade_id": "236105200", "timestamp": 1668583926028, "tick_direction": 3, "price": 0.0005, "mark_price": 0.00036644, "iv": 121.08, "instrument_name": "BTC-30DEC22-55000-C", "index_price": 16841.55, "direction": "sell", "amount": 0.2}, {"trade_seq": 1599, "trade_id": "236104239", "timestamp": 1668582609011, "tick_direction": 3, "price": 0.0005, "mark_price": 0.00036774, "iv": 121.04, "instrument_name": "BTC-30DEC22-55000-C", "index_price": 16848.08, "direction": "buy", "amount": 3.0}, {"trade_seq": 1598, "trade_id": "235691161", "timestamp": 1668332216546, "tick_direction": 3, "price": 0.0005, "mark_price": 0.00044196, "iv": 119.02, "instrument_name": "BTC-30DEC22-55000-C", "index_price": 16493.48, "direction": "sell", "amount": 0.1}, {"trade_seq": 1597, "trade_id": "235450321", "timestamp": 1668175160078, "tick_direction": 3, "price": 0.0005, "mark_price": 0.00014499, "iv": 112.97, "instrument_name": "BTC-30DEC22-55000-C", "index_price": 17273.4, "direction": "sell", "amount": 0.2}, {"trade_seq": 1596, "trade_id": "234757380", "timestamp": 1668031847712, "tick_direction": 3, "price": 0.0005, "mark_price": 5.185e-05, "iv": 119.06, "instrument_name": "BTC-30DEC22-55000-C", "index_price": 15661.0, "direction": "sell", "amount": 0.2}, {"trade_seq": 1595, "trade_id": "234551074", "timestamp": 1668010304288, "tick_direction": 3, "price": 0.0005, "mark_price": 6.404e-05, "iv": 110.39, "instrument_name": "BTC-30DEC22-55000-C", "index_price": 17206.46, "direction": "buy", "amount": 3.6}, {"trade_seq": 1594, "trade_id": "233953539", "timestamp": 1667884608004, "tick_direction": 3, "price": 0.0005, "mark_price": 0.00012614, "iv": 98.08, "instrument_name": "BTC-30DEC22-55000-C", "index_price": 19602.48, "direction": "buy", "amount": 0.4}, {"trade_seq": 1593, "trade_id": "233303637", "timestamp": 1667252138823, "tick_direction": 3, "price": 0.0005, "mark_price": 0.00036846, "iv": 88.75, "instrument_name": "BTC-30DEC22-55000-C", "index_price": 20410.44, "direction": "buy", "amount": 1.0}, {"trade_seq": 1592, "trade_id": "233083065", "timestamp": 1666963745672, "tick_direction": 3, "price": 0.0005, "mark_price": 0.00050507, "iv": 86.58, "instrument_name": "BTC-30DEC22-55000-C", "index_price": 20352.96, "direction": "buy", "amount": 5.0}, {"trade_seq": 1591, "trade_id": "232930745", "timestamp": 1666844893879, "tick_direction": 3, "price": 0.0005, "mark_price": 0.00072315, "iv": 84.07, "instrument_name": "BTC-30DEC22-55000-C", "index_price": 20789.63, "direction": "sell", "amount": 0.2}, {"trade_seq": 1590, "trade_id": "232742664", "timestamp": 1666730363276, "tick_direction": 3, "price": 0.0005, "mark_price": 0.00057209, "iv": 85.71, "instrument_name": "BTC-30DEC22-55000-C", "index_price": 20093.66, "direction": "sell", "amount": 0.1}, {"trade_seq": 1589, "trade_id": "232686903", "timestamp": 1666715755618, "tick_direction": 3, "price": 0.0005, "mark_price": 0.00046348, "iv": 86.66, "instrument_name": "BTC-30DEC22-55000-C", "index_price": 19820.11, "direction": "buy", "amount": 0.1}, {"trade_seq": 1588, "trade_id": "232645761", "timestamp": 1666695698687, "tick_direction": 3, "price": 0.0005, "mark_price": 0.00036961, "iv": 88.53, "instrument_name": "BTC-30DEC22-55000-C", "index_price": 19293.5, "direction": "buy", "amount": 0.1}, {"trade_seq": 1587, "trade_id": "232090330", "timestamp": 1665824016809, "tick_direction": 3, "price": 0.0005, "mark_price": 0.0007085, "iv": 83.17, "instrument_name": "BTC-30DEC22-55000-C", "index_price": 19083.8, "direction": "sell", "amount": 0.1}, {"trade_seq": 1586, "trade_id": "232090329", "timestamp": 1665824016809, "tick_direction": 3, "price": 0.0005, "mark_price": 0.0007085, "iv": 83.17, "instrument_name": "BTC-30DEC22-55000-C", "index_price": 19083.8, "direction": "sell", "amount": 3.5}, {"trade_seq": 1585, "trade_id": "232076785", "timestamp": 1665786272585, "tick_direction": 3, "price": 0.0005, "mark_price": 0.00071667, "iv": 82.83, "instrument_name": "BTC-30DEC22-55000-C", "index_price": 19121.86, "direction": "sell", "amount": 2.0}, {"trade_seq": 1584, "trade_id": "232026617", "timestamp": 1665751387691, "tick_direction": 3, "price": 0.0005, "mark_price": 0.00072456, "iv": 80.56, "instrument_name": "BTC-30DEC22-55000-C", "index_price": 19709.97, "direction": "sell", "amount": 0.5}, {"trade_seq": 1583, "trade_id": "232026616", "timestamp": 1665751387691, "tick_direction": 3, "price": 0.0005, "mark_price": 0.00072456, "iv": 80.56, "instrument_name": "BTC-30DEC22-55000-C", "index_price": 19709.97, "direction": "sell", "amount": 4.0}, {"trade_seq": 1582, "trade_id": "232026615", "timestamp": 1665751387691, "tick_direction": 3, "price": 0.0005, "mark_price": 0.00072456, "iv": 80.56, "instrument_name": "BTC-30DEC22-55000-C", "index_price": 19709.97, "direction": "sell", "amount": 2.0}, {"trade_seq": 1581, "trade_id": "232026614", "timestamp": 1665751387691, "tick_direction": 2, "price": 0.0005, "mark_price": 0.00072456, "iv": 80.56, "instrument_name": "BTC-30DEC22-55000-C", "index_price": 19709.97, "direction": "sell", "amount": 0.5}, {"trade_seq": 1580, "trade_id": "231890577", "timestamp": 1665670447029, "tick_direction": 1, "price": 0.001, "mark_price": 0.00073156, "iv": 90.65, "instrument_name": "BTC-30DEC22-55000-C", "index_price": 18479.99, "direction": "sell", "amount": 1.0}, {"trade_seq": 1579, "trade_id": "231890576", "timestamp": 1665670447026, "tick_direction": 1, "price": 0.001, "mark_price": 0.00073156, "iv": 90.65, "instrument_name": "BTC-30DEC22-55000-C", "index_price": 18479.99, "direction": "buy", "amount": 1.0}, {"trade_seq": 1578, "trade_id": "231890575", "timestamp": 1665670447026, "tick_direction": 1, "price": 0.001, "mark_price": 0.00073156, "iv": 90.65, "instrument_name": "BTC-30DEC22-55000-C", "index_price": 18479.99, "direction": "buy", "amount": 3.0}, {"trade_seq": 1577, "trade_id": "231688922", "timestamp": 1665480947574, "tick_direction": 1, "price": 0.001, "mark_price": 0.00071554, "iv": 87.09, "instrument_name": "BTC-30DEC22-55000-C", "index_price": 19079.1, "direction": "buy", "amount": 0.6}, {"trade_seq": 1576, "trade_id": "231688921", "timestamp": 1665480947574, "tick_direction": 0, "price": 0.001, "mark_price": 0.00071554, "iv": 87.09, "instrument_name": "BTC-30DEC22-55000-C", "index_price": 19079.1, "direction": "buy", "amount": 0.4}, {"trade_seq": 1575, "trade_id": "231578671", "timestamp": 1665385527352, "tick_direction": 3, "price": 0.0005, "mark_price": 0.0007237, "iv": 79.39, "instrument_name": "BTC-30DEC22-55000-C", "index_price": 19425.95, "direction": "sell", "amount": 0.5}, {"trade_seq": 1574, "trade_id": "231578155", "timestamp": 1665384867943, "tick_direction": 3, "price": 0.0005, "mark_price": 0.00071272, "iv": 79.52, "instrument_name": "BTC-30DEC22-55000-C", "index_price": 19381.93, "direction": "sell", "amount": 0.5}, {"trade_seq": 1573, "trade_id": "231577818", "timestamp": 1665384337702, "tick_direction": 3, "price": 0.0005, "mark_price": 0.00071754, "iv": 79.45, "instrument_name": "BTC-30DEC22-55000-C", "index_price": 19405.24, "direction": "sell", "amount": 0.5}, {"trade_seq": 1572, "trade_id": "231577329", "timestamp": 1665383409400, "tick_direction": 3, "price": 0.0005, "mark_price": 0.00071702, "iv": 79.37, "instrument_name": "BTC-30DEC22-55000-C", "index_price": 19427.35, "direction": "sell", "amount": 0.5}, {"trade_seq": 1571, "trade_id": "231577327", "timestamp": 1665383405179, "tick_direction": 3, "price": 0.0005, "mark_price": 0.00071712, "iv": 79.37, "instrument_name": "BTC-30DEC22-55000-C", "index_price": 19427.99, "direction": "sell", "amount": 0.5}, {"trade_seq": 1570, "trade_id": "231570217", "timestamp": 1665375722078, "tick_direction": 3, "price": 0.0005, "mark_price": 0.00071658, "iv": 79.28, "instrument_name": "BTC-30DEC22-55000-C", "index_price": 19440.21, "direction": "sell", "amount": 1.0}, {"trade_seq": 1569, "trade_id": "231523699", "timestamp": 1665297802527, "tick_direction": 3, "price": 0.0005, "mark_price": 0.00080743, "iv": 78.95, "instrument_name": "BTC-30DEC22-55000-C", "index_price": 19409.85, "direction": "sell", "amount": 1.0}, {"trade_seq": 1568, "trade_id": "231522481", "timestamp": 1665295066169, "tick_direction": 3, "price": 0.0005, "mark_price": 0.00076938, "iv": 78.93, "instrument_name": "BTC-30DEC22-55000-C", "index_price": 19411.77, "direction": "sell", "amount": 1.0}, {"trade_seq": 1567, "trade_id": "231520152", "timestamp": 1665289341903, "tick_direction": 2, "price": 0.0005, "mark_price": 0.00086383, "iv": 79.15, "instrument_name": "BTC-30DEC22-55000-C", "index_price": 19346.26, "direction": "sell", "amount": 1.0}, {"trade_seq": 1566, "trade_id": "231145974", "timestamp": 1664929237838, "tick_direction": 1, "price": 0.001, "mark_price": 0.00093822, "iv": 79.98, "instrument_name": "BTC-30DEC22-55000-C", "index_price": 20185.29, "direction": "sell", "amount": 0.2}, {"trade_seq": 1565, "trade_id": "231122722", "timestamp": 1664909839640, "tick_direction": 1, "price": 0.001, "mark_price": 0.0007266, "iv": 79.99, "instrument_name": "BTC-30DEC22-55000-C", "index_price": 20147.58, "direction": "buy", "amount": 9.8}, {"trade_seq": 1564, "trade_id": "231112869", "timestamp": 1664900781209, "tick_direction": 1, "price": 0.001, "mark_price": 0.00072261, "iv": 80.33, "instrument_name": "BTC-30DEC22-55000-C", "index_price": 20030.74, "direction": "buy", "amount": 4.5}, {"trade_seq": 1563, "trade_id": "230857969", "timestamp": 1664601678073, "tick_direction": 1, "price": 0.001, "mark_price": 0.00142843, "iv": 80.91, "instrument_name": "BTC-30DEC22-55000-C", "index_price": 19383.19, "direction": "sell", "amount": 0.1}, {"trade_seq": 1562, "trade_id": "230857828", "timestamp": 1664601460041, "tick_direction": 1, "price": 0.001, "mark_price": 0.00143314, "iv": 80.86, "instrument_name": "BTC-30DEC22-55000-C", "index_price": 19395.88, "direction": "sell", "amount": 0.1}, {"trade_seq": 1561, "trade_id": "230738222", "timestamp": 1664529806030, "tick_direction": 1, "price": 0.001, "mark_price": 0.00114194, "iv": 80.05, "instrument_name": "BTC-30DEC22-55000-C", "index_price": 19543.7, "direction": "buy", "amount": 0.2}, {"trade_seq": 1560, "trade_id": "230738221", "timestamp": 1664529806026, "tick_direction": 0, "price": 0.001, "mark_price": 0.00114194, "iv": 80.05, "instrument_name": "BTC-30DEC22-55000-C", "index_price": 19543.7, "direction": "sell", "amount": 0.8}, {"trade_seq": 1559, "trade_id": "230728785", "timestamp": 1664524865626, "tick_direction": 2, "price": 0.0005, "mark_price": 0.00109142, "iv": 74.38, "instrument_name": "BTC-30DEC22-55000-C", "index_price": 19595.05, "direction": "sell", "amount": 0.1}, {"trade_seq": 1558, "trade_id": "230656266", "timestamp": 1664466368288, "tick_direction": 3, "price": 0.0015, "mark_price": 0.00099997, "iv": 84.35, "instrument_name": "BTC-30DEC22-55000-C", "index_price": 19288.2, "direction": "buy", "amount": 0.2}, {"trade_seq": 1557, "trade_id": "230502531", "timestamp": 1664364495717, "tick_direction": 3, "price": 0.0015, "mark_price": 0.00123692, "iv": 85.07, "instrument_name": "BTC-30DEC22-55000-C", "index_price": 18926.41, "direction": "buy", "amount": 0.9}, {"trade_seq": 1556, "trade_id": "230502530", "timestamp": 1664364495717, "tick_direction": 3, "price": 0.0015, "mark_price": 0.00123692, "iv": 85.07, "instrument_name": "BTC-30DEC22-55000-C", "index_price": 18926.41, "direction": "buy", "amount": 4.5}, {"trade_seq": 1555, "trade_id": "230248933", "timestamp": 1664204924614, "tick_direction": 3, "price": 0.0015, "mark_price": 0.00113072, "iv": 83.66, "instrument_name": "BTC-30DEC22-55000-C", "index_price": 19085.74, "direction": "buy", "amount": 0.5}, {"trade_seq": 1554, "trade_id": "230138274", "timestamp": 1664104378639, "tick_direction": 3, "price": 0.0015, "mark_price": 0.00144339, "iv": 83.17, "instrument_name": "BTC-30DEC22-55000-C", "index_price": 19093.27, "direction": "buy", "amount": 5.0}, {"trade_seq": 1553, "trade_id": "230138253", "timestamp": 1664104343501, "tick_direction": 3, "price": 0.0015, "mark_price": 0.0014412, "iv": 83.18, "instrument_name": "BTC-30DEC22-55000-C", "index_price": 19087.51, "direction": "buy", "amount": 0.2}, {"trade_seq": 1552, "trade_id": "230138248", "timestamp": 1664104328464, "tick_direction": 3, "price": 0.0015, "mark_price": 0.00144186, "iv": 83.18, "instrument_name": "BTC-30DEC22-55000-C", "index_price": 19088.94, "direction": "buy", "amount": 0.2}, {"trade_seq": 1551, "trade_id": "230138247", "timestamp": 1664104323587, "tick_direction": 3, "price": 0.0015, "mark_price": 0.00144181, "iv": 83.18, "instrument_name": "BTC-30DEC22-55000-C", "index_price": 19088.81, "direction": "buy", "amount": 0.2}, {"trade_seq": 1550, "trade_id": "229994517", "timestamp": 1663926024274, "tick_direction": 3, "price": 0.0015, "mark_price": 0.00171076, "iv": 82.55, "instrument_name": "BTC-30DEC22-55000-C", "index_price": 19021.09, "direction": "sell", "amount": 9.0}, {"trade_seq": 1549, "trade_id": "229843449", "timestamp": 1663798211873, "tick_direction": 3, "price": 0.0015, "mark_price": 0.00187303, "iv": 84.16, "instrument_name": "BTC-30DEC22-55000-C", "index_price": 18351.62, "direction": "buy", "amount": 0.2}, {"trade_seq": 1548, "trade_id": "229843448", "timestamp": 1663798211868, "tick_direction": 3, "price": 0.0015, "mark_price": 0.00187303, "iv": 84.16, "instrument_name": "BTC-30DEC22-55000-C", "index_price": 18351.62, "direction": "sell", "amount": 0.8}, {"trade_seq": 1547, "trade_id": "229843447", "timestamp": 1663798211868, "tick_direction": 2, "price": 0.0015, "mark_price": 0.00187303, "iv": 84.16, "instrument_name": "BTC-30DEC22-55000-C", "index_price": 18351.62, "direction": "sell", "amount": 1.0}, {"trade_seq": 1546, "trade_id": "229659658", "timestamp": 1663703288808, "tick_direction": 2, "price": 0.002, "mark_price": 0.00144125, "iv": 84.11, "instrument_name": "BTC-30DEC22-55000-C", "index_price": 19057.16, "direction": "buy", "amount": 0.1}, {"trade_seq": 1545, "trade_id": "229224617", "timestamp": 1663232323231, "tick_direction": 2, "price": 0.0035, "mark_price": 0.00300018, "iv": 84.31, "instrument_name": "BTC-30DEC22-55000-C", "index_price": 20153.25, "direction": "buy", "amount": 0.1}, {"trade_seq": 1544, "trade_id": "229073044", "timestamp": 1663089955728, "tick_direction": 3, "price": 0.004, "mark_price": 0.00429492, "iv": 83.03, "instrument_name": "BTC-30DEC22-55000-C", "index_price": 20818.07, "direction": "sell", "amount": 0.5}, {"trade_seq": 1543, "trade_id": "229033632", "timestamp": 1663076875474, "tick_direction": 3, "price": 0.004, "mark_price": 0.00452192, "iv": 81.37, "instrument_name": "BTC-30DEC22-55000-C", "index_price": 21318.14, "direction": "sell", "amount": 0.8}, {"trade_seq": 1542, "trade_id": "229033631", "timestamp": 1663076875474, "tick_direction": 3, "price": 0.004, "mark_price": 0.00452192, "iv": 81.37, "instrument_name": "BTC-30DEC22-55000-C", "index_price": 21318.14, "direction": "sell", "amount": 5.8}, {"trade_seq": 1541, "trade_id": "229033630", "timestamp": 1663076875474, "tick_direction": 2, "price": 0.004, "mark_price": 0.00452192, "iv": 81.37, "instrument_name": "BTC-30DEC22-55000-C", "index_price": 21318.14, "direction": "sell", "amount": 3.4}, {"trade_seq": 1540, "trade_id": "228967225", "timestamp": 1663059657833, "tick_direction": 1, "price": 0.0055, "mark_price": 0.00601418, "iv": 82.04, "instrument_name": "BTC-30DEC22-55000-C", "index_price": 22250.99, "direction": "sell", "amount": 5.0}, {"trade_seq": 1539, "trade_id": "228966126", "timestamp": 1663058062009, "tick_direction": 1, "price": 0.0055, "mark_price": 0.00589229, "iv": 82.15, "instrument_name": "BTC-30DEC22-55000-C", "index_price": 22216.05, "direction": "sell", "amount": 5.0}, {"trade_seq": 1538, "trade_id": "228965586", "timestamp": 1663057878097, "tick_direction": 1, "price": 0.0055, "mark_price": 0.00598819, "iv": 81.89, "instrument_name": "BTC-30DEC22-55000-C", "index_price": 22302.37, "direction": "sell", "amount": 0.8}, {"trade_seq": 1537, "trade_id": "228965585", "timestamp": 1663057878097, "tick_direction": 1, "price": 0.0055, "mark_price": 0.00598819, "iv": 81.89, "instrument_name": "BTC-30DEC22-55000-C", "index_price": 22302.37, "direction": "sell", "amount": 4.2}, {"trade_seq": 1536, "trade_id": "228958701", "timestamp": 1663052683402, "tick_direction": 1, "price": 0.0055, "mark_price": 0.00530554, "iv": 81.5, "instrument_name": "BTC-30DEC22-55000-C", "index_price": 22408.5, "direction": "buy", "amount": 9.0}, {"trade_seq": 1535, "trade_id": "228921569", "timestamp": 1663009002464, "tick_direction": 0, "price": 0.0055, "mark_price": 0.0052905, "iv": 81.34, "instrument_name": "BTC-30DEC22-55000-C", "index_price": 22394.09, "direction": "buy", "amount": 1.0}, {"trade_seq": 1534, "trade_id": "228913348", "timestamp": 1663002279888, "tick_direction": 3, "price": 0.005, "mark_price": 0.00554765, "iv": 80.78, "instrument_name": "BTC-30DEC22-55000-C", "index_price": 22200.74, "direction": "buy", "amount": 4.5}, {"trade_seq": 1533, "trade_id": "228913347", "timestamp": 1663002279885, "tick_direction": 3, "price": 0.005, "mark_price": 0.00554765, "iv": 80.78, "instrument_name": "BTC-30DEC22-55000-C", "index_price": 22200.74, "direction": "sell", "amount": 5.5}, {"trade_seq": 1532, "trade_id": "228913346", "timestamp": 1663002269940, "tick_direction": 3, "price": 0.005, "mark_price": 0.00555222, "iv": 80.79, "instrument_name": "BTC-30DEC22-55000-C", "index_price": 22198.8, "direction": "buy", "amount": 1.9}, {"trade_seq": 1531, "trade_id": "228913345", "timestamp": 1663002269936, "tick_direction": 3, "price": 0.005, "mark_price": 0.00555222, "iv": 80.79, "instrument_name": "BTC-30DEC22-55000-C", "index_price": 22198.8, "direction": "sell", "amount": 5.6}, {"trade_seq": 1530, "trade_id": "228913344", "timestamp": 1663002269936, "tick_direction": 3, "price": 0.005, "mark_price": 0.00555222, "iv": 80.79, "instrument_name": "BTC-30DEC22-55000-C", "index_price": 22198.8, "direction": "sell", "amount": 2.5}, {"trade_seq": 1529, "trade_id": "228892356", "timestamp": 1662987444801, "tick_direction": 2, "price": 0.005, "mark_price": 0.00548275, "iv": 80.27, "instrument_name": "BTC-30DEC22-55000-C", "index_price": 22354.58, "direction": "sell", "amount": 3.0}, {"trade_seq": 1528, "trade_id": "228875189", "timestamp": 1662970950757, "tick_direction": 0, "price": 0.0065, "mark_price": 0.00596345, "iv": 84.06, "instrument_name": "BTC-30DEC22-55000-C", "index_price": 22210.64, "direction": "buy", "amount": 5.0}, {"trade_seq": 1527, "trade_id": "228875026", "timestamp": 1662970796572, "tick_direction": 0, "price": 0.006, "mark_price": 0.00586188, "iv": 83.14, "instrument_name": "BTC-30DEC22-55000-C", "index_price": 22156.25, "direction": "buy", "amount": 5.0}, {"trade_seq": 1526, "trade_id": "228784651", "timestamp": 1662846798613, "tick_direction": 1, "price": 0.0055, "mark_price": 0.00526602, "iv": 82.98, "instrument_name": "BTC-30DEC22-55000-C", "index_price": 21697.92, "direction": "buy", "amount": 0.2}, {"trade_seq": 1525, "trade_id": "228723443", "timestamp": 1662760778890, "tick_direction": 1, "price": 0.0055, "mark_price": 0.00495016, "iv": 83.99, "instrument_name": "BTC-30DEC22-55000-C", "index_price": 21269.98, "direction": "buy", "amount": 0.3}, {"trade_seq": 1524, "trade_id": "228723442", "timestamp": 1662760778890, "tick_direction": 1, "price": 0.0055, "mark_price": 0.00495016, "iv": 83.99, "instrument_name": "BTC-30DEC22-55000-C", "index_price": 21269.98, "direction": "buy", "amount": 0.7}, {"trade_seq": 1523, "trade_id": "228723415", "timestamp": 1662760742132, "tick_direction": 1, "price": 0.0055, "mark_price": 0.00495297, "iv": 83.95, "instrument_name": "BTC-30DEC22-55000-C", "index_price": 21283.61, "direction": "buy", "amount": 1.0}, {"trade_seq": 1522, "trade_id": "228723414", "timestamp": 1662760739760, "tick_direction": 1, "price": 0.0055, "mark_price": 0.00495185, "iv": 83.95, "instrument_name": "BTC-30DEC22-55000-C", "index_price": 21283.63, "direction": "buy", "amount": 1.0}, {"trade_seq": 1521, "trade_id": "228723412", "timestamp": 1662760737508, "tick_direction": 0, "price": 0.0055, "mark_price": 0.00495096, "iv": 83.95, "instrument_name": "BTC-30DEC22-55000-C", "index_price": 21283.58, "direction": "buy", "amount": 1.0}, {"trade_seq": 1520, "trade_id": "228713135", "timestamp": 1662745790096, "tick_direction": 1, "price": 0.005, "mark_price": 0.00445323, "iv": 82.75, "instrument_name": "BTC-30DEC22-55000-C", "index_price": 21263.0, "direction": "buy", "amount": 1.0}, {"trade_seq": 1519, "trade_id": "228713133", "timestamp": 1662745788311, "tick_direction": 1, "price": 0.005, "mark_price": 0.00445305, "iv": 82.75, "instrument_name": "BTC-30DEC22-55000-C", "index_price": 21262.87, "direction": "buy", "amount": 1.0}, {"trade_seq": 1518, "trade_id": "228713132", "timestamp": 1662745786781, "tick_direction": 0, "price": 0.005, "mark_price": 0.00445273, "iv": 82.75, "instrument_name": "BTC-30DEC22-55000-C", "index_price": 21262.7, "direction": "buy", "amount": 1.0}, {"trade_seq": 1517, "trade_id": "228571063", "timestamp": 1662651326520, "tick_direction": 3, "price": 0.003, "mark_price": 0.00349929, "iv": 82.76, "instrument_name": "BTC-30DEC22-55000-C", "index_price": 19330.46, "direction": "sell", "amount": 5.2}, {"trade_seq": 1516, "trade_id": "228571062", "timestamp": 1662651326520, "tick_direction": 2, "price": 0.003, "mark_price": 0.00349929, "iv": 82.76, "instrument_name": "BTC-30DEC22-55000-C", "index_price": 19330.46, "direction": "sell", "amount": 4.8}, {"trade_seq": 1515, "trade_id": "228540858", "timestamp": 1662639718795, "tick_direction": 1, "price": 0.004, "mark_price": 0.00356916, "iv": 86.24, "instrument_name": "BTC-30DEC22-55000-C", "index_price": 19255.95, "direction": "buy", "amount": 9.3}, {"trade_seq": 1514, "trade_id": "228540857", "timestamp": 1662639718795, "tick_direction": 1, "price": 0.004, "mark_price": 0.00356916, "iv": 86.24, "instrument_name": "BTC-30DEC22-55000-C", "index_price": 19255.95, "direction": "buy", "amount": 3.6}, {"trade_seq": 1513, "trade_id": "228540856", "timestamp": 1662639718795, "tick_direction": 1, "price": 0.004, "mark_price": 0.00356916, "iv": 86.24, "instrument_name": "BTC-30DEC22-55000-C", "index_price": 19255.95, "direction": "buy", "amount": 2.1}, {"trade_seq": 1512, "trade_id": "228540726", "timestamp": 1662639629999, "tick_direction": 1, "price": 0.004, "mark_price": 0.0035194, "iv": 86.29, "instrument_name": "BTC-30DEC22-55000-C", "index_price": 19242.77, "direction": "buy", "amount": 11.3}, {"trade_seq": 1511, "trade_id": "228540725", "timestamp": 1662639629999, "tick_direction": 0, "price": 0.004, "mark_price": 0.0035194, "iv": 86.29, "instrument_name": "BTC-30DEC22-55000-C", "index_price": 19242.77, "direction": "buy", "amount": 3.7}, {"trade_seq": 1510, "trade_id": "228467454", "timestamp": 1662536608458, "tick_direction": 1, "price": 0.0035, "mark_price": 0.00306259, "iv": 85.9, "instrument_name": "BTC-30DEC22-55000-C", "index_price": 18778.91, "direction": "sell", "amount": 3.5}, {"trade_seq": 1509, "trade_id": "228467436", "timestamp": 1662536608145, "tick_direction": 1, "price": 0.0035, "mark_price": 0.00306259, "iv": 85.9, "instrument_name": "BTC-30DEC22-55000-C", "index_price": 18778.91, "direction": "buy", "amount": 1.0}, {"trade_seq": 1508, "trade_id": "228467435", "timestamp": 1662536608145, "tick_direction": 1, "price": 0.0035, "mark_price": 0.00306259, "iv": 85.9, "instrument_name": "BTC-30DEC22-55000-C", "index_price": 18778.91, "direction": "buy", "amount": 5.5}, {"trade_seq": 1507, "trade_id": "228466604", "timestamp": 1662535471996, "tick_direction": 1, "price": 0.0035, "mark_price": 0.00370305, "iv": 86.03, "instrument_name": "BTC-30DEC22-55000-C", "index_price": 18738.07, "direction": "sell", "amount": 3.7}, {"trade_seq": 1506, "trade_id": "228466603", "timestamp": 1662535471996, "tick_direction": 1, "price": 0.0035, "mark_price": 0.00370305, "iv": 86.03, "instrument_name": "BTC-30DEC22-55000-C", "index_price": 18738.07, "direction": "sell", "amount": 1.4}, {"trade_seq": 1505, "trade_id": "228466405", "timestamp": 1662535242483, "tick_direction": 1, "price": 0.0035, "mark_price": 0.00373168, "iv": 85.91, "instrument_name": "BTC-30DEC22-55000-C", "index_price": 18760.23, "direction": "sell", "amount": 9.6}, {"trade_seq": 1504, "trade_id": "228454597", "timestamp": 1662517756932, "tick_direction": 0, "price": 0.0035, "mark_price": 0.00325895, "iv": 86.37, "instrument_name": "BTC-30DEC22-55000-C", "index_price": 18621.14, "direction": "sell", "amount": 11.0}, {"trade_seq": 1503, "trade_id": "228212987", "timestamp": 1662277647694, "tick_direction": 2, "price": 0.003, "mark_price": 0.00346933, "iv": 80.06, "instrument_name": "BTC-30DEC22-55000-C", "index_price": 19702.77, "direction": "sell", "amount": 0.3}, {"trade_seq": 1502, "trade_id": "228001290", "timestamp": 1662000436086, "tick_direction": 0, "price": 0.0045, "mark_price": 0.00427933, "iv": 82.17, "instrument_name": "BTC-30DEC22-55000-C", "index_price": 20114.13, "direction": "sell", "amount": 0.4}, {"trade_seq": 1501, "trade_id": "227936447", "timestamp": 1661931296713, "tick_direction": 3, "price": 0.004, "mark_price": 0.00447088, "iv": 80.03, "instrument_name": "BTC-30DEC22-55000-C", "index_price": 20260.56, "direction": "buy", "amount": 1.6}, {"trade_seq": 1500, "trade_id": "227936446", "timestamp": 1661931296709, "tick_direction": 2, "price": 0.004, "mark_price": 0.00447088, "iv": 80.03, "instrument_name": "BTC-30DEC22-55000-C", "index_price": 20260.56, "direction": "sell", "amount": 3.4}, {"trade_seq": 1499, "trade_id": "227935192", "timestamp": 1661929169320, "tick_direction": 2, "price": 0.0045, "mark_price": 0.00471612, "iv": 81.43, "instrument_name": "BTC-30DEC22-55000-C", "index_price": 20245.9, "direction": "buy", "amount": 5.0}, {"trade_seq": 1498, "trade_id": "227883926", "timestamp": 1661875668261, "tick_direction": 3, "price": 0.005, "mark_price": 0.00449132, "iv": 84.0, "instrument_name": "BTC-30DEC22-55000-C", "index_price": 19798.14, "direction": "buy", "amount": 14.0}, {"trade_seq": 1497, "trade_id": "227883925", "timestamp": 1661875668261, "tick_direction": 2, "price": 0.005, "mark_price": 0.00449132, "iv": 84.0, "instrument_name": "BTC-30DEC22-55000-C", "index_price": 19798.14, "direction": "buy", "amount": 4.9}, {"trade_seq": 1496, "trade_id": "227816323", "timestamp": 1661801053510, "tick_direction": 1, "price": 0.0055, "mark_price": 0.00496698, "iv": 83.66, "instrument_name": "BTC-30DEC22-55000-C", "index_price": 20158.85, "direction": "buy", "amount": 0.2}, {"trade_seq": 1495, "trade_id": "227699447", "timestamp": 1661632760523, "tick_direction": 1, "price": 0.0055, "mark_price": 0.00522376, "iv": 83.73, "instrument_name": "BTC-30DEC22-55000-C", "index_price": 19964.74, "direction": "sell", "amount": 0.2}, {"trade_seq": 1494, "trade_id": "227698992", "timestamp": 1661631308444, "tick_direction": 1, "price": 0.0055, "mark_price": 0.00521118, "iv": 83.51, "instrument_name": "BTC-30DEC22-55000-C", "index_price": 20021.83, "direction": "sell", "amount": 0.2}, {"trade_seq": 1493, "trade_id": "227697446", "timestamp": 1661627410807, "tick_direction": 1, "price": 0.0055, "mark_price": 0.00499914, "iv": 83.68, "instrument_name": "BTC-30DEC22-55000-C", "index_price": 19952.45, "direction": "buy", "amount": 0.1}, {"trade_seq": 1492, "trade_id": "227696867", "timestamp": 1661626182705, "tick_direction": 1, "price": 0.0055, "mark_price": 0.00498841, "iv": 83.62, "instrument_name": "BTC-30DEC22-55000-C", "index_price": 19969.38, "direction": "buy", "amount": 0.1}, {"trade_seq": 1491, "trade_id": "227696525", "timestamp": 1661625204629, "tick_direction": 1, "price": 0.0055, "mark_price": 0.00499215, "iv": 83.6, "instrument_name": "BTC-30DEC22-55000-C", "index_price": 19978.02, "direction": "buy", "amount": 0.1}, {"trade_seq": 1490, "trade_id": "227696501", "timestamp": 1661625081632, "tick_direction": 0, "price": 0.0055, "mark_price": 0.00498811, "iv": 83.6, "instrument_name": "BTC-30DEC22-55000-C", "index_price": 19982.65, "direction": "buy", "amount": 0.1}, {"trade_seq": 1489, "trade_id": "227595350", "timestamp": 1661531035737, "tick_direction": 3, "price": 0.005, "mark_price": 0.00539564, "iv": 79.81, "instrument_name": "BTC-30DEC22-55000-C", "index_price": 20681.23, "direction": "buy", "amount": 0.3}, {"trade_seq": 1488, "trade_id": "227595349", "timestamp": 1661531035731, "tick_direction": 3, "price": 0.005, "mark_price": 0.00539564, "iv": 79.81, "instrument_name": "BTC-30DEC22-55000-C", "index_price": 20681.23, "direction": "sell", "amount": 3.7}, {"trade_seq": 1487, "trade_id": "227595348", "timestamp": 1661531035731, "tick_direction": 2, "price": 0.005, "mark_price": 0.00539564, "iv": 79.81, "instrument_name": "BTC-30DEC22-55000-C", "index_price": 20681.23, "direction": "sell", "amount": 12.0}, {"trade_seq": 1486, "trade_id": "227389509", "timestamp": 1661353340838, "tick_direction": 2, "price": 0.008, "mark_price": 0.00749502, "iv": 82.62, "instrument_name": "BTC-30DEC22-55000-C", "index_price": 21474.68, "direction": "buy", "amount": 5.0}, {"trade_seq": 1485, "trade_id": "227324316", "timestamp": 1661261705136, "tick_direction": 0, "price": 0.0085, "mark_price": 0.00861602, "iv": 83.02, "instrument_name": "BTC-30DEC22-55000-C", "index_price": 21492.18, "direction": "sell", "amount": 6.1}, {"trade_seq": 1484, "trade_id": "227160666", "timestamp": 1661046772582, "tick_direction": 0, "price": 0.008, "mark_price": 0.00818317, "iv": 82.1, "instrument_name": "BTC-30DEC22-55000-C", "index_price": 21260.45, "direction": "sell", "amount": 0.1}, {"trade_seq": 1483, "trade_id": "226999320", "timestamp": 1660904583030, "tick_direction": 2, "price": 0.0075, "mark_price": 0.0083112, "iv": 79.28, "instrument_name": "BTC-30DEC22-55000-C", "index_price": 21758.21, "direction": "sell", "amount": 0.1}, {"trade_seq": 1482, "trade_id": "226913752", "timestamp": 1660874472902, "tick_direction": 2, "price": 0.01, "mark_price": 0.010292, "iv": 80.02, "instrument_name": "BTC-30DEC22-55000-C", "index_price": 22753.43, "direction": "sell", "amount": 29.0}, {"trade_seq": 1481, "trade_id": "226840402", "timestamp": 1660807366932, "tick_direction": 3, "price": 0.011, "mark_price": 0.0114916, "iv": 79.16, "instrument_name": "BTC-30DEC22-55000-C", "index_price": 23379.2, "direction": "sell", "amount": 5.0}, {"trade_seq": 1480, "trade_id": "226840129", "timestamp": 1660806875449, "tick_direction": 3, "price": 0.011, "mark_price": 0.01156676, "iv": 79.16, "instrument_name": "BTC-30DEC22-55000-C", "index_price": 23373.45, "direction": "sell", "amount": 0.3}, {"trade_seq": 1479, "trade_id": "226840128", "timestamp": 1660806875449, "tick_direction": 2, "price": 0.011, "mark_price": 0.01156676, "iv": 79.16, "instrument_name": "BTC-30DEC22-55000-C", "index_price": 23373.45, "direction": "sell", "amount": 4.8}, {"trade_seq": 1478, "trade_id": "226838364", "timestamp": 1660804595286, "tick_direction": 0, "price": 0.012, "mark_price": 0.01196419, "iv": 80.41, "instrument_name": "BTC-30DEC22-55000-C", "index_price": 23383.19, "direction": "sell", "amount": 1.0}, {"trade_seq": 1477, "trade_id": "226591541", "timestamp": 1660548507745, "tick_direction": 2, "price": 0.012, "mark_price": 0.01162384, "iv": 77.61, "instrument_name": "BTC-30DEC22-55000-C", "index_price": 24029.78, "direction": "sell", "amount": 1.0}, {"trade_seq": 1476, "trade_id": "226500715", "timestamp": 1660439185183, "tick_direction": 0, "price": 0.013, "mark_price": 0.01283955, "iv": 76.72, "instrument_name": "BTC-30DEC22-55000-C", "index_price": 24581.45, "direction": "buy", "amount": 1.0}, {"trade_seq": 1475, "trade_id": "226462494", "timestamp": 1660366407092, "tick_direction": 2, "price": 0.0125, "mark_price": 0.01252707, "iv": 75.43, "instrument_name": "BTC-30DEC22-55000-C", "index_price": 24719.96, "direction": "sell", "amount": 1.0}, {"trade_seq": 1474, "trade_id": "226426740", "timestamp": 1660324567890, "tick_direction": 1, "price": 0.013, "mark_price": 0.01248838, "iv": 77.92, "instrument_name": "BTC-30DEC22-55000-C", "index_price": 24020.4, "direction": "sell", "amount": 12.3}, {"trade_seq": 1473, "trade_id": "226426739", "timestamp": 1660324567860, "tick_direction": 1, "price": 0.013, "mark_price": 0.01248838, "iv": 77.92, "instrument_name": "BTC-30DEC22-55000-C", "index_price": 24020.4, "direction": "buy", "amount": 12.3}, {"trade_seq": 1472, "trade_id": "226426738", "timestamp": 1660324567860, "tick_direction": 1, "price": 0.013, "mark_price": 0.01248838, "iv": 77.92, "instrument_name": "BTC-30DEC22-55000-C", "index_price": 24020.4, "direction": "buy", "amount": 4.0}, {"trade_seq": 1471, "trade_id": "226426737", "timestamp": 1660324567860, "tick_direction": 1, "price": 0.013, "mark_price": 0.01248838, "iv": 77.92, "instrument_name": "BTC-30DEC22-55000-C", "index_price": 24020.4, "direction": "buy", "amount": 18.0}, {"trade_seq": 1470, "trade_id": "226426736", "timestamp": 1660324567860, "tick_direction": 0, "price": 0.013, "mark_price": 0.01248838, "iv": 77.92, "instrument_name": "BTC-30DEC22-55000-C", "index_price": 24020.4, "direction": "buy", "amount": 3.4}, {"trade_seq": 1469, "trade_id": "226425202", "timestamp": 1660322511749, "tick_direction": 1, "price": 0.0125, "mark_price": 0.01243084, "iv": 77.25, "instrument_name": "BTC-30DEC22-55000-C", "index_price": 24015.52, "direction": "sell", "amount": 1.0}, {"trade_seq": 1468, "trade_id": "226424453", "timestamp": 1660322094493, "tick_direction": 0, "price": 0.0125, "mark_price": 0.01225316, "iv": 77.34, "instrument_name": "BTC-30DEC22-55000-C", "index_price": 23986.3, "direction": "sell", "amount": 1.0}, {"trade_seq": 1467, "trade_id": "226420904", "timestamp": 1660320785984, "tick_direction": 2, "price": 0.012, "mark_price": 0.01185249, "iv": 76.68, "instrument_name": "BTC-30DEC22-55000-C", "index_price": 24031.03, "direction": "sell", "amount": 1.0}, {"trade_seq": 1466, "trade_id": "226265868", "timestamp": 1660180765292, "tick_direction": 3, "price": 0.013, "mark_price": 0.01312291, "iv": 77.09, "instrument_name": "BTC-30DEC22-55000-C", "index_price": 24190.35, "direction": "buy", "amount": 0.1}, {"trade_seq": 1465, "trade_id": "226265863", "timestamp": 1660180760086, "tick_direction": 3, "price": 0.013, "mark_price": 0.01312439, "iv": 77.09, "instrument_name": "BTC-30DEC22-55000-C", "index_price": 24190.29, "direction": "buy", "amount": 0.1}, {"trade_seq": 1464, "trade_id": "226265862", "timestamp": 1660180758200, "tick_direction": 3, "price": 0.013, "mark_price": 0.01312493, "iv": 77.09, "instrument_name": "BTC-30DEC22-55000-C", "index_price": 24190.68, "direction": "buy", "amount": 0.1}, {"trade_seq": 1463, "trade_id": "226265860", "timestamp": 1660180751121, "tick_direction": 3, "price": 0.013, "mark_price": 0.01312759, "iv": 77.09, "instrument_name": "BTC-30DEC22-55000-C", "index_price": 24191.07, "direction": "buy", "amount": 0.1}, {"trade_seq": 1462, "trade_id": "226265859", "timestamp": 1660180750356, "tick_direction": 3, "price": 0.013, "mark_price": 0.01311789, "iv": 77.1, "instrument_name": "BTC-30DEC22-55000-C", "index_price": 24186.97, "direction": "buy", "amount": 0.1}, {"trade_seq": 1461, "trade_id": "226265858", "timestamp": 1660180749098, "tick_direction": 3, "price": 0.013, "mark_price": 0.01311701, "iv": 77.1, "instrument_name": "BTC-30DEC22-55000-C", "index_price": 24186.48, "direction": "buy", "amount": 0.1}, {"trade_seq": 1460, "trade_id": "226265857", "timestamp": 1660180747877, "tick_direction": 3, "price": 0.013, "mark_price": 0.01311506, "iv": 77.1, "instrument_name": "BTC-30DEC22-55000-C", "index_price": 24186.29, "direction": "buy", "amount": 0.1}, {"trade_seq": 1459, "trade_id": "226265820", "timestamp": 1660180690640, "tick_direction": 3, "price": 0.013, "mark_price": 0.01311319, "iv": 77.08, "instrument_name": "BTC-30DEC22-55000-C", "index_price": 24188.83, "direction": "buy", "amount": 0.1}, {"trade_seq": 1458, "trade_id": "226265815", "timestamp": 1660180687825, "tick_direction": 3, "price": 0.013, "mark_price": 0.01310707, "iv": 77.09, "instrument_name": "BTC-30DEC22-55000-C", "index_price": 24184.79, "direction": "buy", "amount": 0.1}, {"trade_seq": 1457, "trade_id": "226265814", "timestamp": 1660180686658, "tick_direction": 3, "price": 0.013, "mark_price": 0.01309915, "iv": 77.1, "instrument_name": "BTC-30DEC22-55000-C", "index_price": 24181.6, "direction": "buy", "amount": 0.1}, {"trade_seq": 1456, "trade_id": "226265813", "timestamp": 1660180686491, "tick_direction": 3, "price": 0.013, "mark_price": 0.01309595, "iv": 77.1, "instrument_name": "BTC-30DEC22-55000-C", "index_price": 24181.6, "direction": "buy", "amount": 0.1}, {"trade_seq": 1455, "trade_id": "226265812", "timestamp": 1660180686448, "tick_direction": 3, "price": 0.013, "mark_price": 0.01309595, "iv": 77.1, "instrument_name": "BTC-30DEC22-55000-C", "index_price": 24181.6, "direction": "buy", "amount": 0.1}, {"trade_seq": 1454, "trade_id": "226265811", "timestamp": 1660180686437, "tick_direction": 3, "price": 0.013, "mark_price": 0.01309595, "iv": 77.1, "instrument_name": "BTC-30DEC22-55000-C", "index_price": 24181.6, "direction": "buy", "amount": 0.2}, {"trade_seq": 1453, "trade_id": "226265808", "timestamp": 1660180685515, "tick_direction": 3, "price": 0.013, "mark_price": 0.01307888, "iv": 77.1, "instrument_name": "BTC-30DEC22-55000-C", "index_price": 24180.21, "direction": "buy", "amount": 0.1}, {"trade_seq": 1452, "trade_id": "226265807", "timestamp": 1660180685431, "tick_direction": 3, "price": 0.013, "mark_price": 0.01307888, "iv": 77.1, "instrument_name": "BTC-30DEC22-55000-C", "index_price": 24180.21, "direction": "buy", "amount": 0.2}, {"trade_seq": 1451, "trade_id": "226265806", "timestamp": 1660180685388, "tick_direction": 3, "price": 0.013, "mark_price": 0.01307888, "iv": 77.1, "instrument_name": "BTC-30DEC22-55000-C", "index_price": 24180.21, "direction": "buy", "amount": 0.2}, {"trade_seq": 1450, "trade_id": "226265793", "timestamp": 1660180683574, "tick_direction": 3, "price": 0.013, "mark_price": 0.01306167, "iv": 77.14, "instrument_name": "BTC-30DEC22-55000-C", "index_price": 24169.0, "direction": "buy", "amount": 0.1}, {"trade_seq": 1449, "trade_id": "226265792", "timestamp": 1660180683556, "tick_direction": 3, "price": 0.013, "mark_price": 0.01306167, "iv": 77.14, "instrument_name": "BTC-30DEC22-55000-C", "index_price": 24169.0, "direction": "buy", "amount": 0.1}, {"trade_seq": 1448, "trade_id": "226265438", "timestamp": 1660180443968, "tick_direction": 3, "price": 0.013, "mark_price": 0.01315615, "iv": 77.08, "instrument_name": "BTC-30DEC22-55000-C", "index_price": 24194.24, "direction": "buy", "amount": 0.1}, {"trade_seq": 1447, "trade_id": "226265395", "timestamp": 1660180433320, "tick_direction": 3, "price": 0.013, "mark_price": 0.01314336, "iv": 77.1, "instrument_name": "BTC-30DEC22-55000-C", "index_price": 24190.06, "direction": "buy", "amount": 0.1}, {"trade_seq": 1446, "trade_id": "226265394", "timestamp": 1660180432591, "tick_direction": 3, "price": 0.013, "mark_price": 0.01312796, "iv": 77.1, "instrument_name": "BTC-30DEC22-55000-C", "index_price": 24190.06, "direction": "buy", "amount": 0.1}, {"trade_seq": 1445, "trade_id": "226265393", "timestamp": 1660180432550, "tick_direction": 3, "price": 0.013, "mark_price": 0.01312796, "iv": 77.1, "instrument_name": "BTC-30DEC22-55000-C", "index_price": 24190.06, "direction": "buy", "amount": 0.1}, {"trade_seq": 1444, "trade_id": "226265392", "timestamp": 1660180432529, "tick_direction": 3, "price": 0.013, "mark_price": 0.01312796, "iv": 77.1, "instrument_name": "BTC-30DEC22-55000-C", "index_price": 24190.06, "direction": "buy", "amount": 0.2}, {"trade_seq": 1443, "trade_id": "226265389", "timestamp": 1660180432428, "tick_direction": 3, "price": 0.013, "mark_price": 0.01312796, "iv": 77.12, "instrument_name": "BTC-30DEC22-55000-C", "index_price": 24183.89, "direction": "buy", "amount": 0.1}, {"trade_seq": 1442, "trade_id": "226265382", "timestamp": 1660180432367, "tick_direction": 3, "price": 0.013, "mark_price": 0.01312796, "iv": 77.12, "instrument_name": "BTC-30DEC22-55000-C", "index_price": 24183.89, "direction": "buy", "amount": 0.1}, {"trade_seq": 1441, "trade_id": "226265380", "timestamp": 1660180432304, "tick_direction": 3, "price": 0.013, "mark_price": 0.01312796, "iv": 77.12, "instrument_name": "BTC-30DEC22-55000-C", "index_price": 24183.89, "direction": "buy", "amount": 0.1}, {"trade_seq": 1440, "trade_id": "226265376", "timestamp": 1660180432185, "tick_direction": 3, "price": 0.013, "mark_price": 0.01312796, "iv": 77.12, "instrument_name": "BTC-30DEC22-55000-C", "index_price": 24183.89, "direction": "buy", "amount": 0.1}, {"trade_seq": 1439, "trade_id": "226265368", "timestamp": 1660180428941, "tick_direction": 3, "price": 0.013, "mark_price": 0.01311548, "iv": 77.13, "instrument_name": "BTC-30DEC22-55000-C", "index_price": 24178.79, "direction": "buy", "amount": 0.1}, {"trade_seq": 1438, "trade_id": "226265363", "timestamp": 1660180425618, "tick_direction": 3, "price": 0.013, "mark_price": 0.0131102, "iv": 77.14, "instrument_name": "BTC-30DEC22-55000-C", "index_price": 24176.38, "direction": "buy", "amount": 0.1}, {"trade_seq": 1437, "trade_id": "226265330", "timestamp": 1660180415216, "tick_direction": 3, "price": 0.013, "mark_price": 0.01310409, "iv": 77.15, "instrument_name": "BTC-30DEC22-55000-C", "index_price": 24173.23, "direction": "buy", "amount": 0.1}, {"trade_seq": 1436, "trade_id": "226265329", "timestamp": 1660180415199, "tick_direction": 3, "price": 0.013, "mark_price": 0.01310409, "iv": 77.15, "instrument_name": "BTC-30DEC22-55000-C", "index_price": 24173.23, "direction": "buy", "amount": 0.1}, {"trade_seq": 1435, "trade_id": "226265328", "timestamp": 1660180415181, "tick_direction": 3, "price": 0.013, "mark_price": 0.01310409, "iv": 77.15, "instrument_name": "BTC-30DEC22-55000-C", "index_price": 24173.23, "direction": "buy", "amount": 0.1}, {"trade_seq": 1434, "trade_id": "226265327", "timestamp": 1660180415092, "tick_direction": 3, "price": 0.013, "mark_price": 0.01310409, "iv": 77.15, "instrument_name": "BTC-30DEC22-55000-C", "index_price": 24173.23, "direction": "buy", "amount": 0.1}, {"trade_seq": 1433, "trade_id": "226265326", "timestamp": 1660180414763, "tick_direction": 3, "price": 0.013, "mark_price": 0.01306833, "iv": 77.15, "instrument_name": "BTC-30DEC22-55000-C", "index_price": 24173.23, "direction": "buy", "amount": 0.1}, {"trade_seq": 1432, "trade_id": "226265061", "timestamp": 1660180355891, "tick_direction": 3, "price": 0.013, "mark_price": 0.01307991, "iv": 77.18, "instrument_name": "BTC-30DEC22-55000-C", "index_price": 24166.29, "direction": "buy", "amount": 0.1}, {"trade_seq": 1431, "trade_id": "226265060", "timestamp": 1660180355880, "tick_direction": 3, "price": 0.013, "mark_price": 0.01307991, "iv": 77.18, "instrument_name": "BTC-30DEC22-55000-C", "index_price": 24166.29, "direction": "buy", "amount": 0.1}, {"trade_seq": 1430, "trade_id": "226265057", "timestamp": 1660180353950, "tick_direction": 3, "price": 0.013, "mark_price": 0.01307512, "iv": 77.18, "instrument_name": "BTC-30DEC22-55000-C", "index_price": 24165.82, "direction": "buy", "amount": 0.1}, {"trade_seq": 1429, "trade_id": "226264977", "timestamp": 1660180321224, "tick_direction": 3, "price": 0.013, "mark_price": 0.01304669, "iv": 77.22, "instrument_name": "BTC-30DEC22-55000-C", "index_price": 24155.34, "direction": "buy", "amount": 0.1}, {"trade_seq": 1428, "trade_id": "226264975", "timestamp": 1660180321046, "tick_direction": 3, "price": 0.013, "mark_price": 0.01304669, "iv": 77.22, "instrument_name": "BTC-30DEC22-55000-C", "index_price": 24155.34, "direction": "buy", "amount": 0.2}, {"trade_seq": 1427, "trade_id": "226264974", "timestamp": 1660180320931, "tick_direction": 3, "price": 0.013, "mark_price": 0.01304669, "iv": 77.22, "instrument_name": "BTC-30DEC22-55000-C", "index_price": 24155.34, "direction": "buy", "amount": 0.1}, {"trade_seq": 1426, "trade_id": "226264964", "timestamp": 1660180320765, "tick_direction": 3, "price": 0.013, "mark_price": 0.01304669, "iv": 77.22, "instrument_name": "BTC-30DEC22-55000-C", "index_price": 24155.34, "direction": "buy", "amount": 0.1}, {"trade_seq": 1425, "trade_id": "226264950", "timestamp": 1660180320578, "tick_direction": 3, "price": 0.013, "mark_price": 0.01303519, "iv": 77.23, "instrument_name": "BTC-30DEC22-55000-C", "index_price": 24150.64, "direction": "buy", "amount": 0.1}, {"trade_seq": 1424, "trade_id": "226264948", "timestamp": 1660180320268, "tick_direction": 3, "price": 0.013, "mark_price": 0.01303519, "iv": 77.23, "instrument_name": "BTC-30DEC22-55000-C", "index_price": 24150.64, "direction": "buy", "amount": 0.1}, {"trade_seq": 1423, "trade_id": "226264947", "timestamp": 1660180320244, "tick_direction": 3, "price": 0.013, "mark_price": 0.01303519, "iv": 77.23, "instrument_name": "BTC-30DEC22-55000-C", "index_price": 24150.64, "direction": "buy", "amount": 0.1}, {"trade_seq": 1422, "trade_id": "226264942", "timestamp": 1660180315889, "tick_direction": 2, "price": 0.013, "mark_price": 0.01303522, "iv": 77.23, "instrument_name": "BTC-30DEC22-55000-C", "index_price": 24150.31, "direction": "buy", "amount": 0.1}, {"trade_seq": 1421, "trade_id": "226203652", "timestamp": 1660135113870, "tick_direction": 2, "price": 0.0145, "mark_price": 0.01365513, "iv": 80.32, "instrument_name": "BTC-30DEC22-55000-C", "index_price": 23642.58, "direction": "buy", "amount": 1.0}, {"trade_seq": 1420, "trade_id": "226070040", "timestamp": 1659980046440, "tick_direction": 1, "price": 0.0155, "mark_price": 0.01477383, "iv": 79.78, "instrument_name": "BTC-30DEC22-55000-C", "index_price": 23960.38, "direction": "buy", "amount": 1.9}, {"trade_seq": 1419, "trade_id": "226070039", "timestamp": 1659980046440, "tick_direction": 0, "price": 0.0155, "mark_price": 0.01477383, "iv": 79.78, "instrument_name": "BTC-30DEC22-55000-C", "index_price": 23960.38, "direction": "buy", "amount": 0.1}, {"trade_seq": 1418, "trade_id": "226069949", "timestamp": 1659979878515, "tick_direction": 0, "price": 0.015, "mark_price": 0.01471485, "iv": 79.29, "instrument_name": "BTC-30DEC22-55000-C", "index_price": 23946.37, "direction": "sell", "amount": 2.0}, {"trade_seq": 1417, "trade_id": "226024708", "timestamp": 1659947137411, "tick_direction": 1, "price": 0.014, "mark_price": 0.01355884, "iv": 78.26, "instrument_name": "BTC-30DEC22-55000-C", "index_price": 23879.54, "direction": "buy", "amount": 0.1}, {"trade_seq": 1416, "trade_id": "226024707", "timestamp": 1659947137361, "tick_direction": 1, "price": 0.014, "mark_price": 0.01355884, "iv": 78.26, "instrument_name": "BTC-30DEC22-55000-C", "index_price": 23879.54, "direction": "buy", "amount": 0.1}, {"trade_seq": 1415, "trade_id": "226024706", "timestamp": 1659947137354, "tick_direction": 1, "price": 0.014, "mark_price": 0.01355884, "iv": 78.26, "instrument_name": "BTC-30DEC22-55000-C", "index_price": 23879.54, "direction": "buy", "amount": 0.1}, {"trade_seq": 1414, "trade_id": "226024705", "timestamp": 1659947137221, "tick_direction": 1, "price": 0.014, "mark_price": 0.01355884, "iv": 78.26, "instrument_name": "BTC-30DEC22-55000-C", "index_price": 23879.54, "direction": "buy", "amount": 0.2}, {"trade_seq": 1413, "trade_id": "226024692", "timestamp": 1659947136731, "tick_direction": 1, "price": 0.014, "mark_price": 0.01355613, "iv": 78.26, "instrument_name": "BTC-30DEC22-55000-C", "index_price": 23879.54, "direction": "buy", "amount": 0.2}, {"trade_seq": 1412, "trade_id": "226024690", "timestamp": 1659947136691, "tick_direction": 1, "price": 0.014, "mark_price": 0.01355613, "iv": 78.27, "instrument_name": "BTC-30DEC22-55000-C", "index_price": 23879.22, "direction": "buy", "amount": 0.2}, {"trade_seq": 1411, "trade_id": "226024676", "timestamp": 1659947136231, "tick_direction": 1, "price": 0.014, "mark_price": 0.01355613, "iv": 78.27, "instrument_name": "BTC-30DEC22-55000-C", "index_price": 23879.22, "direction": "buy", "amount": 0.4}, {"trade_seq": 1410, "trade_id": "226024674", "timestamp": 1659947136055, "tick_direction": 1, "price": 0.014, "mark_price": 0.01355613, "iv": 78.27, "instrument_name": "BTC-30DEC22-55000-C", "index_price": 23879.22, "direction": "buy", "amount": 0.5}, {"trade_seq": 1409, "trade_id": "226024662", "timestamp": 1659947134462, "tick_direction": 1, "price": 0.014, "mark_price": 0.01355291, "iv": 78.27, "instrument_name": "BTC-30DEC22-55000-C", "index_price": 23878.81, "direction": "buy", "amount": 0.1}, {"trade_seq": 1408, "trade_id": "226024661", "timestamp": 1659947134444, "tick_direction": 1, "price": 0.014, "mark_price": 0.01355291, "iv": 78.27, "instrument_name": "BTC-30DEC22-55000-C", "index_price": 23878.81, "direction": "buy", "amount": 0.1}, {"trade_seq": 1407, "trade_id": "226024658", "timestamp": 1659947134423, "tick_direction": 1, "price": 0.014, "mark_price": 0.01355291, "iv": 78.27, "instrument_name": "BTC-30DEC22-55000-C", "index_price": 23878.81, "direction": "buy", "amount": 0.1}, {"trade_seq": 1406, "trade_id": "226024652", "timestamp": 1659947134406, "tick_direction": 1, "price": 0.014, "mark_price": 0.01355291, "iv": 78.27, "instrument_name": "BTC-30DEC22-55000-C", "index_price": 23878.81, "direction": "buy", "amount": 0.3}, {"trade_seq": 1405, "trade_id": "226024642", "timestamp": 1659947134332, "tick_direction": 1, "price": 0.014, "mark_price": 0.01355291, "iv": 78.27, "instrument_name": "BTC-30DEC22-55000-C", "index_price": 23878.81, "direction": "buy", "amount": 0.4}, {"trade_seq": 1404, "trade_id": "226024640", "timestamp": 1659947134316, "tick_direction": 1, "price": 0.014, "mark_price": 0.01355291, "iv": 78.27, "instrument_name": "BTC-30DEC22-55000-C", "index_price": 23878.81, "direction": "buy", "amount": 0.4}, {"trade_seq": 1403, "trade_id": "226024639", "timestamp": 1659947134295, "tick_direction": 1, "price": 0.014, "mark_price": 0.01355291, "iv": 78.27, "instrument_name": "BTC-30DEC22-55000-C", "index_price": 23878.81, "direction": "buy", "amount": 0.6}, {"trade_seq": 1402, "trade_id": "226024637", "timestamp": 1659947134280, "tick_direction": 1, "price": 0.014, "mark_price": 0.01355291, "iv": 78.27, "instrument_name": "BTC-30DEC22-55000-C", "index_price": 23878.81, "direction": "buy", "amount": 0.8}, {"trade_seq": 1401, "trade_id": "226024634", "timestamp": 1659947134175, "tick_direction": 1, "price": 0.014, "mark_price": 0.01355291, "iv": 78.27, "instrument_name": "BTC-30DEC22-55000-C", "index_price": 23878.81, "direction": "buy", "amount": 1.0}, {"trade_seq": 1400, "trade_id": "226024077", "timestamp": 1659946771469, "tick_direction": 1, "price": 0.014, "mark_price": 0.01343423, "iv": 78.41, "instrument_name": "BTC-30DEC22-55000-C", "index_price": 23835.27, "direction": "buy", "amount": 0.1}, {"trade_seq": 1399, "trade_id": "226024074", "timestamp": 1659946771459, "tick_direction": 1, "price": 0.014, "mark_price": 0.01343423, "iv": 78.41, "instrument_name": "BTC-30DEC22-55000-C", "index_price": 23835.27, "direction": "buy", "amount": 0.1}, {"trade_seq": 1398, "trade_id": "226024067", "timestamp": 1659946767846, "tick_direction": 1, "price": 0.014, "mark_price": 0.01343081, "iv": 78.42, "instrument_name": "BTC-30DEC22-55000-C", "index_price": 23833.3, "direction": "buy", "amount": 0.1}, {"trade_seq": 1397, "trade_id": "226024066", "timestamp": 1659946767392, "tick_direction": 1, "price": 0.014, "mark_price": 0.01343081, "iv": 78.42, "instrument_name": "BTC-30DEC22-55000-C", "index_price": 23833.3, "direction": "buy", "amount": 0.1}, {"trade_seq": 1396, "trade_id": "226024065", "timestamp": 1659946766217, "tick_direction": 1, "price": 0.014, "mark_price": 0.01343098, "iv": 78.41, "instrument_name": "BTC-30DEC22-55000-C", "index_price": 23833.55, "direction": "buy", "amount": 0.1}, {"trade_seq": 1395, "trade_id": "226024063", "timestamp": 1659946765507, "tick_direction": 1, "price": 0.014, "mark_price": 0.01342945, "iv": 78.41, "instrument_name": "BTC-30DEC22-55000-C", "index_price": 23833.44, "direction": "buy", "amount": 0.1}, {"trade_seq": 1394, "trade_id": "226024061", "timestamp": 1659946765419, "tick_direction": 1, "price": 0.014, "mark_price": 0.01342945, "iv": 78.41, "instrument_name": "BTC-30DEC22-55000-C", "index_price": 23833.44, "direction": "buy", "amount": 0.1}, {"trade_seq": 1393, "trade_id": "226024055", "timestamp": 1659946762253, "tick_direction": 1, "price": 0.014, "mark_price": 0.01342746, "iv": 78.42, "instrument_name": "BTC-30DEC22-55000-C", "index_price": 23831.66, "direction": "buy", "amount": 0.1}, {"trade_seq": 1392, "trade_id": "226024054", "timestamp": 1659946760305, "tick_direction": 1, "price": 0.014, "mark_price": 0.01342046, "iv": 78.43, "instrument_name": "BTC-30DEC22-55000-C", "index_price": 23828.81, "direction": "buy", "amount": 0.1}, {"trade_seq": 1391, "trade_id": "226024053", "timestamp": 1659946760213, "tick_direction": 1, "price": 0.014, "mark_price": 0.01342046, "iv": 78.43, "instrument_name": "BTC-30DEC22-55000-C", "index_price": 23828.81, "direction": "buy", "amount": 0.1}, {"trade_seq": 1390, "trade_id": "226024052", "timestamp": 1659946760198, "tick_direction": 1, "price": 0.014, "mark_price": 0.01342046, "iv": 78.43, "instrument_name": "BTC-30DEC22-55000-C", "index_price": 23828.81, "direction": "buy", "amount": 0.1}, {"trade_seq": 1389, "trade_id": "226024048", "timestamp": 1659946760052, "tick_direction": 1, "price": 0.014, "mark_price": 0.01342046, "iv": 78.43, "instrument_name": "BTC-30DEC22-55000-C", "index_price": 23828.9, "direction": "buy", "amount": 0.1}, {"trade_seq": 1388, "trade_id": "226024047", "timestamp": 1659946759404, "tick_direction": 1, "price": 0.014, "mark_price": 0.01342202, "iv": 78.43, "instrument_name": "BTC-30DEC22-55000-C", "index_price": 23828.9, "direction": "buy", "amount": 0.1}, {"trade_seq": 1387, "trade_id": "226024044", "timestamp": 1659946759391, "tick_direction": 1, "price": 0.014, "mark_price": 0.01342202, "iv": 78.43, "instrument_name": "BTC-30DEC22-55000-C", "index_price": 23828.9, "direction": "buy", "amount": 0.1}, {"trade_seq": 1386, "trade_id": "226024041", "timestamp": 1659946755391, "tick_direction": 1, "price": 0.014, "mark_price": 0.01341773, "iv": 78.43, "instrument_name": "BTC-30DEC22-55000-C", "index_price": 23828.87, "direction": "buy", "amount": 0.1}, {"trade_seq": 1385, "trade_id": "226024038", "timestamp": 1659946750579, "tick_direction": 1, "price": 0.014, "mark_price": 0.01341531, "iv": 78.43, "instrument_name": "BTC-30DEC22-55000-C", "index_price": 23826.64, "direction": "buy", "amount": 0.1}, {"trade_seq": 1384, "trade_id": "226024035", "timestamp": 1659946748064, "tick_direction": 1, "price": 0.014, "mark_price": 0.01340613, "iv": 78.43, "instrument_name": "BTC-30DEC22-55000-C", "index_price": 23825.56, "direction": "buy", "amount": 0.1}, {"trade_seq": 1383, "trade_id": "226024027", "timestamp": 1659946744280, "tick_direction": 1, "price": 0.014, "mark_price": 0.01339996, "iv": 78.45, "instrument_name": "BTC-30DEC22-55000-C", "index_price": 23820.59, "direction": "buy", "amount": 0.1}, {"trade_seq": 1382, "trade_id": "226024026", "timestamp": 1659946744272, "tick_direction": 1, "price": 0.014, "mark_price": 0.01339996, "iv": 78.45, "instrument_name": "BTC-30DEC22-55000-C", "index_price": 23820.59, "direction": "buy", "amount": 0.1}, {"trade_seq": 1381, "trade_id": "226024024", "timestamp": 1659946741520, "tick_direction": 1, "price": 0.014, "mark_price": 0.01339954, "iv": 78.45, "instrument_name": "BTC-30DEC22-55000-C", "index_price": 23820.09, "direction": "buy", "amount": 0.1}, {"trade_seq": 1380, "trade_id": "226024022", "timestamp": 1659946735163, "tick_direction": 1, "price": 0.014, "mark_price": 0.0134013, "iv": 78.44, "instrument_name": "BTC-30DEC22-55000-C", "index_price": 23821.63, "direction": "buy", "amount": 0.1}, {"trade_seq": 1379, "trade_id": "226024021", "timestamp": 1659946731790, "tick_direction": 1, "price": 0.014, "mark_price": 0.01339762, "iv": 78.45, "instrument_name": "BTC-30DEC22-55000-C", "index_price": 23820.69, "direction": "buy", "amount": 0.1}, {"trade_seq": 1378, "trade_id": "226024014", "timestamp": 1659946729330, "tick_direction": 1, "price": 0.014, "mark_price": 0.01339974, "iv": 78.45, "instrument_name": "BTC-30DEC22-55000-C", "index_price": 23821.7, "direction": "buy", "amount": 0.1}, {"trade_seq": 1377, "trade_id": "226024013", "timestamp": 1659946729115, "tick_direction": 1, "price": 0.014, "mark_price": 0.01339974, "iv": 78.45, "instrument_name": "BTC-30DEC22-55000-C", "index_price": 23821.7, "direction": "buy", "amount": 0.1}, {"trade_seq": 1376, "trade_id": "226024012", "timestamp": 1659946725879, "tick_direction": 1, "price": 0.014, "mark_price": 0.01339785, "iv": 78.45, "instrument_name": "BTC-30DEC22-55000-C", "index_price": 23821.09, "direction": "buy", "amount": 0.1}, {"trade_seq": 1375, "trade_id": "226024010", "timestamp": 1659946721570, "tick_direction": 1, "price": 0.014, "mark_price": 0.01337394, "iv": 78.47, "instrument_name": "BTC-30DEC22-55000-C", "index_price": 23812.74, "direction": "buy", "amount": 0.1}, {"trade_seq": 1374, "trade_id": "226024009", "timestamp": 1659946721534, "tick_direction": 1, "price": 0.014, "mark_price": 0.01337394, "iv": 78.47, "instrument_name": "BTC-30DEC22-55000-C", "index_price": 23812.74, "direction": "buy", "amount": 0.1}, {"trade_seq": 1373, "trade_id": "226024008", "timestamp": 1659946721514, "tick_direction": 1, "price": 0.014, "mark_price": 0.01337394, "iv": 78.47, "instrument_name": "BTC-30DEC22-55000-C", "index_price": 23812.74, "direction": "buy", "amount": 0.1}, {"trade_seq": 1372, "trade_id": "226024007", "timestamp": 1659946721467, "tick_direction": 1, "price": 0.014, "mark_price": 0.01337394, "iv": 78.47, "instrument_name": "BTC-30DEC22-55000-C", "index_price": 23812.74, "direction": "buy", "amount": 0.1}, {"trade_seq": 1371, "trade_id": "226024006", "timestamp": 1659946721449, "tick_direction": 1, "price": 0.014, "mark_price": 0.01337394, "iv": 78.47, "instrument_name": "BTC-30DEC22-55000-C", "index_price": 23812.74, "direction": "buy", "amount": 0.1}, {"trade_seq": 1370, "trade_id": "226024005", "timestamp": 1659946721433, "tick_direction": 0, "price": 0.014, "mark_price": 0.01337394, "iv": 78.47, "instrument_name": "BTC-30DEC22-55000-C", "index_price": 23812.74, "direction": "buy", "amount": 0.1}, {"trade_seq": 1369, "trade_id": "225930020", "timestamp": 1659759165684, "tick_direction": 2, "price": 0.013, "mark_price": 0.0132281, "iv": 78.58, "instrument_name": "BTC-30DEC22-55000-C", "index_price": 23181.18, "direction": "sell", "amount": 2.3}, {"trade_seq": 1368, "trade_id": "225908945", "timestamp": 1659731348500, "tick_direction": 3, "price": 0.0135, "mark_price": 0.01255096, "iv": 79.79, "instrument_name": "BTC-30DEC22-55000-C", "index_price": 22937.61, "direction": "buy", "amount": 2.0}, {"trade_seq": 1367, "trade_id": "225908944", "timestamp": 1659731348500, "tick_direction": 2, "price": 0.0135, "mark_price": 0.01255096, "iv": 79.79, "instrument_name": "BTC-30DEC22-55000-C", "index_price": 22937.61, "direction": "buy", "amount": 2.0}, {"trade_seq": 1366, "trade_id": "225844108", "timestamp": 1659679538219, "tick_direction": 0, "price": 0.014, "mark_price": 0.01330088, "iv": 78.75, "instrument_name": "BTC-30DEC22-55000-C", "index_price": 23416.33, "direction": "buy", "amount": 2.0}, {"trade_seq": 1365, "trade_id": "225808427", "timestamp": 1659633363409, "tick_direction": 3, "price": 0.0115, "mark_price": 0.01240835, "iv": 78.07, "instrument_name": "BTC-30DEC22-55000-C", "index_price": 22614.18, "direction": "buy", "amount": 3.9}, {"trade_seq": 1364, "trade_id": "225808426", "timestamp": 1659633363401, "tick_direction": 3, "price": 0.0115, "mark_price": 0.01240835, "iv": 78.07, "instrument_name": "BTC-30DEC22-55000-C", "index_price": 22614.18, "direction": "sell", "amount": 4.0}, {"trade_seq": 1363, "trade_id": "225808425", "timestamp": 1659633363401, "tick_direction": 2, "price": 0.0115, "mark_price": 0.01240835, "iv": 78.07, "instrument_name": "BTC-30DEC22-55000-C", "index_price": 22614.18, "direction": "sell", "amount": 3.3}, {"trade_seq": 1362, "trade_id": "225786466", "timestamp": 1659619614780, "tick_direction": 0, "price": 0.0135, "mark_price": 0.01275269, "iv": 79.46, "instrument_name": "BTC-30DEC22-55000-C", "index_price": 22925.33, "direction": "buy", "amount": 3.0}, {"trade_seq": 1361, "trade_id": "225780154", "timestamp": 1659611357968, "tick_direction": 1, "price": 0.013, "mark_price": 0.01225614, "iv": 79.05, "instrument_name": "BTC-30DEC22-55000-C", "index_price": 22873.39, "direction": "buy", "amount": 0.3}, {"trade_seq": 1360, "trade_id": "225780153", "timestamp": 1659611357968, "tick_direction": 0, "price": 0.013, "mark_price": 0.01225614, "iv": 79.05, "instrument_name": "BTC-30DEC22-55000-C", "index_price": 22873.39, "direction": "buy", "amount": 2.7}, {"trade_seq": 1359, "trade_id": "225765024", "timestamp": 1659595624677, "tick_direction": 2, "price": 0.012, "mark_price": 0.01250944, "iv": 77.55, "instrument_name": "BTC-30DEC22-55000-C", "index_price": 22968.97, "direction": "sell", "amount": 1.4}, {"trade_seq": 1358, "trade_id": "225700285", "timestamp": 1659528962432, "tick_direction": 1, "price": 0.0125, "mark_price": 0.01311908, "iv": 75.96, "instrument_name": "BTC-30DEC22-55000-C", "index_price": 23624.5, "direction": "buy", "amount": 2.7}, {"trade_seq": 1357, "trade_id": "225688280", "timestamp": 1659517163045, "tick_direction": 0, "price": 0.0125, "mark_price": 0.01264053, "iv": 76.85, "instrument_name": "BTC-30DEC22-55000-C", "index_price": 23292.98, "direction": "buy", "amount": 0.3}, {"trade_seq": 1356, "trade_id": "224888600", "timestamp": 1659011998055, "tick_direction": 2, "price": 0.0115, "mark_price": 0.01195759, "iv": 75.7, "instrument_name": "BTC-30DEC22-55000-C", "index_price": 22811.53, "direction": "buy", "amount": 1.0}, {"trade_seq": 1355, "trade_id": "224680709", "timestamp": 1658911822945, "tick_direction": 3, "price": 0.012, "mark_price": 0.01216982, "iv": 80.33, "instrument_name": "BTC-30DEC22-55000-C", "index_price": 21347.25, "direction": "buy", "amount": 1.0}, {"trade_seq": 1354, "trade_id": "224680610", "timestamp": 1658911761312, "tick_direction": 3, "price": 0.012, "mark_price": 0.01218148, "iv": 80.31, "instrument_name": "BTC-30DEC22-55000-C", "index_price": 21353.21, "direction": "buy", "amount": 0.1}, {"trade_seq": 1353, "trade_id": "224680609", "timestamp": 1658911761303, "tick_direction": 2, "price": 0.012, "mark_price": 0.01218148, "iv": 80.31, "instrument_name": "BTC-30DEC22-55000-C", "index_price": 21353.21, "direction": "buy", "amount": 0.1}, {"trade_seq": 1352, "trade_id": "224418738", "timestamp": 1658717731328, "tick_direction": 2, "price": 0.0135, "mark_price": 0.01364105, "iv": 79.78, "instrument_name": "BTC-30DEC22-55000-C", "index_price": 21925.73, "direction": "sell", "amount": 4.0}, {"trade_seq": 1351, "trade_id": "224310124", "timestamp": 1658620619527, "tick_direction": 2, "price": 0.0145, "mark_price": 0.01514029, "iv": 79.05, "instrument_name": "BTC-30DEC22-55000-C", "index_price": 22462.13, "direction": "sell", "amount": 1.8}, {"trade_seq": 1350, "trade_id": "224108811", "timestamp": 1658481445162, "tick_direction": 1, "price": 0.0175, "mark_price": 0.01664699, "iv": 78.74, "instrument_name": "BTC-30DEC22-55000-C", "index_price": 23475.76, "direction": "buy", "amount": 4.0}, {"trade_seq": 1349, "trade_id": "224108810", "timestamp": 1658481445162, "tick_direction": 0, "price": 0.0175, "mark_price": 0.01664699, "iv": 78.74, "instrument_name": "BTC-30DEC22-55000-C", "index_price": 23475.76, "direction": "buy", "amount": 2.7}, {"trade_seq": 1348, "trade_id": "224081211", "timestamp": 1658472258920, "tick_direction": 3, "price": 0.015, "mark_price": 0.01502898, "iv": 77.21, "instrument_name": "BTC-30DEC22-55000-C", "index_price": 23164.23, "direction": "buy", "amount": 0.1}, {"trade_seq": 1347, "trade_id": "224077895", "timestamp": 1658469080943, "tick_direction": 3, "price": 0.015, "mark_price": 0.01493171, "iv": 77.37, "instrument_name": "BTC-30DEC22-55000-C", "index_price": 23097.07, "direction": "sell", "amount": 0.2}, {"trade_seq": 1346, "trade_id": "224077894", "timestamp": 1658469080935, "tick_direction": 3, "price": 0.015, "mark_price": 0.01493171, "iv": 77.37, "instrument_name": "BTC-30DEC22-55000-C", "index_price": 23097.07, "direction": "sell", "amount": 0.3}, {"trade_seq": 1345, "trade_id": "224077893", "timestamp": 1658469080925, "tick_direction": 3, "price": 0.015, "mark_price": 0.01493171, "iv": 77.37, "instrument_name": "BTC-30DEC22-55000-C", "index_price": 23097.07, "direction": "sell", "amount": 0.3}, {"trade_seq": 1344, "trade_id": "224077566", "timestamp": 1658468613809, "tick_direction": 3, "price": 0.015, "mark_price": 0.01489926, "iv": 77.33, "instrument_name": "BTC-30DEC22-55000-C", "index_price": 23106.82, "direction": "sell", "amount": 0.5}, {"trade_seq": 1343, "trade_id": "224077347", "timestamp": 1658468150485, "tick_direction": 3, "price": 0.015, "mark_price": 0.01500944, "iv": 77.28, "instrument_name": "BTC-30DEC22-55000-C", "index_price": 23123.51, "direction": "sell", "amount": 0.2}, {"trade_seq": 1342, "trade_id": "224076525", "timestamp": 1658467934984, "tick_direction": 3, "price": 0.015, "mark_price": 0.01492279, "iv": 77.41, "instrument_name": "BTC-30DEC22-55000-C", "index_price": 23083.35, "direction": "sell", "amount": 0.1}, {"trade_seq": 1341, "trade_id": "224076190", "timestamp": 1658467846722, "tick_direction": 3, "price": 0.015, "mark_price": 0.01482537, "iv": 77.52, "instrument_name": "BTC-30DEC22-55000-C", "index_price": 23048.36, "direction": "sell", "amount": 1.6}, {"trade_seq": 1340, "trade_id": "224075233", "timestamp": 1658467245234, "tick_direction": 3, "price": 0.015, "mark_price": 0.01494749, "iv": 77.6, "instrument_name": "BTC-30DEC22-55000-C", "index_price": 23010.02, "direction": "sell", "amount": 0.8}, {"trade_seq": 1339, "trade_id": "224075229", "timestamp": 1658467243289, "tick_direction": 3, "price": 0.015, "mark_price": 0.01492297, "iv": 77.61, "instrument_name": "BTC-30DEC22-55000-C", "index_price": 23004.78, "direction": "sell", "amount": 1.6}, {"trade_seq": 1338, "trade_id": "224074620", "timestamp": 1658467022749, "tick_direction": 3, "price": 0.015, "mark_price": 0.01482411, "iv": 77.77, "instrument_name": "BTC-30DEC22-55000-C", "index_price": 22957.0, "direction": "sell", "amount": 1.1}, {"trade_seq": 1337, "trade_id": "224074619", "timestamp": 1658467022733, "tick_direction": 3, "price": 0.015, "mark_price": 0.01482411, "iv": 77.77, "instrument_name": "BTC-30DEC22-55000-C", "index_price": 22957.0, "direction": "sell", "amount": 1.5}, {"trade_seq": 1336, "trade_id": "224073608", "timestamp": 1658466132372, "tick_direction": 3, "price": 0.015, "mark_price": 0.01487476, "iv": 77.72, "instrument_name": "BTC-30DEC22-55000-C", "index_price": 22983.5, "direction": "sell", "amount": 0.2}, {"trade_seq": 1335, "trade_id": "224072886", "timestamp": 1658465175136, "tick_direction": 3, "price": 0.015, "mark_price": 0.01499276, "iv": 77.78, "instrument_name": "BTC-30DEC22-55000-C", "index_price": 22947.0, "direction": "sell", "amount": 0.2}, {"trade_seq": 1334, "trade_id": "224072837", "timestamp": 1658465156938, "tick_direction": 3, "price": 0.015, "mark_price": 0.01495493, "iv": 77.83, "instrument_name": "BTC-30DEC22-55000-C", "index_price": 22931.42, "direction": "sell", "amount": 0.6}, {"trade_seq": 1333, "trade_id": "224072793", "timestamp": 1658465128645, "tick_direction": 3, "price": 0.015, "mark_price": 0.01493564, "iv": 77.85, "instrument_name": "BTC-30DEC22-55000-C", "index_price": 22920.57, "direction": "sell", "amount": 1.0}, {"trade_seq": 1332, "trade_id": "224072749", "timestamp": 1658465098638, "tick_direction": 3, "price": 0.015, "mark_price": 0.01490042, "iv": 77.89, "instrument_name": "BTC-30DEC22-55000-C", "index_price": 22907.32, "direction": "sell", "amount": 1.9}, {"trade_seq": 1331, "trade_id": "224069925", "timestamp": 1658463586307, "tick_direction": 2, "price": 0.015, "mark_price": 0.01495923, "iv": 77.79, "instrument_name": "BTC-30DEC22-55000-C", "index_price": 22943.37, "direction": "sell", "amount": 1.7}, {"trade_seq": 1330, "trade_id": "224044328", "timestamp": 1658435317118, "tick_direction": 3, "price": 0.0155, "mark_price": 0.01564506, "iv": 77.63, "instrument_name": "BTC-30DEC22-55000-C", "index_price": 23153.24, "direction": "buy", "amount": 3.5}, {"trade_seq": 1329, "trade_id": "224042665", "timestamp": 1658434293605, "tick_direction": 3, "price": 0.0155, "mark_price": 0.01566531, "iv": 77.52, "instrument_name": "BTC-30DEC22-55000-C", "index_price": 23180.22, "direction": "sell", "amount": 0.1}, {"trade_seq": 1328, "trade_id": "224019011", "timestamp": 1658422699187, "tick_direction": 3, "price": 0.0155, "mark_price": 0.01609503, "iv": 77.9, "instrument_name": "BTC-30DEC22-55000-C", "index_price": 23046.15, "direction": "sell", "amount": 0.1}, {"trade_seq": 1327, "trade_id": "224019010", "timestamp": 1658422699178, "tick_direction": 3, "price": 0.0155, "mark_price": 0.01609503, "iv": 77.9, "instrument_name": "BTC-30DEC22-55000-C", "index_price": 23046.15, "direction": "sell", "amount": 0.1}, {"trade_seq": 1326, "trade_id": "224019009", "timestamp": 1658422698678, "tick_direction": 3, "price": 0.0155, "mark_price": 0.01609503, "iv": 77.9, "instrument_name": "BTC-30DEC22-55000-C", "index_price": 23047.95, "direction": "sell", "amount": 0.1}, {"trade_seq": 1325, "trade_id": "224019007", "timestamp": 1658422697414, "tick_direction": 3, "price": 0.0155, "mark_price": 0.01610081, "iv": 77.89, "instrument_name": "BTC-30DEC22-55000-C", "index_price": 23050.13, "direction": "sell", "amount": 0.1}, {"trade_seq": 1324, "trade_id": "224019006", "timestamp": 1658422697363, "tick_direction": 3, "price": 0.0155, "mark_price": 0.01610081, "iv": 77.89, "instrument_name": "BTC-30DEC22-55000-C", "index_price": 23050.13, "direction": "sell", "amount": 0.1}, {"trade_seq": 1323, "trade_id": "224018589", "timestamp": 1658422488596, "tick_direction": 3, "price": 0.0155, "mark_price": 0.01620509, "iv": 77.91, "instrument_name": "BTC-30DEC22-55000-C", "index_price": 23036.5, "direction": "sell", "amount": 0.1}, {"trade_seq": 1322, "trade_id": "224018588", "timestamp": 1658422488573, "tick_direction": 3, "price": 0.0155, "mark_price": 0.01620509, "iv": 77.91, "instrument_name": "BTC-30DEC22-55000-C", "index_price": 23036.5, "direction": "sell", "amount": 0.1}, {"trade_seq": 1321, "trade_id": "224018587", "timestamp": 1658422486597, "tick_direction": 3, "price": 0.0155, "mark_price": 0.01620644, "iv": 77.91, "instrument_name": "BTC-30DEC22-55000-C", "index_price": 23036.31, "direction": "sell", "amount": 0.1}, {"trade_seq": 1320, "trade_id": "224018579", "timestamp": 1658422455945, "tick_direction": 3, "price": 0.0155, "mark_price": 0.01617833, "iv": 77.95, "instrument_name": "BTC-30DEC22-55000-C", "index_price": 23021.17, "direction": "sell", "amount": 0.1}, {"trade_seq": 1319, "trade_id": "224018578", "timestamp": 1658422454840, "tick_direction": 3, "price": 0.0155, "mark_price": 0.01617671, "iv": 77.95, "instrument_name": "BTC-30DEC22-55000-C", "index_price": 23020.58, "direction": "sell", "amount": 0.1}, {"trade_seq": 1318, "trade_id": "224018537", "timestamp": 1658422432229, "tick_direction": 3, "price": 0.0155, "mark_price": 0.01618045, "iv": 77.95, "instrument_name": "BTC-30DEC22-55000-C", "index_price": 23021.0, "direction": "sell", "amount": 0.1}, {"trade_seq": 1317, "trade_id": "224018536", "timestamp": 1658422432213, "tick_direction": 3, "price": 0.0155, "mark_price": 0.01618045, "iv": 77.95, "instrument_name": "BTC-30DEC22-55000-C", "index_price": 23021.0, "direction": "sell", "amount": 0.1}, {"trade_seq": 1316, "trade_id": "224018535", "timestamp": 1658422432191, "tick_direction": 3, "price": 0.0155, "mark_price": 0.01618045, "iv": 77.95, "instrument_name": "BTC-30DEC22-55000-C", "index_price": 23021.0, "direction": "sell", "amount": 0.1}, {"trade_seq": 1315, "trade_id": "224018531", "timestamp": 1658422432008, "tick_direction": 3, "price": 0.0155, "mark_price": 0.01618045, "iv": 77.95, "instrument_name": "BTC-30DEC22-55000-C", "index_price": 23021.0, "direction": "sell", "amount": 0.1}, {"trade_seq": 1314, "trade_id": "224018493", "timestamp": 1658422393679, "tick_direction": 3, "price": 0.0155, "mark_price": 0.01622117, "iv": 77.93, "instrument_name": "BTC-30DEC22-55000-C", "index_price": 23026.77, "direction": "sell", "amount": 0.1}, {"trade_seq": 1313, "trade_id": "224018492", "timestamp": 1658422393573, "tick_direction": 3, "price": 0.0155, "mark_price": 0.01622117, "iv": 77.93, "instrument_name": "BTC-30DEC22-55000-C", "index_price": 23026.77, "direction": "sell", "amount": 0.1}, {"trade_seq": 1312, "trade_id": "224018491", "timestamp": 1658422392182, "tick_direction": 3, "price": 0.0155, "mark_price": 0.01622668, "iv": 77.92, "instrument_name": "BTC-30DEC22-55000-C", "index_price": 23029.11, "direction": "sell", "amount": 0.1}, {"trade_seq": 1311, "trade_id": "224018490", "timestamp": 1658422390279, "tick_direction": 3, "price": 0.0155, "mark_price": 0.0162302, "iv": 77.92, "instrument_name": "BTC-30DEC22-55000-C", "index_price": 23029.41, "direction": "sell", "amount": 0.1}, {"trade_seq": 1310, "trade_id": "224018483", "timestamp": 1658422377507, "tick_direction": 3, "price": 0.0155, "mark_price": 0.01624818, "iv": 77.91, "instrument_name": "BTC-30DEC22-55000-C", "index_price": 23035.06, "direction": "sell", "amount": 0.1}, {"trade_seq": 1309, "trade_id": "224018482", "timestamp": 1658422377455, "tick_direction": 3, "price": 0.0155, "mark_price": 0.01624818, "iv": 77.91, "instrument_name": "BTC-30DEC22-55000-C", "index_price": 23035.06, "direction": "sell", "amount": 0.1}, {"trade_seq": 1308, "trade_id": "224018481", "timestamp": 1658422377082, "tick_direction": 3, "price": 0.0155, "mark_price": 0.01624818, "iv": 77.91, "instrument_name": "BTC-30DEC22-55000-C", "index_price": 23035.06, "direction": "sell", "amount": 0.1}, {"trade_seq": 1307, "trade_id": "224018480", "timestamp": 1658422377058, "tick_direction": 3, "price": 0.0155, "mark_price": 0.01624818, "iv": 77.91, "instrument_name": "BTC-30DEC22-55000-C", "index_price": 23035.06, "direction": "sell", "amount": 0.1}, {"trade_seq": 1306, "trade_id": "224018479", "timestamp": 1658422377032, "tick_direction": 3, "price": 0.0155, "mark_price": 0.01624818, "iv": 77.91, "instrument_name": "BTC-30DEC22-55000-C", "index_price": 23035.06, "direction": "sell", "amount": 0.1}, {"trade_seq": 1305, "trade_id": "224018477", "timestamp": 1658422376767, "tick_direction": 3, "price": 0.0155, "mark_price": 0.01624818, "iv": 77.91, "instrument_name": "BTC-30DEC22-55000-C", "index_price": 23036.14, "direction": "sell", "amount": 0.1}, {"trade_seq": 1304, "trade_id": "224018476", "timestamp": 1658422376686, "tick_direction": 3, "price": 0.0155, "mark_price": 0.01624818, "iv": 77.91, "instrument_name": "BTC-30DEC22-55000-C", "index_price": 23036.14, "direction": "sell", "amount": 0.1}, {"trade_seq": 1303, "trade_id": "224018475", "timestamp": 1658422376272, "tick_direction": 3, "price": 0.0155, "mark_price": 0.01624919, "iv": 77.91, "instrument_name": "BTC-30DEC22-55000-C", "index_price": 23036.14, "direction": "sell", "amount": 0.1}, {"trade_seq": 1302, "trade_id": "224018473", "timestamp": 1658422361367, "tick_direction": 3, "price": 0.0155, "mark_price": 0.0162573, "iv": 77.91, "instrument_name": "BTC-30DEC22-55000-C", "index_price": 23036.22, "direction": "sell", "amount": 0.1}, {"trade_seq": 1301, "trade_id": "223988251", "timestamp": 1658411563681, "tick_direction": 3, "price": 0.0155, "mark_price": 0.01549771, "iv": 79.02, "instrument_name": "BTC-30DEC22-55000-C", "index_price": 22635.83, "direction": "buy", "amount": 2.5}, {"trade_seq": 1300, "trade_id": "223974425", "timestamp": 1658405177809, "tick_direction": 2, "price": 0.0155, "mark_price": 0.01491055, "iv": 79.18, "instrument_name": "BTC-30DEC22-55000-C", "index_price": 22577.84, "direction": "buy", "amount": 5.0}, {"trade_seq": 1299, "trade_id": "223974318", "timestamp": 1658405145576, "tick_direction": 1, "price": 0.016, "mark_price": 0.01491191, "iv": 79.66, "instrument_name": "BTC-30DEC22-55000-C", "index_price": 22583.51, "direction": "sell", "amount": 3.4}, {"trade_seq": 1298, "trade_id": "223974317", "timestamp": 1658405145574, "tick_direction": 0, "price": 0.016, "mark_price": 0.01491191, "iv": 79.66, "instrument_name": "BTC-30DEC22-55000-C", "index_price": 22583.51, "direction": "buy", "amount": 2.3}, {"trade_seq": 1297, "trade_id": "223974279", "timestamp": 1658405127101, "tick_direction": 1, "price": 0.0155, "mark_price": 0.01491015, "iv": 79.12, "instrument_name": "BTC-30DEC22-55000-C", "index_price": 22594.76, "direction": "buy", "amount": 6.2}, {"trade_seq": 1296, "trade_id": "223974077", "timestamp": 1658404997489, "tick_direction": 1, "price": 0.0155, "mark_price": 0.01487803, "iv": 78.99, "instrument_name": "BTC-30DEC22-55000-C", "index_price": 22645.28, "direction": "sell", "amount": 1.8}, {"trade_seq": 1295, "trade_id": "223974076", "timestamp": 1658404996469, "tick_direction": 1, "price": 0.0155, "mark_price": 0.01487104, "iv": 78.99, "instrument_name": "BTC-30DEC22-55000-C", "index_price": 22644.63, "direction": "sell", "amount": 6.6}, {"trade_seq": 1294, "trade_id": "223974075", "timestamp": 1658404996456, "tick_direction": 1, "price": 0.0155, "mark_price": 0.01487104, "iv": 78.99, "instrument_name": "BTC-30DEC22-55000-C", "index_price": 22644.63, "direction": "buy", "amount": 4.0}, {"trade_seq": 1293, "trade_id": "223974074", "timestamp": 1658404996456, "tick_direction": 0, "price": 0.0155, "mark_price": 0.01487104, "iv": 78.99, "instrument_name": "BTC-30DEC22-55000-C", "index_price": 22644.63, "direction": "buy", "amount": 2.6}, {"trade_seq": 1292, "trade_id": "223973961", "timestamp": 1658404910579, "tick_direction": 2, "price": 0.015, "mark_price": 0.01476386, "iv": 78.51, "instrument_name": "BTC-30DEC22-55000-C", "index_price": 22628.87, "direction": "buy", "amount": 3.1}, {"trade_seq": 1291, "trade_id": "223913259", "timestamp": 1658370329003, "tick_direction": 3, "price": 0.0155, "mark_price": 0.01536966, "iv": 77.3, "instrument_name": "BTC-30DEC22-55000-C", "index_price": 23174.27, "direction": "sell", "amount": 1.5}, {"trade_seq": 1290, "trade_id": "223913094", "timestamp": 1658370289733, "tick_direction": 2, "price": 0.0155, "mark_price": 0.01535548, "iv": 77.3, "instrument_name": "BTC-30DEC22-55000-C", "index_price": 23168.18, "direction": "sell", "amount": 2.7}, {"trade_seq": 1289, "trade_id": "223890398", "timestamp": 1658356076325, "tick_direction": 3, "price": 0.016, "mark_price": 0.01637804, "iv": 76.84, "instrument_name": "BTC-30DEC22-55000-C", "index_price": 23504.29, "direction": "sell", "amount": 0.1}, {"trade_seq": 1288, "trade_id": "223890397", "timestamp": 1658356076315, "tick_direction": 3, "price": 0.016, "mark_price": 0.01637804, "iv": 76.84, "instrument_name": "BTC-30DEC22-55000-C", "index_price": 23504.29, "direction": "sell", "amount": 0.1}, {"trade_seq": 1287, "trade_id": "223890396", "timestamp": 1658356075596, "tick_direction": 3, "price": 0.016, "mark_price": 0.01637804, "iv": 76.84, "instrument_name": "BTC-30DEC22-55000-C", "index_price": 23504.29, "direction": "sell", "amount": 0.1}, {"trade_seq": 1286, "trade_id": "223890395", "timestamp": 1658356075581, "tick_direction": 3, "price": 0.016, "mark_price": 0.01637804, "iv": 76.84, "instrument_name": "BTC-30DEC22-55000-C", "index_price": 23504.29, "direction": "sell", "amount": 0.2}, {"trade_seq": 1285, "trade_id": "223890383", "timestamp": 1658356073936, "tick_direction": 3, "price": 0.016, "mark_price": 0.01639388, "iv": 76.81, "instrument_name": "BTC-30DEC22-55000-C", "index_price": 23512.27, "direction": "sell", "amount": 0.1}, {"trade_seq": 1284, "trade_id": "223890382", "timestamp": 1658356073890, "tick_direction": 3, "price": 0.016, "mark_price": 0.01639388, "iv": 76.81, "instrument_name": "BTC-30DEC22-55000-C", "index_price": 23512.27, "direction": "sell", "amount": 0.1}, {"trade_seq": 1283, "trade_id": "223890380", "timestamp": 1658356073876, "tick_direction": 3, "price": 0.016, "mark_price": 0.01639388, "iv": 76.81, "instrument_name": "BTC-30DEC22-55000-C", "index_price": 23512.27, "direction": "sell", "amount": 0.1}, {"trade_seq": 1282, "trade_id": "223890372", "timestamp": 1658356073127, "tick_direction": 3, "price": 0.016, "mark_price": 0.01640162, "iv": 76.8, "instrument_name": "BTC-30DEC22-55000-C", "index_price": 23514.36, "direction": "sell", "amount": 0.1}, {"trade_seq": 1281, "trade_id": "223879333", "timestamp": 1658353278913, "tick_direction": 3, "price": 0.016, "mark_price": 0.0164394, "iv": 77.27, "instrument_name": "BTC-30DEC22-55000-C", "index_price": 23336.27, "direction": "sell", "amount": 0.1}, {"trade_seq": 1280, "trade_id": "223879332", "timestamp": 1658353278903, "tick_direction": 3, "price": 0.016, "mark_price": 0.0164394, "iv": 77.27, "instrument_name": "BTC-30DEC22-55000-C", "index_price": 23336.27, "direction": "sell", "amount": 0.2}, {"trade_seq": 1279, "trade_id": "223879331", "timestamp": 1658353278880, "tick_direction": 3, "price": 0.016, "mark_price": 0.0164394, "iv": 77.27, "instrument_name": "BTC-30DEC22-55000-C", "index_price": 23336.27, "direction": "sell", "amount": 0.2}, {"trade_seq": 1278, "trade_id": "223879330", "timestamp": 1658353278871, "tick_direction": 3, "price": 0.016, "mark_price": 0.0164394, "iv": 77.27, "instrument_name": "BTC-30DEC22-55000-C", "index_price": 23336.27, "direction": "sell", "amount": 0.3}, {"trade_seq": 1277, "trade_id": "223879329", "timestamp": 1658353276855, "tick_direction": 3, "price": 0.016, "mark_price": 0.01644063, "iv": 77.27, "instrument_name": "BTC-30DEC22-55000-C", "index_price": 23336.35, "direction": "sell", "amount": 0.1}, {"trade_seq": 1276, "trade_id": "223879328", "timestamp": 1658353276847, "tick_direction": 2, "price": 0.016, "mark_price": 0.01644063, "iv": 77.27, "instrument_name": "BTC-30DEC22-55000-C", "index_price": 23336.35, "direction": "sell", "amount": 0.1}, {"trade_seq": 1275, "trade_id": "223870830", "timestamp": 1658349949663, "tick_direction": 3, "price": 0.0165, "mark_price": 0.01656477, "iv": 78.37, "instrument_name": "BTC-30DEC22-55000-C", "index_price": 23141.78, "direction": "buy", "amount": 1.4}, {"trade_seq": 1274, "trade_id": "223861736", "timestamp": 1658348319182, "tick_direction": 3, "price": 0.0165, "mark_price": 0.01644708, "iv": 78.57, "instrument_name": "BTC-30DEC22-55000-C", "index_price": 23047.48, "direction": "sell", "amount": 0.1}, {"trade_seq": 1273, "trade_id": "223861735", "timestamp": 1658348319168, "tick_direction": 3, "price": 0.0165, "mark_price": 0.01644708, "iv": 78.57, "instrument_name": "BTC-30DEC22-55000-C", "index_price": 23047.48, "direction": "sell", "amount": 0.1}, {"trade_seq": 1272, "trade_id": "223861732", "timestamp": 1658348319142, "tick_direction": 3, "price": 0.0165, "mark_price": 0.01644708, "iv": 78.57, "instrument_name": "BTC-30DEC22-55000-C", "index_price": 23047.48, "direction": "sell", "amount": 0.1}, {"trade_seq": 1271, "trade_id": "223861728", "timestamp": 1658348318584, "tick_direction": 3, "price": 0.0165, "mark_price": 0.01647406, "iv": 78.55, "instrument_name": "BTC-30DEC22-55000-C", "index_price": 23052.99, "direction": "sell", "amount": 0.1}, {"trade_seq": 1270, "trade_id": "223861727", "timestamp": 1658348318566, "tick_direction": 3, "price": 0.0165, "mark_price": 0.01647406, "iv": 78.55, "instrument_name": "BTC-30DEC22-55000-C", "index_price": 23052.99, "direction": "sell", "amount": 0.1}, {"trade_seq": 1269, "trade_id": "223861724", "timestamp": 1658348318029, "tick_direction": 3, "price": 0.0165, "mark_price": 0.01647094, "iv": 78.55, "instrument_name": "BTC-30DEC22-55000-C", "index_price": 23052.99, "direction": "sell", "amount": 0.1}, {"trade_seq": 1268, "trade_id": "223861723", "timestamp": 1658348317936, "tick_direction": 3, "price": 0.0165, "mark_price": 0.01647094, "iv": 78.55, "instrument_name": "BTC-30DEC22-55000-C", "index_price": 23057.1, "direction": "sell", "amount": 0.1}, {"trade_seq": 1267, "trade_id": "223861719", "timestamp": 1658348317729, "tick_direction": 3, "price": 0.0165, "mark_price": 0.01647094, "iv": 78.55, "instrument_name": "BTC-30DEC22-55000-C", "index_price": 23057.1, "direction": "sell", "amount": 0.1}, {"trade_seq": 1266, "trade_id": "223861715", "timestamp": 1658348317506, "tick_direction": 3, "price": 0.0165, "mark_price": 0.01647094, "iv": 78.55, "instrument_name": "BTC-30DEC22-55000-C", "index_price": 23057.1, "direction": "sell", "amount": 0.1}, {"trade_seq": 1265, "trade_id": "223861714", "timestamp": 1658348317479, "tick_direction": 3, "price": 0.0165, "mark_price": 0.01647094, "iv": 78.55, "instrument_name": "BTC-30DEC22-55000-C", "index_price": 23057.1, "direction": "sell", "amount": 0.1}, {"trade_seq": 1264, "trade_id": "223861713", "timestamp": 1658348317421, "tick_direction": 3, "price": 0.0165, "mark_price": 0.01647094, "iv": 78.55, "instrument_name": "BTC-30DEC22-55000-C", "index_price": 23057.1, "direction": "sell", "amount": 0.1}, {"trade_seq": 1263, "trade_id": "223861711", "timestamp": 1658348317254, "tick_direction": 3, "price": 0.0165, "mark_price": 0.01647094, "iv": 78.55, "instrument_name": "BTC-30DEC22-55000-C", "index_price": 23057.1, "direction": "sell", "amount": 0.1}, {"trade_seq": 1262, "trade_id": "223861710", "timestamp": 1658348316946, "tick_direction": 3, "price": 0.0165, "mark_price": 0.01647415, "iv": 78.55, "instrument_name": "BTC-30DEC22-55000-C", "index_price": 23057.79, "direction": "sell", "amount": 0.1}, {"trade_seq": 1261, "trade_id": "223861709", "timestamp": 1658348316446, "tick_direction": 3, "price": 0.0165, "mark_price": 0.01647415, "iv": 78.55, "instrument_name": "BTC-30DEC22-55000-C", "index_price": 23057.79, "direction": "sell", "amount": 0.1}, {"trade_seq": 1260, "trade_id": "223861708", "timestamp": 1658348315463, "tick_direction": 3, "price": 0.0165, "mark_price": 0.0164726, "iv": 78.54, "instrument_name": "BTC-30DEC22-55000-C", "index_price": 23058.84, "direction": "sell", "amount": 0.1}, {"trade_seq": 1259, "trade_id": "223861707", "timestamp": 1658348315454, "tick_direction": 2, "price": 0.0165, "mark_price": 0.0164726, "iv": 78.54, "instrument_name": "BTC-30DEC22-55000-C", "index_price": 23058.84, "direction": "sell", "amount": 0.1}, {"trade_seq": 1258, "trade_id": "223852674", "timestamp": 1658346996372, "tick_direction": 2, "price": 0.017, "mark_price": 0.01771475, "iv": 77.38, "instrument_name": "BTC-30DEC22-55000-C", "index_price": 23668.51, "direction": "sell", "amount": 0.1}, {"trade_seq": 1257, "trade_id": "223838459", "timestamp": 1658340381632, "tick_direction": 0, "price": 0.018, "mark_price": 0.01767391, "iv": 78.34, "instrument_name": "BTC-30DEC22-55000-C", "index_price": 23638.51, "direction": "sell", "amount": 1.0}, {"trade_seq": 1256, "trade_id": "223837886", "timestamp": 1658340267218, "tick_direction": 2, "price": 0.0175, "mark_price": 0.01748897, "iv": 78.03, "instrument_name": "BTC-30DEC22-55000-C", "index_price": 23588.09, "direction": "sell", "amount": 1.0}, {"trade_seq": 1255, "trade_id": "223808192", "timestamp": 1658330937482, "tick_direction": 1, "price": 0.0185, "mark_price": 0.01771108, "iv": 77.13, "instrument_name": "BTC-30DEC22-55000-C", "index_price": 24213.73, "direction": "buy", "amount": 1.0}, {"trade_seq": 1254, "trade_id": "223808191", "timestamp": 1658330937482, "tick_direction": 0, "price": 0.0185, "mark_price": 0.01771108, "iv": 77.13, "instrument_name": "BTC-30DEC22-55000-C", "index_price": 24213.73, "direction": "buy", "amount": 1.5}, {"trade_seq": 1253, "trade_id": "223618867", "timestamp": 1658249744576, "tick_direction": 0, "price": 0.016, "mark_price": 0.01581242, "iv": 77.3, "instrument_name": "BTC-30DEC22-55000-C", "index_price": 23240.46, "direction": "buy", "amount": 2.0}, {"trade_seq": 1252, "trade_id": "223511230", "timestamp": 1658216981252, "tick_direction": 1, "price": 0.0135, "mark_price": 0.01289261, "iv": 78.78, "instrument_name": "BTC-30DEC22-55000-C", "index_price": 21785.25, "direction": "buy", "amount": 4.0}, {"trade_seq": 1251, "trade_id": "223511229", "timestamp": 1658216981252, "tick_direction": 1, "price": 0.0135, "mark_price": 0.01289261, "iv": 78.78, "instrument_name": "BTC-30DEC22-55000-C", "index_price": 21785.25, "direction": "buy", "amount": 1.7}, {"trade_seq": 1250, "trade_id": "223511228", "timestamp": 1658216981252, "tick_direction": 0, "price": 0.0135, "mark_price": 0.01289261, "iv": 78.78, "instrument_name": "BTC-30DEC22-55000-C", "index_price": 21785.25, "direction": "buy", "amount": 1.0}, {"trade_seq": 1249, "trade_id": "223481093", "timestamp": 1658202830781, "tick_direction": 3, "price": 0.013, "mark_price": 0.01320518, "iv": 77.88, "instrument_name": "BTC-30DEC22-55000-C", "index_price": 21887.37, "direction": "buy", "amount": 1.0}, {"trade_seq": 1248, "trade_id": "223481079", "timestamp": 1658202827764, "tick_direction": 2, "price": 0.013, "mark_price": 0.01321305, "iv": 77.86, "instrument_name": "BTC-30DEC22-55000-C", "index_price": 21894.57, "direction": "buy", "amount": 1.0}, {"trade_seq": 1247, "trade_id": "223433768", "timestamp": 1658186245797, "tick_direction": 2, "price": 0.015, "mark_price": 0.01435739, "iv": 79.23, "instrument_name": "BTC-30DEC22-55000-C", "index_price": 22139.56, "direction": "sell", "amount": 2.4}, {"trade_seq": 1246, "trade_id": "223385929", "timestamp": 1658165997659, "tick_direction": 1, "price": 0.0155, "mark_price": 0.01471546, "iv": 79.99, "instrument_name": "BTC-30DEC22-55000-C", "index_price": 22048.23, "direction": "buy", "amount": 0.3}, {"trade_seq": 1245, "trade_id": "223385858", "timestamp": 1658165963686, "tick_direction": 1, "price": 0.0155, "mark_price": 0.01466488, "iv": 80.06, "instrument_name": "BTC-30DEC22-55000-C", "index_price": 22027.02, "direction": "buy", "amount": 6.0}, {"trade_seq": 1244, "trade_id": "223373224", "timestamp": 1658160413643, "tick_direction": 1, "price": 0.0155, "mark_price": 0.01564282, "iv": 78.68, "instrument_name": "BTC-30DEC22-55000-C", "index_price": 22494.28, "direction": "sell", "amount": 1.6}, {"trade_seq": 1243, "trade_id": "223328066", "timestamp": 1658140642009, "tick_direction": 0, "price": 0.0155, "mark_price": 0.01459582, "iv": 79.46, "instrument_name": "BTC-30DEC22-55000-C", "index_price": 22205.42, "direction": "buy", "amount": 1.7}, {"trade_seq": 1242, "trade_id": "223322207", "timestamp": 1658135359177, "tick_direction": 1, "price": 0.014, "mark_price": 0.01457902, "iv": 77.64, "instrument_name": "BTC-30DEC22-55000-C", "index_price": 22277.9, "direction": "sell", "amount": 2.5}, {"trade_seq": 1241, "trade_id": "223322179", "timestamp": 1658135356808, "tick_direction": 1, "price": 0.014, "mark_price": 0.01459578, "iv": 77.64, "instrument_name": "BTC-30DEC22-55000-C", "index_price": 22280.69, "direction": "sell", "amount": 2.5}, {"trade_seq": 1240, "trade_id": "223322162", "timestamp": 1658135336580, "tick_direction": 1, "price": 0.014, "mark_price": 0.01459513, "iv": 77.64, "instrument_name": "BTC-30DEC22-55000-C", "index_price": 22280.12, "direction": "sell", "amount": 2.5}, {"trade_seq": 1239, "trade_id": "223322160", "timestamp": 1658135335259, "tick_direction": 0, "price": 0.014, "mark_price": 0.01457927, "iv": 77.66, "instrument_name": "BTC-30DEC22-55000-C", "index_price": 22271.84, "direction": "sell", "amount": 2.5}, {"trade_seq": 1238, "trade_id": "223176967", "timestamp": 1658018770848, "tick_direction": 2, "price": 0.011, "mark_price": 0.01157021, "iv": 76.71, "instrument_name": "BTC-30DEC22-55000-C", "index_price": 21281.48, "direction": "sell", "amount": 0.1}, {"trade_seq": 1237, "trade_id": "223170882", "timestamp": 1658010678430, "tick_direction": 0, "price": 0.0115, "mark_price": 0.01130595, "iv": 77.58, "instrument_name": "BTC-30DEC22-55000-C", "index_price": 21211.0, "direction": "buy", "amount": 2.0}, {"trade_seq": 1236, "trade_id": "223142700", "timestamp": 1657990244408, "tick_direction": 1, "price": 0.0105, "mark_price": 0.01059291, "iv": 75.87, "instrument_name": "BTC-30DEC22-55000-C", "index_price": 21350.39, "direction": "sell", "amount": 1.0}, {"trade_seq": 1235, "trade_id": "223142699", "timestamp": 1657990244401, "tick_direction": 1, "price": 0.0105, "mark_price": 0.01059291, "iv": 75.87, "instrument_name": "BTC-30DEC22-55000-C", "index_price": 21350.39, "direction": "sell", "amount": 1.5}, {"trade_seq": 1234, "trade_id": "223142698", "timestamp": 1657990244389, "tick_direction": 1, "price": 0.0105, "mark_price": 0.01059291, "iv": 75.87, "instrument_name": "BTC-30DEC22-55000-C", "index_price": 21350.39, "direction": "sell", "amount": 2.3}, {"trade_seq": 1233, "trade_id": "223094303", "timestamp": 1657926347497, "tick_direction": 1, "price": 0.0105, "mark_price": 0.01002114, "iv": 77.08, "instrument_name": "BTC-30DEC22-55000-C", "index_price": 20876.0, "direction": "buy", "amount": 1.0}, {"trade_seq": 1232, "trade_id": "223009716", "timestamp": 1657853698553, "tick_direction": 1, "price": 0.0105, "mark_price": 0.00950918, "iv": 78.11, "instrument_name": "BTC-30DEC22-55000-C", "index_price": 20442.1, "direction": "buy", "amount": 0.2}, {"trade_seq": 1231, "trade_id": "223009618", "timestamp": 1657853653999, "tick_direction": 1, "price": 0.0105, "mark_price": 0.00948843, "iv": 78.11, "instrument_name": "BTC-30DEC22-55000-C", "index_price": 20447.04, "direction": "buy", "amount": 7.4}, {"trade_seq": 1230, "trade_id": "223009617", "timestamp": 1657853653999, "tick_direction": 0, "price": 0.0105, "mark_price": 0.00948843, "iv": 78.11, "instrument_name": "BTC-30DEC22-55000-C", "index_price": 20447.04, "direction": "buy", "amount": 1.6}, {"trade_seq": 1229, "trade_id": "222988818", "timestamp": 1657829188654, "tick_direction": 3, "price": 0.01, "mark_price": 0.0100489, "iv": 76.98, "instrument_name": "BTC-30DEC22-55000-C", "index_price": 20587.73, "direction": "sell", "amount": 0.1}, {"trade_seq": 1228, "trade_id": "222988810", "timestamp": 1657829188520, "tick_direction": 2, "price": 0.01, "mark_price": 0.0100489, "iv": 76.98, "instrument_name": "BTC-30DEC22-55000-C", "index_price": 20587.73, "direction": "sell", "amount": 2.2}, {"trade_seq": 1227, "trade_id": "222988353", "timestamp": 1657829002379, "tick_direction": 1, "price": 0.0105, "mark_price": 0.01005297, "iv": 77.52, "instrument_name": "BTC-30DEC22-55000-C", "index_price": 20628.53, "direction": "buy", "amount": 1.4}, {"trade_seq": 1226, "trade_id": "222988352", "timestamp": 1657829002379, "tick_direction": 1, "price": 0.0105, "mark_price": 0.01005297, "iv": 77.52, "instrument_name": "BTC-30DEC22-55000-C", "index_price": 20628.53, "direction": "buy", "amount": 1.0}, {"trade_seq": 1225, "trade_id": "222905732", "timestamp": 1657785970460, "tick_direction": 1, "price": 0.0105, "mark_price": 0.01000675, "iv": 79.29, "instrument_name": "BTC-30DEC22-55000-C", "index_price": 19969.47, "direction": "buy", "amount": 5.0}, {"trade_seq": 1224, "trade_id": "222905731", "timestamp": 1657785970460, "tick_direction": 1, "price": 0.0105, "mark_price": 0.01000675, "iv": 79.29, "instrument_name": "BTC-30DEC22-55000-C", "index_price": 19969.47, "direction": "buy", "amount": 2.3}, {"trade_seq": 1223, "trade_id": "222905730", "timestamp": 1657785970460, "tick_direction": 0, "price": 0.0105, "mark_price": 0.01000675, "iv": 79.29, "instrument_name": "BTC-30DEC22-55000-C", "index_price": 19969.47, "direction": "buy", "amount": 1.0}, {"trade_seq": 1222, "trade_id": "222861269", "timestamp": 1657749629119, "tick_direction": 0, "price": 0.0095, "mark_price": 0.00945887, "iv": 78.01, "instrument_name": "BTC-30DEC22-55000-C", "index_price": 19913.98, "direction": "sell", "amount": 1.6}, {"trade_seq": 1221, "trade_id": "222662719", "timestamp": 1657617103153, "tick_direction": 3, "price": 0.009, "mark_price": 0.00978366, "iv": 77.4, "instrument_name": "BTC-30DEC22-55000-C", "index_price": 19772.12, "direction": "buy", "amount": 4.0}, {"trade_seq": 1220, "trade_id": "222662718", "timestamp": 1657617103149, "tick_direction": 3, "price": 0.009, "mark_price": 0.00978366, "iv": 77.4, "instrument_name": "BTC-30DEC22-55000-C", "index_price": 19772.12, "direction": "sell", "amount": 16.0}, {"trade_seq": 1219, "trade_id": "222662714", "timestamp": 1657617087814, "tick_direction": 3, "price": 0.009, "mark_price": 0.00980514, "iv": 77.38, "instrument_name": "BTC-30DEC22-55000-C", "index_price": 19775.92, "direction": "buy", "amount": 7.6}, {"trade_seq": 1218, "trade_id": "222662713", "timestamp": 1657617087811, "tick_direction": 3, "price": 0.009, "mark_price": 0.00980514, "iv": 77.38, "instrument_name": "BTC-30DEC22-55000-C", "index_price": 19775.92, "direction": "sell", "amount": 2.4}, {"trade_seq": 1217, "trade_id": "222662712", "timestamp": 1657617087811, "tick_direction": 2, "price": 0.009, "mark_price": 0.00980514, "iv": 77.38, "instrument_name": "BTC-30DEC22-55000-C", "index_price": 19775.92, "direction": "sell", "amount": 10.0}, {"trade_seq": 1216, "trade_id": "222660244", "timestamp": 1657613598082, "tick_direction": 3, "price": 0.0105, "mark_price": 0.01067543, "iv": 79.45, "instrument_name": "BTC-30DEC22-55000-C", "index_price": 19755.55, "direction": "sell", "amount": 1.8}, {"trade_seq": 1215, "trade_id": "222656427", "timestamp": 1657611189015, "tick_direction": 3, "price": 0.0105, "mark_price": 0.009762, "iv": 79.73, "instrument_name": "BTC-30DEC22-55000-C", "index_price": 19658.87, "direction": "buy", "amount": 4.0}