{"trades": [{"trade_seq": 1093, "trade_id": "248858122", "timestamp": 1680143489791, "tick_direction": 0, "price": 0.415, "mark_price": 0.41416279, "iv": 407.69, "instrument_name": "BTC-31MAR23-17000-C", "index_price": 28989.28, "direction": "buy", "amount": 0.2}, {"trade_seq": 1092, "trade_id": "248619427", "timestamp": 1680019719438, "tick_direction": 2, "price": 0.3695, "mark_price": 0.36904347, "iv": 228.43, "instrument_name": "BTC-31MAR23-17000-C", "index_price": 26952.55, "direction": "sell", "amount": 0.1}, {"trade_seq": 1091, "trade_id": "248598360", "timestamp": 1680005584322, "tick_direction": 2, "price": 0.37, "mark_price": 0.37178025, "iv": 0.0, "instrument_name": "BTC-31MAR23-17000-C", "index_price": 27075.53, "direction": "buy", "amount": 1.0}, {"trade_seq": 1090, "trade_id": "248489366", "timestamp": 1679934231433, "tick_direction": 2, "price": 0.376, "mark_price": 0.37611688, "iv": 168.93, "instrument_name": "BTC-31MAR23-17000-C", "index_price": 27235.16, "direction": "sell", "amount": 1.0}, {"trade_seq": 1089, "trade_id": "248380858", "timestamp": 1679902347482, "tick_direction": 2, "price": 0.3895, "mark_price": 0.38941497, "iv": 167.39, "instrument_name": "BTC-31MAR23-17000-C", "index_price": 27828.41, "direction": "sell", "amount": 2.0}, {"trade_seq": 1088, "trade_id": "248027490", "timestamp": 1679668979954, "tick_direction": 2, "price": 0.394, "mark_price": 0.3938607, "iv": 148.34, "instrument_name": "BTC-31MAR23-17000-C", "index_price": 28021.79, "direction": "sell", "amount": 0.7}, {"trade_seq": 1087, "trade_id": "247321339", "timestamp": 1679489456399, "tick_direction": 0, "price": 0.4, "mark_price": 0.40024372, "iv": 109.9, "instrument_name": "BTC-31MAR23-17000-C", "index_price": 28309.86, "direction": "buy", "amount": 0.2}, {"trade_seq": 1086, "trade_id": "246350309", "timestamp": 1679156500697, "tick_direction": 2, "price": 0.3795, "mark_price": 0.37935608, "iv": 116.86, "instrument_name": "BTC-31MAR23-17000-C", "index_price": 27317.95, "direction": "sell", "amount": 0.1}, {"trade_seq": 1085, "trade_id": "246349623", "timestamp": 1679155846919, "tick_direction": 0, "price": 0.38, "mark_price": 0.38084988, "iv": 0.0, "instrument_name": "BTC-31MAR23-17000-C", "index_price": 27372.42, "direction": "buy", "amount": 0.1}, {"trade_seq": 1084, "trade_id": "245560176", "timestamp": 1678939075940, "tick_direction": 0, "price": 0.3025, "mark_price": 0.30251423, "iv": 90.06, "instrument_name": "BTC-31MAR23-17000-C", "index_price": 24352.13, "direction": "buy", "amount": 0.2}, {"trade_seq": 1083, "trade_id": "245218620", "timestamp": 1678828058844, "tick_direction": 2, "price": 0.2975, "mark_price": 0.29947728, "iv": 78.25, "instrument_name": "BTC-31MAR23-17000-C", "index_price": 24175.41, "direction": "sell", "amount": 0.1}, {"trade_seq": 1082, "trade_id": "245218188", "timestamp": 1678828056367, "tick_direction": 2, "price": 0.2995, "mark_price": 0.300995, "iv": 83.42, "instrument_name": "BTC-31MAR23-17000-C", "index_price": 24217.57, "direction": "sell", "amount": 0.1}, {"trade_seq": 1081, "trade_id": "245170671", "timestamp": 1678821235452, "tick_direction": 2, "price": 0.3195, "mark_price": 0.32078968, "iv": 94.26, "instrument_name": "BTC-31MAR23-17000-C", "index_price": 24864.85, "direction": "sell", "amount": 0.1}, {"trade_seq": 1080, "trade_id": "245170191", "timestamp": 1678821212158, "tick_direction": 2, "price": 0.3225, "mark_price": 0.32284148, "iv": 98.66, "instrument_name": "BTC-31MAR23-17000-C", "index_price": 24978.42, "direction": "sell", "amount": 0.1}, {"trade_seq": 1079, "trade_id": "245141249", "timestamp": 1678814185395, "tick_direction": 2, "price": 0.3445, "mark_price": 0.34479579, "iv": 101.27, "instrument_name": "BTC-31MAR23-17000-C", "index_price": 25846.43, "direction": "sell", "amount": 0.1}, {"trade_seq": 1078, "trade_id": "245136182", "timestamp": 1678812113708, "tick_direction": 2, "price": 0.345, "mark_price": 0.34452633, "iv": 106.38, "instrument_name": "BTC-31MAR23-17000-C", "index_price": 25853.45, "direction": "sell", "amount": 0.1}, {"trade_seq": 1077, "trade_id": "245135947", "timestamp": 1678812023750, "tick_direction": 2, "price": 0.3455, "mark_price": 0.34475953, "iv": 107.8, "instrument_name": "BTC-31MAR23-17000-C", "index_price": 25869.23, "direction": "sell", "amount": 0.1}, {"trade_seq": 1076, "trade_id": "245132505", "timestamp": 1678810986413, "tick_direction": 2, "price": 0.3465, "mark_price": 0.34607617, "iv": 104.28, "instrument_name": "BTC-31MAR23-17000-C", "index_price": 25913.08, "direction": "sell", "amount": 0.1}, {"trade_seq": 1075, "trade_id": "245062653", "timestamp": 1678798855080, "tick_direction": 0, "price": 0.355, "mark_price": 0.35492929, "iv": 102.36, "instrument_name": "BTC-31MAR23-17000-C", "index_price": 26239.11, "direction": "buy", "amount": 0.1}, {"trade_seq": 1074, "trade_id": "244665505", "timestamp": 1678699180006, "tick_direction": 3, "price": 0.24, "mark_price": 0.24009309, "iv": 77.2, "instrument_name": "BTC-31MAR23-17000-C", "index_price": 22288.84, "direction": "sell", "amount": 1.0}, {"trade_seq": 1073, "trade_id": "244661106", "timestamp": 1678697807083, "tick_direction": 2, "price": 0.24, "mark_price": 0.24010088, "iv": 76.27, "instrument_name": "BTC-31MAR23-17000-C", "index_price": 22295.36, "direction": "buy", "amount": 1.0}, {"trade_seq": 1072, "trade_id": "244624496", "timestamp": 1678683247266, "tick_direction": 0, "price": 0.245, "mark_price": 0.24481233, "iv": 79.87, "instrument_name": "BTC-31MAR23-17000-C", "index_price": 22448.96, "direction": "sell", "amount": 0.1}, {"trade_seq": 1071, "trade_id": "244239215", "timestamp": 1678553145196, "tick_direction": 3, "price": 0.1705, "mark_price": 0.17109603, "iv": 76.23, "instrument_name": "BTC-31MAR23-17000-C", "index_price": 20288.9, "direction": "buy", "amount": 2.0}, {"trade_seq": 1070, "trade_id": "244239213", "timestamp": 1678553144275, "tick_direction": 3, "price": 0.1705, "mark_price": 0.17105603, "iv": 76.25, "instrument_name": "BTC-31MAR23-17000-C", "index_price": 20286.47, "direction": "buy", "amount": 0.1}, {"trade_seq": 1069, "trade_id": "244239201", "timestamp": 1678553143788, "tick_direction": 3, "price": 0.1705, "mark_price": 0.17105614, "iv": 76.25, "instrument_name": "BTC-31MAR23-17000-C", "index_price": 20286.27, "direction": "buy", "amount": 0.1}, {"trade_seq": 1068, "trade_id": "244239197", "timestamp": 1678553143111, "tick_direction": 3, "price": 0.1705, "mark_price": 0.17105614, "iv": 76.32, "instrument_name": "BTC-31MAR23-17000-C", "index_price": 20285.13, "direction": "buy", "amount": 0.2}, {"trade_seq": 1067, "trade_id": "244239195", "timestamp": 1678553143077, "tick_direction": 3, "price": 0.1705, "mark_price": 0.17105614, "iv": 76.32, "instrument_name": "BTC-31MAR23-17000-C", "index_price": 20285.13, "direction": "buy", "amount": 0.5}, {"trade_seq": 1066, "trade_id": "244239194", "timestamp": 1678553143076, "tick_direction": 3, "price": 0.1705, "mark_price": 0.17105614, "iv": 76.32, "instrument_name": "BTC-31MAR23-17000-C", "index_price": 20285.13, "direction": "buy", "amount": 0.1}, {"trade_seq": 1065, "trade_id": "244239193", "timestamp": 1678553143075, "tick_direction": 3, "price": 0.1705, "mark_price": 0.17105614, "iv": 76.32, "instrument_name": "BTC-31MAR23-17000-C", "index_price": 20285.13, "direction": "buy", "amount": 0.1}, {"trade_seq": 1064, "trade_id": "244239189", "timestamp": 1678553143035, "tick_direction": 3, "price": 0.1705, "mark_price": 0.17105614, "iv": 76.32, "instrument_name": "BTC-31MAR23-17000-C", "index_price": 20285.13, "direction": "buy", "amount": 1.7}, {"trade_seq": 1063, "trade_id": "244239182", "timestamp": 1678553141354, "tick_direction": 3, "price": 0.1705, "mark_price": 0.17089911, "iv": 76.32, "instrument_name": "BTC-31MAR23-17000-C", "index_price": 20285.09, "direction": "buy", "amount": 0.2}, {"trade_seq": 1062, "trade_id": "244239180", "timestamp": 1678553140867, "tick_direction": 3, "price": 0.1705, "mark_price": 0.17090603, "iv": 76.61, "instrument_name": "BTC-31MAR23-17000-C", "index_price": 20281.43, "direction": "buy", "amount": 0.1}, {"trade_seq": 1061, "trade_id": "244239179", "timestamp": 1678553140865, "tick_direction": 3, "price": 0.1705, "mark_price": 0.17090603, "iv": 76.61, "instrument_name": "BTC-31MAR23-17000-C", "index_price": 20281.43, "direction": "buy", "amount": 0.2}, {"trade_seq": 1060, "trade_id": "244239178", "timestamp": 1678553140861, "tick_direction": 3, "price": 0.1705, "mark_price": 0.17090603, "iv": 76.61, "instrument_name": "BTC-31MAR23-17000-C", "index_price": 20281.43, "direction": "buy", "amount": 1.4}, {"trade_seq": 1059, "trade_id": "244239177", "timestamp": 1678553140840, "tick_direction": 3, "price": 0.1705, "mark_price": 0.17090603, "iv": 76.61, "instrument_name": "BTC-31MAR23-17000-C", "index_price": 20281.43, "direction": "buy", "amount": 0.3}, {"trade_seq": 1058, "trade_id": "244239169", "timestamp": 1678553132428, "tick_direction": 3, "price": 0.1705, "mark_price": 0.17079302, "iv": 76.81, "instrument_name": "BTC-31MAR23-17000-C", "index_price": 20278.77, "direction": "buy", "amount": 0.5}, {"trade_seq": 1057, "trade_id": "244239167", "timestamp": 1678553131440, "tick_direction": 2, "price": 0.1705, "mark_price": 0.17079332, "iv": 76.8, "instrument_name": "BTC-31MAR23-17000-C", "index_price": 20276.76, "direction": "buy", "amount": 1.5}, {"trade_seq": 1056, "trade_id": "244148338", "timestamp": 1678511003274, "tick_direction": 0, "price": 0.1755, "mark_price": 0.17544724, "iv": 68.05, "instrument_name": "BTC-31MAR23-17000-C", "index_price": 20382.5, "direction": "sell", "amount": 0.2}, {"trade_seq": 1055, "trade_id": "243929727", "timestamp": 1678428845368, "tick_direction": 2, "price": 0.162, "mark_price": 0.16239949, "iv": 68.7, "instrument_name": "BTC-31MAR23-17000-C", "index_price": 19952.61, "direction": "buy", "amount": 0.1}, {"trade_seq": 1054, "trade_id": "243840565", "timestamp": 1678392858144, "tick_direction": 2, "price": 0.1875, "mark_price": 0.18781279, "iv": 62.81, "instrument_name": "BTC-31MAR23-17000-C", "index_price": 20743.54, "direction": "sell", "amount": 0.1}, {"trade_seq": 1053, "trade_id": "243787395", "timestamp": 1678380302419, "tick_direction": 2, "price": 0.215, "mark_price": 0.21509166, "iv": 63.44, "instrument_name": "BTC-31MAR23-17000-C", "index_price": 21508.98, "direction": "sell", "amount": 0.1}, {"trade_seq": 1052, "trade_id": "243697225", "timestamp": 1678300272319, "tick_direction": 2, "price": 0.23, "mark_price": 0.23015227, "iv": 63.48, "instrument_name": "BTC-31MAR23-17000-C", "index_price": 21951.23, "direction": "sell", "amount": 0.1}, {"trade_seq": 1051, "trade_id": "243570108", "timestamp": 1678198577768, "tick_direction": 2, "price": 0.2425, "mark_price": 0.24268581, "iv": 64.45, "instrument_name": "BTC-31MAR23-17000-C", "index_price": 22325.47, "direction": "sell", "amount": 0.1}, {"trade_seq": 1050, "trade_id": "243531366", "timestamp": 1678130302363, "tick_direction": 0, "price": 0.2475, "mark_price": 0.24736411, "iv": 67.14, "instrument_name": "BTC-31MAR23-17000-C", "index_price": 22443.93, "direction": "sell", "amount": 0.1}, {"trade_seq": 1049, "trade_id": "243444355", "timestamp": 1677963084882, "tick_direction": 3, "price": 0.2395, "mark_price": 0.23989357, "iv": 62.27, "instrument_name": "BTC-31MAR23-17000-C", "index_price": 22212.68, "direction": "buy", "amount": 1.0}, {"trade_seq": 1048, "trade_id": "243444325", "timestamp": 1677963026350, "tick_direction": 3, "price": 0.2395, "mark_price": 0.24003375, "iv": 62.13, "instrument_name": "BTC-31MAR23-17000-C", "index_price": 22209.97, "direction": "buy", "amount": 1.0}, {"trade_seq": 1047, "trade_id": "243444317", "timestamp": 1677963024343, "tick_direction": 3, "price": 0.2395, "mark_price": 0.2399721, "iv": 61.72, "instrument_name": "BTC-31MAR23-17000-C", "index_price": 22213.8, "direction": "buy", "amount": 1.0}, {"trade_seq": 1046, "trade_id": "243444316", "timestamp": 1677963023204, "tick_direction": 3, "price": 0.2395, "mark_price": 0.23994847, "iv": 62.03, "instrument_name": "BTC-31MAR23-17000-C", "index_price": 22214.3, "direction": "buy", "amount": 1.0}, {"trade_seq": 1045, "trade_id": "243444315", "timestamp": 1677963020883, "tick_direction": 3, "price": 0.2395, "mark_price": 0.23996351, "iv": 62.06, "instrument_name": "BTC-31MAR23-17000-C", "index_price": 22210.9, "direction": "buy", "amount": 1.0}, {"trade_seq": 1044, "trade_id": "243444311", "timestamp": 1677963007467, "tick_direction": 3, "price": 0.2395, "mark_price": 0.23957553, "iv": 63.54, "instrument_name": "BTC-31MAR23-17000-C", "index_price": 22198.83, "direction": "buy", "amount": 1.0}, {"trade_seq": 1043, "trade_id": "243444273", "timestamp": 1677962921979, "tick_direction": 2, "price": 0.2395, "mark_price": 0.23971781, "iv": 63.07, "instrument_name": "BTC-31MAR23-17000-C", "index_price": 22200.43, "direction": "buy", "amount": 1.0}, {"trade_seq": 1042, "trade_id": "243429089", "timestamp": 1677911718157, "tick_direction": 0, "price": 0.2465, "mark_price": 0.24625908, "iv": 65.49, "instrument_name": "BTC-31MAR23-17000-C", "index_price": 22393.93, "direction": "sell", "amount": 0.1}, {"trade_seq": 1041, "trade_id": "243312541", "timestamp": 1677807145321, "tick_direction": 2, "price": 0.2375, "mark_price": 0.2378097, "iv": 65.14, "instrument_name": "BTC-31MAR23-17000-C", "index_price": 22219.58, "direction": "sell", "amount": 0.1}, {"trade_seq": 1040, "trade_id": "243305029", "timestamp": 1677807075948, "tick_direction": 2, "price": 0.2555, "mark_price": 0.25801109, "iv": 62.83, "instrument_name": "BTC-31MAR23-17000-C", "index_price": 22689.51, "direction": "sell", "amount": 0.1}, {"trade_seq": 1039, "trade_id": "243294687", "timestamp": 1677806449584, "tick_direction": 2, "price": 0.2735, "mark_price": 0.27422567, "iv": 66.61, "instrument_name": "BTC-31MAR23-17000-C", "index_price": 23223.98, "direction": "sell", "amount": 0.1}, {"trade_seq": 1038, "trade_id": "243071694", "timestamp": 1677558477957, "tick_direction": 0, "price": 0.2795, "mark_price": 0.27957292, "iv": 64.0, "instrument_name": "BTC-31MAR23-17000-C", "index_price": 23420.77, "direction": "buy", "amount": 0.3}, {"trade_seq": 1037, "trade_id": "242934307", "timestamp": 1677377360797, "tick_direction": 2, "price": 0.2701, "mark_price": 0.2697597, "iv": 63.42, "instrument_name": "BTC-31MAR23-17000-C", "index_price": 23079.8, "direction": "buy", "block_trade_id": "66147", "amount": 19.2}, {"trade_seq": 1036, "trade_id": "242838128", "timestamp": 1677254613139, "tick_direction": 2, "price": 0.2745, "mark_price": 0.27519779, "iv": 64.87, "instrument_name": "BTC-31MAR23-17000-C", "index_price": 23196.97, "direction": "sell", "amount": 0.1}, {"trade_seq": 1035, "trade_id": "242829789", "timestamp": 1677253181419, "tick_direction": 2, "price": 0.2825, "mark_price": 0.2834867, "iv": 63.08, "instrument_name": "BTC-31MAR23-17000-C", "index_price": 23483.81, "direction": "sell", "amount": 0.1}, {"trade_seq": 1034, "trade_id": "242813107", "timestamp": 1677245827497, "tick_direction": 2, "price": 0.2915, "mark_price": 0.29193552, "iv": 66.59, "instrument_name": "BTC-31MAR23-17000-C", "index_price": 23760.07, "direction": "sell", "amount": 0.1}, {"trade_seq": 1033, "trade_id": "242319919", "timestamp": 1676880057092, "tick_direction": 0, "price": 0.312, "mark_price": 0.31562396, "iv": 53.6, "instrument_name": "BTC-31MAR23-17000-C", "index_price": 24504.42, "direction": "sell", "amount": 0.1}, {"trade_seq": 1032, "trade_id": "242002084", "timestamp": 1676610628713, "tick_direction": 2, "price": 0.294, "mark_price": 0.29434403, "iv": 68.27, "instrument_name": "BTC-31MAR23-17000-C", "index_price": 23759.49, "direction": "sell", "amount": 0.2}, {"trade_seq": 1031, "trade_id": "241989378", "timestamp": 1676596621211, "tick_direction": 2, "price": 0.2941, "mark_price": 0.29397156, "iv": 70.25, "instrument_name": "BTC-31MAR23-17000-C", "index_price": 23718.93, "direction": "buy", "block_trade_id": "65231", "amount": 40.0}, {"trade_seq": 1030, "trade_id": "241881545", "timestamp": 1676562459822, "tick_direction": 0, "price": 0.3275, "mark_price": 0.32687423, "iv": 73.5, "instrument_name": "BTC-31MAR23-17000-C", "index_price": 24918.33, "direction": "buy", "amount": 0.2}, {"trade_seq": 1029, "trade_id": "241875271", "timestamp": 1676560822855, "tick_direction": 0, "price": 0.3165, "mark_price": 0.31612888, "iv": 71.35, "instrument_name": "BTC-31MAR23-17000-C", "index_price": 24542.15, "direction": "buy", "amount": 0.2}, {"trade_seq": 1028, "trade_id": "241874209", "timestamp": 1676560012451, "tick_direction": 0, "price": 0.315, "mark_price": 0.3143644, "iv": 72.24, "instrument_name": "BTC-31MAR23-17000-C", "index_price": 24462.95, "direction": "sell", "amount": 1.5}, {"trade_seq": 1027, "trade_id": "241784364", "timestamp": 1676500663578, "tick_direction": 0, "price": 0.307, "mark_price": 0.30709317, "iv": 66.73, "instrument_name": "BTC-31MAR23-17000-C", "index_price": 24273.59, "direction": "buy", "amount": 1.0}, {"trade_seq": 1026, "trade_id": "241776758", "timestamp": 1676496885073, "tick_direction": 0, "price": 0.3025, "mark_price": 0.30294505, "iv": 64.94, "instrument_name": "BTC-31MAR23-17000-C", "index_price": 24127.09, "direction": "buy", "amount": 0.1}, {"trade_seq": 1025, "trade_id": "241766121", "timestamp": 1676493906713, "tick_direction": 0, "price": 0.301, "mark_price": 0.30093617, "iv": 66.11, "instrument_name": "BTC-31MAR23-17000-C", "index_price": 24056.22, "direction": "buy", "amount": 0.1}, {"trade_seq": 1024, "trade_id": "241715576", "timestamp": 1676472030934, "tick_direction": 0, "price": 0.26, "mark_price": 0.25994384, "iv": 60.78, "instrument_name": "BTC-31MAR23-17000-C", "index_price": 22709.91, "direction": "sell", "amount": 1.0}, {"trade_seq": 1023, "trade_id": "241589812", "timestamp": 1676379176725, "tick_direction": 0, "price": 0.234, "mark_price": 0.23429547, "iv": 59.19, "instrument_name": "BTC-31MAR23-17000-C", "index_price": 21879.08, "direction": "buy", "amount": 0.1}, {"trade_seq": 1022, "trade_id": "241556778", "timestamp": 1676330170807, "tick_direction": 2, "price": 0.23, "mark_price": 0.22988763, "iv": 59.61, "instrument_name": "BTC-31MAR23-17000-C", "index_price": 21738.12, "direction": "buy", "amount": 0.1}, {"trade_seq": 1021, "trade_id": "241422405", "timestamp": 1676152051931, "tick_direction": 0, "price": 0.2335, "mark_price": 0.23178718, "iv": 59.29, "instrument_name": "BTC-31MAR23-17000-C", "index_price": 21835.52, "direction": "buy", "amount": 0.1}, {"trade_seq": 1020, "trade_id": "241344751", "timestamp": 1676035258660, "tick_direction": 0, "price": 0.2325, "mark_price": 0.23386924, "iv": 56.59, "instrument_name": "BTC-31MAR23-17000-C", "index_price": 21809.75, "direction": "sell", "amount": 0.8}, {"trade_seq": 1019, "trade_id": "241344599", "timestamp": 1676035127018, "tick_direction": 2, "price": 0.2305, "mark_price": 0.23419363, "iv": 52.43, "instrument_name": "BTC-31MAR23-17000-C", "index_price": 21820.29, "direction": "sell", "amount": 0.2}, {"trade_seq": 1018, "trade_id": "241262544", "timestamp": 1675973179156, "tick_direction": 2, "price": 0.239, "mark_price": 0.23950689, "iv": 59.54, "instrument_name": "BTC-31MAR23-17000-C", "index_price": 21940.78, "direction": "buy", "amount": 0.1}, {"trade_seq": 1017, "trade_id": "241249718", "timestamp": 1675970792529, "tick_direction": 2, "price": 0.2455, "mark_price": 0.2457687, "iv": 60.35, "instrument_name": "BTC-31MAR23-17000-C", "index_price": 22136.09, "direction": "sell", "amount": 0.1}, {"trade_seq": 1016, "trade_id": "241245291", "timestamp": 1675970658900, "tick_direction": 2, "price": 0.2525, "mark_price": 0.25269271, "iv": 60.5, "instrument_name": "BTC-31MAR23-17000-C", "index_price": 22364.62, "direction": "sell", "amount": 0.1}, {"trade_seq": 1015, "trade_id": "241229262", "timestamp": 1675958385930, "tick_direction": 2, "price": 0.2602, "mark_price": 0.26017016, "iv": 60.62, "instrument_name": "BTC-31MAR23-17000-C", "index_price": 22608.53, "direction": "buy", "block_trade_id": "64284", "amount": 25.0}, {"trade_seq": 1014, "trade_id": "240966870", "timestamp": 1675665923998, "tick_direction": 2, "price": 0.269, "mark_price": 0.2688633, "iv": 63.32, "instrument_name": "BTC-31MAR23-17000-C", "index_price": 22793.3, "direction": "sell", "amount": 0.1}, {"trade_seq": 1013, "trade_id": "240803827", "timestamp": 1675420092923, "tick_direction": 2, "price": 0.2865, "mark_price": 0.28657416, "iv": 62.82, "instrument_name": "BTC-31MAR23-17000-C", "index_price": 23369.96, "direction": "sell", "amount": 0.1}, {"trade_seq": 1012, "trade_id": "240739404", "timestamp": 1675361002006, "tick_direction": 0, "price": 0.3045, "mark_price": 0.30409581, "iv": 65.04, "instrument_name": "BTC-31MAR23-17000-C", "index_price": 23960.19, "direction": "sell", "amount": 0.5}, {"trade_seq": 1011, "trade_id": "240457516", "timestamp": 1675074860788, "tick_direction": 0, "price": 0.286, "mark_price": 0.28525562, "iv": 63.08, "instrument_name": "BTC-31MAR23-17000-C", "index_price": 23296.81, "direction": "sell", "amount": 1.0}, {"trade_seq": 1010, "trade_id": "240457476", "timestamp": 1675074771171, "tick_direction": 1, "price": 0.2855, "mark_price": 0.28514695, "iv": 62.41, "instrument_name": "BTC-31MAR23-17000-C", "index_price": 23290.67, "direction": "sell", "amount": 1.0}, {"trade_seq": 1009, "trade_id": "240457394", "timestamp": 1675074661809, "tick_direction": 1, "price": 0.2855, "mark_price": 0.2847812, "iv": 63.03, "instrument_name": "BTC-31MAR23-17000-C", "index_price": 23271.31, "direction": "sell", "amount": 1.0}, {"trade_seq": 1008, "trade_id": "240457387", "timestamp": 1675074627581, "tick_direction": 0, "price": 0.2855, "mark_price": 0.28479926, "iv": 63.01, "instrument_name": "BTC-31MAR23-17000-C", "index_price": 23277.69, "direction": "sell", "amount": 1.0}, {"trade_seq": 1007, "trade_id": "240457320", "timestamp": 1675074481898, "tick_direction": 0, "price": 0.285, "mark_price": 0.28470891, "iv": 62.38, "instrument_name": "BTC-31MAR23-17000-C", "index_price": 23273.51, "direction": "sell", "amount": 1.0}, {"trade_seq": 1006, "trade_id": "240425895", "timestamp": 1675030581832, "tick_direction": 0, "price": 0.301, "mark_price": 0.30098184, "iv": 64.22, "instrument_name": "BTC-31MAR23-17000-C", "index_price": 23792.34, "direction": "sell", "amount": 0.5}, {"trade_seq": 1005, "trade_id": "240423645", "timestamp": 1675027380600, "tick_direction": 2, "price": 0.2965, "mark_price": 0.29905768, "iv": 59.78, "instrument_name": "BTC-31MAR23-17000-C", "index_price": 23719.1, "direction": "buy", "amount": 0.5}, {"trade_seq": 1004, "trade_id": "240421070", "timestamp": 1675024557519, "tick_direction": 0, "price": 0.303, "mark_price": 0.30190728, "iv": 66.63, "instrument_name": "BTC-31MAR23-17000-C", "index_price": 23810.13, "direction": "buy", "amount": 1.0}, {"trade_seq": 1003, "trade_id": "240421069", "timestamp": 1675024554644, "tick_direction": 0, "price": 0.3025, "mark_price": 0.30190444, "iv": 65.8, "instrument_name": "BTC-31MAR23-17000-C", "index_price": 23810.13, "direction": "sell", "amount": 1.0}, {"trade_seq": 1002, "trade_id": "240421068", "timestamp": 1675024552733, "tick_direction": 0, "price": 0.302, "mark_price": 0.3019087, "iv": 64.95, "instrument_name": "BTC-31MAR23-17000-C", "index_price": 23810.08, "direction": "sell", "amount": 1.0}, {"trade_seq": 1001, "trade_id": "240420297", "timestamp": 1675023391120, "tick_direction": 0, "price": 0.3015, "mark_price": 0.30203952, "iv": 63.87, "instrument_name": "BTC-31MAR23-17000-C", "index_price": 23819.57, "direction": "buy", "amount": 1.0}, {"trade_seq": 1000, "trade_id": "240420287", "timestamp": 1675023370983, "tick_direction": 2, "price": 0.301, "mark_price": 0.30177282, "iv": 63.46, "instrument_name": "BTC-31MAR23-17000-C", "index_price": 23809.25, "direction": "buy", "amount": 1.0}, {"trade_seq": 999, "trade_id": "240419881", "timestamp": 1675022941857, "tick_direction": 0, "price": 0.3015, "mark_price": 0.30210893, "iv": 63.66, "instrument_name": "BTC-31MAR23-17000-C", "index_price": 23832.64, "direction": "buy", "amount": 1.0}, {"trade_seq": 998, "trade_id": "240419703", "timestamp": 1675022793809, "tick_direction": 3, "price": 0.301, "mark_price": 0.30180134, "iv": 63.28, "instrument_name": "BTC-31MAR23-17000-C", "index_price": 23819.26, "direction": "buy", "amount": 0.4}, {"trade_seq": 997, "trade_id": "240419693", "timestamp": 1675022793161, "tick_direction": 2, "price": 0.301, "mark_price": 0.30180134, "iv": 63.28, "instrument_name": "BTC-31MAR23-17000-C", "index_price": 23819.26, "direction": "buy", "amount": 0.6}, {"trade_seq": 996, "trade_id": "240416979", "timestamp": 1675021292793, "tick_direction": 0, "price": 0.3035, "mark_price": 0.30371942, "iv": 64.01, "instrument_name": "BTC-31MAR23-17000-C", "index_price": 23902.93, "direction": "buy", "amount": 1.0}, {"trade_seq": 995, "trade_id": "240416818", "timestamp": 1675021165198, "tick_direction": 3, "price": 0.303, "mark_price": 0.30316327, "iv": 64.09, "instrument_name": "BTC-31MAR23-17000-C", "index_price": 23871.12, "direction": "buy", "amount": 1.0}, {"trade_seq": 994, "trade_id": "240416781", "timestamp": 1675021145679, "tick_direction": 3, "price": 0.303, "mark_price": 0.30339262, "iv": 63.58, "instrument_name": "BTC-31MAR23-17000-C", "index_price": 23880.71, "direction": "buy", "amount": 1.0}, {"trade_seq": 993, "trade_id": "240416779", "timestamp": 1675021144594, "tick_direction": 3, "price": 0.303, "mark_price": 0.30336375, "iv": 63.73, "instrument_name": "BTC-31MAR23-17000-C", "index_price": 23877.66, "direction": "buy", "amount": 1.0}, {"trade_seq": 992, "trade_id": "240416776", "timestamp": 1675021143436, "tick_direction": 3, "price": 0.303, "mark_price": 0.3032711, "iv": 63.79, "instrument_name": "BTC-31MAR23-17000-C", "index_price": 23876.58, "direction": "buy", "amount": 1.0}, {"trade_seq": 991, "trade_id": "240416769", "timestamp": 1675021141432, "tick_direction": 3, "price": 0.303, "mark_price": 0.30323648, "iv": 64.01, "instrument_name": "BTC-31MAR23-17000-C", "index_price": 23871.99, "direction": "buy", "amount": 1.0}, {"trade_seq": 990, "trade_id": "240416767", "timestamp": 1675021140314, "tick_direction": 3, "price": 0.303, "mark_price": 0.3032193, "iv": 64.02, "instrument_name": "BTC-31MAR23-17000-C", "index_price": 23871.97, "direction": "buy", "amount": 1.0}, {"trade_seq": 989, "trade_id": "240416766", "timestamp": 1675021138054, "tick_direction": 2, "price": 0.303, "mark_price": 0.30327778, "iv": 63.94, "instrument_name": "BTC-31MAR23-17000-C", "index_price": 23873.56, "direction": "buy", "amount": 1.0}, {"trade_seq": 988, "trade_id": "240415029", "timestamp": 1675020690870, "tick_direction": 0, "price": 0.304, "mark_price": 0.3036306, "iv": 64.68, "instrument_name": "BTC-31MAR23-17000-C", "index_price": 23897.34, "direction": "buy", "amount": 0.5}, {"trade_seq": 987, "trade_id": "240412445", "timestamp": 1675019899184, "tick_direction": 0, "price": 0.2995, "mark_price": 0.29958917, "iv": 63.61, "instrument_name": "BTC-31MAR23-17000-C", "index_price": 23764.55, "direction": "buy", "amount": 0.1}, {"trade_seq": 986, "trade_id": "240411437", "timestamp": 1675019438178, "tick_direction": 0, "price": 0.299, "mark_price": 0.29862108, "iv": 64.44, "instrument_name": "BTC-31MAR23-17000-C", "index_price": 23726.21, "direction": "sell", "amount": 0.2}, {"trade_seq": 985, "trade_id": "240405273", "timestamp": 1675014002706, "tick_direction": 0, "price": 0.295, "mark_price": 0.29483999, "iv": 63.87, "instrument_name": "BTC-31MAR23-17000-C", "index_price": 23596.42, "direction": "buy", "amount": 1.0}, {"trade_seq": 984, "trade_id": "240405188", "timestamp": 1675013764453, "tick_direction": 3, "price": 0.2945, "mark_price": 0.295202, "iv": 62.38, "instrument_name": "BTC-31MAR23-17000-C", "index_price": 23606.73, "direction": "buy", "amount": 1.0}, {"trade_seq": 983, "trade_id": "240405164", "timestamp": 1675013723122, "tick_direction": 2, "price": 0.2945, "mark_price": 0.29508148, "iv": 62.64, "instrument_name": "BTC-31MAR23-17000-C", "index_price": 23596.81, "direction": "buy", "amount": 1.0}, {"trade_seq": 982, "trade_id": "240404914", "timestamp": 1675013270207, "tick_direction": 2, "price": 0.295, "mark_price": 0.29564677, "iv": 62.54, "instrument_name": "BTC-31MAR23-17000-C", "index_price": 23616.92, "direction": "buy", "amount": 1.0}, {"trade_seq": 981, "trade_id": "240404339", "timestamp": 1675012745858, "tick_direction": 0, "price": 0.2955, "mark_price": 0.2963244, "iv": 62.13, "instrument_name": "BTC-31MAR23-17000-C", "index_price": 23642.15, "direction": "buy", "amount": 1.0}, {"trade_seq": 980, "trade_id": "240404279", "timestamp": 1675012730486, "tick_direction": 1, "price": 0.295, "mark_price": 0.29535393, "iv": 63.0, "instrument_name": "BTC-31MAR23-17000-C", "index_price": 23607.77, "direction": "buy", "amount": 0.1}, {"trade_seq": 979, "trade_id": "240404278", "timestamp": 1675012730486, "tick_direction": 1, "price": 0.295, "mark_price": 0.29535393, "iv": 63.0, "instrument_name": "BTC-31MAR23-17000-C", "index_price": 23607.77, "direction": "buy", "amount": 0.1}, {"trade_seq": 978, "trade_id": "240404277", "timestamp": 1675012730486, "tick_direction": 1, "price": 0.295, "mark_price": 0.29535393, "iv": 63.0, "instrument_name": "BTC-31MAR23-17000-C", "index_price": 23607.77, "direction": "buy", "amount": 0.1}, {"trade_seq": 977, "trade_id": "240404276", "timestamp": 1675012730486, "tick_direction": 1, "price": 0.295, "mark_price": 0.29535393, "iv": 63.0, "instrument_name": "BTC-31MAR23-17000-C", "index_price": 23607.77, "direction": "buy", "amount": 0.1}, {"trade_seq": 976, "trade_id": "240404275", "timestamp": 1675012730486, "tick_direction": 1, "price": 0.295, "mark_price": 0.29535393, "iv": 63.0, "instrument_name": "BTC-31MAR23-17000-C", "index_price": 23607.77, "direction": "buy", "amount": 0.1}, {"trade_seq": 975, "trade_id": "240404274", "timestamp": 1675012730486, "tick_direction": 0, "price": 0.295, "mark_price": 0.29535393, "iv": 63.0, "instrument_name": "BTC-31MAR23-17000-C", "index_price": 23607.77, "direction": "buy", "amount": 1.0}, {"trade_seq": 974, "trade_id": "240404148", "timestamp": 1675012587903, "tick_direction": 3, "price": 0.2945, "mark_price": 0.295021, "iv": 62.65, "instrument_name": "BTC-31MAR23-17000-C", "index_price": 23595.14, "direction": "buy", "amount": 1.0}, {"trade_seq": 973, "trade_id": "240404062", "timestamp": 1675012380561, "tick_direction": 3, "price": 0.2945, "mark_price": 0.29510295, "iv": 62.53, "instrument_name": "BTC-31MAR23-17000-C", "index_price": 23602.27, "direction": "buy", "amount": 1.0}, {"trade_seq": 972, "trade_id": "240404061", "timestamp": 1675012378142, "tick_direction": 3, "price": 0.2945, "mark_price": 0.29507712, "iv": 62.53, "instrument_name": "BTC-31MAR23-17000-C", "index_price": 23602.36, "direction": "buy", "amount": 1.0}, {"trade_seq": 971, "trade_id": "240403543", "timestamp": 1675011729629, "tick_direction": 2, "price": 0.2945, "mark_price": 0.29512033, "iv": 62.62, "instrument_name": "BTC-31MAR23-17000-C", "index_price": 23596.17, "direction": "buy", "amount": 1.0}, {"trade_seq": 970, "trade_id": "240402625", "timestamp": 1675010874993, "tick_direction": 0, "price": 0.295, "mark_price": 0.29542086, "iv": 62.39, "instrument_name": "BTC-31MAR23-17000-C", "index_price": 23621.98, "direction": "buy", "amount": 0.1}, {"trade_seq": 969, "trade_id": "240402564", "timestamp": 1675010867817, "tick_direction": 0, "price": 0.2945, "mark_price": 0.29487689, "iv": 62.68, "instrument_name": "BTC-31MAR23-17000-C", "index_price": 23598.96, "direction": "buy", "amount": 0.1}, {"trade_seq": 968, "trade_id": "240402436", "timestamp": 1675010841452, "tick_direction": 0, "price": 0.294, "mark_price": 0.2944449, "iv": 62.55, "instrument_name": "BTC-31MAR23-17000-C", "index_price": 23584.34, "direction": "buy", "amount": 0.1}, {"trade_seq": 967, "trade_id": "240402350", "timestamp": 1675010758407, "tick_direction": 1, "price": 0.2935, "mark_price": 0.29396684, "iv": 62.48, "instrument_name": "BTC-31MAR23-17000-C", "index_price": 23567.38, "direction": "buy", "amount": 0.1}, {"trade_seq": 966, "trade_id": "240402309", "timestamp": 1675010702587, "tick_direction": 0, "price": 0.2935, "mark_price": 0.29381058, "iv": 62.72, "instrument_name": "BTC-31MAR23-17000-C", "index_price": 23562.55, "direction": "buy", "amount": 0.5}, {"trade_seq": 965, "trade_id": "240402268", "timestamp": 1675010653932, "tick_direction": 2, "price": 0.293, "mark_price": 0.29358346, "iv": 62.22, "instrument_name": "BTC-31MAR23-17000-C", "index_price": 23554.23, "direction": "buy", "amount": 0.1}, {"trade_seq": 964, "trade_id": "240400795", "timestamp": 1675008304904, "tick_direction": 1, "price": 0.2935, "mark_price": 0.29401961, "iv": 62.42, "instrument_name": "BTC-31MAR23-17000-C", "index_price": 23566.41, "direction": "buy", "amount": 0.1}, {"trade_seq": 963, "trade_id": "240400794", "timestamp": 1675008304904, "tick_direction": 0, "price": 0.2935, "mark_price": 0.29401961, "iv": 62.42, "instrument_name": "BTC-31MAR23-17000-C", "index_price": 23566.41, "direction": "buy", "amount": 0.1}, {"trade_seq": 962, "trade_id": "240400715", "timestamp": 1675008180834, "tick_direction": 1, "price": 0.293, "mark_price": 0.29338783, "iv": 62.63, "instrument_name": "BTC-31MAR23-17000-C", "index_price": 23541.47, "direction": "buy", "amount": 0.5}, {"trade_seq": 961, "trade_id": "240400517", "timestamp": 1675007543593, "tick_direction": 1, "price": 0.293, "mark_price": 0.29329037, "iv": 62.83, "instrument_name": "BTC-31MAR23-17000-C", "index_price": 23546.27, "direction": "buy", "amount": 0.1}, {"trade_seq": 960, "trade_id": "240400516", "timestamp": 1675007543593, "tick_direction": 0, "price": 0.293, "mark_price": 0.29329037, "iv": 62.83, "instrument_name": "BTC-31MAR23-17000-C", "index_price": 23546.27, "direction": "buy", "amount": 0.1}, {"trade_seq": 959, "trade_id": "240400360", "timestamp": 1675006918314, "tick_direction": 1, "price": 0.2925, "mark_price": 0.29311395, "iv": 62.3, "instrument_name": "BTC-31MAR23-17000-C", "index_price": 23534.17, "direction": "buy", "amount": 0.5}, {"trade_seq": 958, "trade_id": "240400245", "timestamp": 1675006474296, "tick_direction": 0, "price": 0.2925, "mark_price": 0.29312084, "iv": 62.43, "instrument_name": "BTC-31MAR23-17000-C", "index_price": 23532.23, "direction": "buy", "amount": 0.1}, {"trade_seq": 957, "trade_id": "240400226", "timestamp": 1675006398514, "tick_direction": 3, "price": 0.292, "mark_price": 0.29269655, "iv": 62.3, "instrument_name": "BTC-31MAR23-17000-C", "index_price": 23514.59, "direction": "buy", "amount": 0.1}, {"trade_seq": 956, "trade_id": "240400225", "timestamp": 1675006398514, "tick_direction": 3, "price": 0.292, "mark_price": 0.29269655, "iv": 62.3, "instrument_name": "BTC-31MAR23-17000-C", "index_price": 23514.59, "direction": "buy", "amount": 0.1}, {"trade_seq": 955, "trade_id": "240400224", "timestamp": 1675006398514, "tick_direction": 2, "price": 0.292, "mark_price": 0.29269655, "iv": 62.3, "instrument_name": "BTC-31MAR23-17000-C", "index_price": 23514.59, "direction": "buy", "amount": 0.1}, {"trade_seq": 954, "trade_id": "240399352", "timestamp": 1675004197865, "tick_direction": 1, "price": 0.293, "mark_price": 0.29336654, "iv": 62.58, "instrument_name": "BTC-31MAR23-17000-C", "index_price": 23542.95, "direction": "buy", "amount": 0.5}, {"trade_seq": 953, "trade_id": "240399301", "timestamp": 1675004059352, "tick_direction": 0, "price": 0.293, "mark_price": 0.29332049, "iv": 62.61, "instrument_name": "BTC-31MAR23-17000-C", "index_price": 23542.53, "direction": "buy", "amount": 0.1}, {"trade_seq": 952, "trade_id": "240399278", "timestamp": 1675004012166, "tick_direction": 1, "price": 0.2925, "mark_price": 0.29306431, "iv": 62.08, "instrument_name": "BTC-31MAR23-17000-C", "index_price": 23534.75, "direction": "buy", "amount": 0.1}, {"trade_seq": 951, "trade_id": "240399273", "timestamp": 1675003997077, "tick_direction": 1, "price": 0.2925, "mark_price": 0.29284314, "iv": 62.52, "instrument_name": "BTC-31MAR23-17000-C", "index_price": 23526.44, "direction": "buy", "amount": 0.1}, {"trade_seq": 950, "trade_id": "240399272", "timestamp": 1675003997077, "tick_direction": 1, "price": 0.2925, "mark_price": 0.29284314, "iv": 62.52, "instrument_name": "BTC-31MAR23-17000-C", "index_price": 23526.44, "direction": "buy", "amount": 0.1}, {"trade_seq": 949, "trade_id": "240399236", "timestamp": 1675003874123, "tick_direction": 1, "price": 0.2925, "mark_price": 0.29269972, "iv": 62.77, "instrument_name": "BTC-31MAR23-17000-C", "index_price": 23524.83, "direction": "buy", "amount": 0.1}, {"trade_seq": 948, "trade_id": "240399140", "timestamp": 1675003657388, "tick_direction": 1, "price": 0.2925, "mark_price": 0.29286313, "iv": 62.49, "instrument_name": "BTC-31MAR23-17000-C", "index_price": 23522.86, "direction": "buy", "amount": 0.1}, {"trade_seq": 947, "trade_id": "240399086", "timestamp": 1675003566238, "tick_direction": 0, "price": 0.2925, "mark_price": 0.29296288, "iv": 62.29, "instrument_name": "BTC-31MAR23-17000-C", "index_price": 23527.1, "direction": "buy", "amount": 0.1}, {"trade_seq": 946, "trade_id": "240398958", "timestamp": 1675003401228, "tick_direction": 0, "price": 0.292, "mark_price": 0.29238274, "iv": 62.39, "instrument_name": "BTC-31MAR23-17000-C", "index_price": 23514.27, "direction": "buy", "amount": 0.1}, {"trade_seq": 945, "trade_id": "240398913", "timestamp": 1675003375315, "tick_direction": 0, "price": 0.2915, "mark_price": 0.29184897, "iv": 62.45, "instrument_name": "BTC-31MAR23-17000-C", "index_price": 23493.98, "direction": "buy", "amount": 0.1}, {"trade_seq": 944, "trade_id": "240350153", "timestamp": 1674918740743, "tick_direction": 0, "price": 0.2765, "mark_price": 0.27641013, "iv": 59.84, "instrument_name": "BTC-31MAR23-17000-C", "index_price": 23004.06, "direction": "buy", "amount": 1.0}, {"trade_seq": 943, "trade_id": "240349763", "timestamp": 1674918299634, "tick_direction": 2, "price": 0.275, "mark_price": 0.27529188, "iv": 59.21, "instrument_name": "BTC-31MAR23-17000-C", "index_price": 22964.73, "direction": "buy", "amount": 1.0}, {"trade_seq": 942, "trade_id": "240349625", "timestamp": 1674918171918, "tick_direction": 1, "price": 0.2755, "mark_price": 0.27588168, "iv": 59.06, "instrument_name": "BTC-31MAR23-17000-C", "index_price": 22979.42, "direction": "buy", "amount": 1.0}, {"trade_seq": 941, "trade_id": "240349612", "timestamp": 1674918135034, "tick_direction": 0, "price": 0.2755, "mark_price": 0.27579883, "iv": 59.18, "instrument_name": "BTC-31MAR23-17000-C", "index_price": 22980.78, "direction": "buy", "amount": 1.0}, {"trade_seq": 940, "trade_id": "240349138", "timestamp": 1674917822315, "tick_direction": 1, "price": 0.275, "mark_price": 0.27515991, "iv": 59.42, "instrument_name": "BTC-31MAR23-17000-C", "index_price": 22960.93, "direction": "buy", "amount": 1.0}, {"trade_seq": 939, "trade_id": "240349096", "timestamp": 1674917781078, "tick_direction": 1, "price": 0.275, "mark_price": 0.27516942, "iv": 59.41, "instrument_name": "BTC-31MAR23-17000-C", "index_price": 22960.8, "direction": "buy", "amount": 1.0}, {"trade_seq": 938, "trade_id": "240349095", "timestamp": 1674917768739, "tick_direction": 0, "price": 0.275, "mark_price": 0.27515401, "iv": 59.43, "instrument_name": "BTC-31MAR23-17000-C", "index_price": 22960.45, "direction": "buy", "amount": 1.0}, {"trade_seq": 937, "trade_id": "240347412", "timestamp": 1674912224113, "tick_direction": 0, "price": 0.274, "mark_price": 0.27425588, "iv": 59.33, "instrument_name": "BTC-31MAR23-17000-C", "index_price": 22924.19, "direction": "buy", "amount": 1.0}, {"trade_seq": 936, "trade_id": "240347336", "timestamp": 1674912113152, "tick_direction": 1, "price": 0.2735, "mark_price": 0.27386017, "iv": 59.19, "instrument_name": "BTC-31MAR23-17000-C", "index_price": 22907.18, "direction": "buy", "amount": 1.0}, {"trade_seq": 935, "trade_id": "240347329", "timestamp": 1674912092421, "tick_direction": 0, "price": 0.2735, "mark_price": 0.27372606, "iv": 59.4, "instrument_name": "BTC-31MAR23-17000-C", "index_price": 22902.13, "direction": "buy", "amount": 1.0}, {"trade_seq": 934, "trade_id": "240092372", "timestamp": 1674638373830, "tick_direction": 3, "price": 0.269, "mark_price": 0.269535, "iv": 63.1, "instrument_name": "BTC-31MAR23-17000-C", "index_price": 22609.51, "direction": "buy", "amount": 1.0}, {"trade_seq": 933, "trade_id": "240092359", "timestamp": 1674638366692, "tick_direction": 2, "price": 0.269, "mark_price": 0.26942923, "iv": 63.23, "instrument_name": "BTC-31MAR23-17000-C", "index_price": 22604.82, "direction": "buy", "amount": 1.0}, {"trade_seq": 932, "trade_id": "240042486", "timestamp": 1674575725833, "tick_direction": 3, "price": 0.2815, "mark_price": 0.28136073, "iv": 66.55, "instrument_name": "BTC-31MAR23-17000-C", "index_price": 22952.18, "direction": "buy", "amount": 1.8}, {"trade_seq": 931, "trade_id": "240042485", "timestamp": 1674575725467, "tick_direction": 3, "price": 0.2815, "mark_price": 0.28136073, "iv": 66.61, "instrument_name": "BTC-31MAR23-17000-C", "index_price": 22950.52, "direction": "buy", "amount": 0.1}, {"trade_seq": 930, "trade_id": "240042484", "timestamp": 1674575725463, "tick_direction": 3, "price": 0.2815, "mark_price": 0.28136073, "iv": 66.61, "instrument_name": "BTC-31MAR23-17000-C", "index_price": 22950.52, "direction": "buy", "amount": 0.1}, {"trade_seq": 929, "trade_id": "240042483", "timestamp": 1674575725462, "tick_direction": 3, "price": 0.2815, "mark_price": 0.28136073, "iv": 66.61, "instrument_name": "BTC-31MAR23-17000-C", "index_price": 22950.52, "direction": "buy", "amount": 1.1}, {"trade_seq": 928, "trade_id": "240042478", "timestamp": 1674575723410, "tick_direction": 3, "price": 0.2815, "mark_price": 0.28131659, "iv": 66.7, "instrument_name": "BTC-31MAR23-17000-C", "index_price": 22948.87, "direction": "buy", "amount": 0.1}, {"trade_seq": 927, "trade_id": "240042477", "timestamp": 1674575723407, "tick_direction": 3, "price": 0.2815, "mark_price": 0.28131659, "iv": 66.7, "instrument_name": "BTC-31MAR23-17000-C", "index_price": 22948.87, "direction": "buy", "amount": 0.2}, {"trade_seq": 926, "trade_id": "240042476", "timestamp": 1674575723403, "tick_direction": 3, "price": 0.2815, "mark_price": 0.28131659, "iv": 66.7, "instrument_name": "BTC-31MAR23-17000-C", "index_price": 22948.87, "direction": "buy", "amount": 0.8}, {"trade_seq": 925, "trade_id": "240042471", "timestamp": 1674575714742, "tick_direction": 2, "price": 0.2815, "mark_price": 0.28112267, "iv": 66.75, "instrument_name": "BTC-31MAR23-17000-C", "index_price": 22946.22, "direction": "buy", "amount": 0.8}, {"trade_seq": 924, "trade_id": "239949133", "timestamp": 1674485489446, "tick_direction": 0, "price": 0.282, "mark_price": 0.28171419, "iv": 65.98, "instrument_name": "BTC-31MAR23-17000-C", "index_price": 22982.5, "direction": "buy", "amount": 0.2}, {"trade_seq": 923, "trade_id": "239738787", "timestamp": 1674253328831, "tick_direction": 0, "price": 0.2695, "mark_price": 0.2690026, "iv": 61.47, "instrument_name": "BTC-31MAR23-17000-C", "index_price": 22636.19, "direction": "sell", "amount": 1.0}, {"trade_seq": 922, "trade_id": "239656300", "timestamp": 1674186278343, "tick_direction": 1, "price": 0.223, "mark_price": 0.22334314, "iv": 57.91, "instrument_name": "BTC-31MAR23-17000-C", "index_price": 21108.34, "direction": "buy", "amount": 0.4}, {"trade_seq": 921, "trade_id": "239656298", "timestamp": 1674186278328, "tick_direction": 1, "price": 0.223, "mark_price": 0.22334314, "iv": 57.91, "instrument_name": "BTC-31MAR23-17000-C", "index_price": 21108.34, "direction": "buy", "amount": 0.1}, {"trade_seq": 920, "trade_id": "239656297", "timestamp": 1674186278325, "tick_direction": 1, "price": 0.223, "mark_price": 0.22334314, "iv": 57.91, "instrument_name": "BTC-31MAR23-17000-C", "index_price": 21108.34, "direction": "buy", "amount": 1.1}, {"trade_seq": 919, "trade_id": "239656296", "timestamp": 1674186278318, "tick_direction": 1, "price": 0.223, "mark_price": 0.22334314, "iv": 57.91, "instrument_name": "BTC-31MAR23-17000-C", "index_price": 21108.34, "direction": "buy", "amount": 0.4}, {"trade_seq": 918, "trade_id": "239656263", "timestamp": 1674186254662, "tick_direction": 1, "price": 0.223, "mark_price": 0.22320909, "iv": 58.01, "instrument_name": "BTC-31MAR23-17000-C", "index_price": 21107.29, "direction": "buy", "amount": 0.1}, {"trade_seq": 917, "trade_id": "239656262", "timestamp": 1674186253259, "tick_direction": 1, "price": 0.223, "mark_price": 0.22319905, "iv": 58.02, "instrument_name": "BTC-31MAR23-17000-C", "index_price": 21107.12, "direction": "buy", "amount": 0.1}, {"trade_seq": 916, "trade_id": "239656258", "timestamp": 1674186249990, "tick_direction": 1, "price": 0.223, "mark_price": 0.22313825, "iv": 58.09, "instrument_name": "BTC-31MAR23-17000-C", "index_price": 21106.86, "direction": "buy", "amount": 0.3}, {"trade_seq": 915, "trade_id": "239656257", "timestamp": 1674186248990, "tick_direction": 1, "price": 0.223, "mark_price": 0.22313929, "iv": 58.08, "instrument_name": "BTC-31MAR23-17000-C", "index_price": 21105.46, "direction": "buy", "amount": 0.7}, {"trade_seq": 914, "trade_id": "239656256", "timestamp": 1674186248980, "tick_direction": 1, "price": 0.223, "mark_price": 0.22313929, "iv": 58.08, "instrument_name": "BTC-31MAR23-17000-C", "index_price": 21105.46, "direction": "buy", "amount": 0.3}, {"trade_seq": 913, "trade_id": "239656255", "timestamp": 1674186248974, "tick_direction": 1, "price": 0.223, "mark_price": 0.22313929, "iv": 58.08, "instrument_name": "BTC-31MAR23-17000-C", "index_price": 21105.46, "direction": "buy", "amount": 0.8}, {"trade_seq": 912, "trade_id": "239656224", "timestamp": 1674186248864, "tick_direction": 1, "price": 0.223, "mark_price": 0.22313929, "iv": 58.08, "instrument_name": "BTC-31MAR23-17000-C", "index_price": 21105.46, "direction": "buy", "amount": 0.7}, {"trade_seq": 911, "trade_id": "239656223", "timestamp": 1674186241881, "tick_direction": 1, "price": 0.223, "mark_price": 0.22314218, "iv": 58.08, "instrument_name": "BTC-31MAR23-17000-C", "index_price": 21105.21, "direction": "buy", "amount": 0.8}, {"trade_seq": 910, "trade_id": "239656222", "timestamp": 1674186230235, "tick_direction": 1, "price": 0.223, "mark_price": 0.22308852, "iv": 58.11, "instrument_name": "BTC-31MAR23-17000-C", "index_price": 21103.37, "direction": "buy", "amount": 0.7}, {"trade_seq": 909, "trade_id": "239656216", "timestamp": 1674186169125, "tick_direction": 1, "price": 0.223, "mark_price": 0.22301694, "iv": 58.14, "instrument_name": "BTC-31MAR23-17000-C", "index_price": 21101.91, "direction": "buy", "amount": 0.9}, {"trade_seq": 908, "trade_id": "239655411", "timestamp": 1674184202744, "tick_direction": 1, "price": 0.223, "mark_price": 0.22348294, "iv": 57.75, "instrument_name": "BTC-31MAR23-17000-C", "index_price": 21107.21, "direction": "buy", "amount": 0.9}, {"trade_seq": 907, "trade_id": "239655410", "timestamp": 1674184202717, "tick_direction": 0, "price": 0.223, "mark_price": 0.22348294, "iv": 57.75, "instrument_name": "BTC-31MAR23-17000-C", "index_price": 21107.21, "direction": "buy", "amount": 1.7}, {"trade_seq": 906, "trade_id": "239627088", "timestamp": 1674147402586, "tick_direction": 0, "price": 0.2196, "mark_price": 0.21887154, "iv": 60.53, "instrument_name": "BTC-31MAR23-17000-C", "index_price": 20874.72, "direction": "sell", "combo_id": "BTC-RRITM-31MAR23-17000_21000", "block_trade_id": "61773", "amount": 15.0}, {"trade_seq": 905, "trade_id": "239470973", "timestamp": 1673978272720, "tick_direction": 0, "price": 0.233, "mark_price": 0.23281523, "iv": 62.77, "instrument_name": "BTC-31MAR23-17000-C", "index_price": 21212.2, "direction": "buy", "amount": 0.1}, {"trade_seq": 904, "trade_id": "239470798", "timestamp": 1673977944711, "tick_direction": 1, "price": 0.2325, "mark_price": 0.23258938, "iv": 62.52, "instrument_name": "BTC-31MAR23-17000-C", "index_price": 21205.28, "direction": "buy", "amount": 0.1}, {"trade_seq": 903, "trade_id": "239470773", "timestamp": 1673977859581, "tick_direction": 0, "price": 0.2325, "mark_price": 0.23253162, "iv": 62.57, "instrument_name": "BTC-31MAR23-17000-C", "index_price": 21204.92, "direction": "buy", "amount": 0.1}, {"trade_seq": 902, "trade_id": "239469880", "timestamp": 1673976443653, "tick_direction": 2, "price": 0.23, "mark_price": 0.22972543, "iv": 62.59, "instrument_name": "BTC-31MAR23-17000-C", "index_price": 21120.98, "direction": "buy", "amount": 0.1}, {"trade_seq": 901, "trade_id": "239459083", "timestamp": 1673968081023, "tick_direction": 3, "price": 0.236, "mark_price": 0.23549232, "iv": 62.86, "instrument_name": "BTC-31MAR23-17000-C", "index_price": 21303.15, "direction": "sell", "amount": 0.6}, {"trade_seq": 900, "trade_id": "239459066", "timestamp": 1673968075132, "tick_direction": 2, "price": 0.236, "mark_price": 0.23563466, "iv": 62.73, "instrument_name": "BTC-31MAR23-17000-C", "index_price": 21309.06, "direction": "sell", "amount": 0.4}, {"trade_seq": 899, "trade_id": "239385275", "timestamp": 1673897418162, "tick_direction": 0, "price": 0.239, "mark_price": 0.23913352, "iv": 65.34, "instrument_name": "BTC-31MAR23-17000-C", "index_price": 21287.77, "direction": "buy", "amount": 0.1}, {"trade_seq": 898, "trade_id": "239350851", "timestamp": 1673872902324, "tick_direction": 0, "price": 0.2245, "mark_price": 0.22490374, "iv": 64.83, "instrument_name": "BTC-31MAR23-17000-C", "index_price": 20808.96, "direction": "sell", "amount": 0.1}, {"trade_seq": 897, "trade_id": "239213045", "timestamp": 1673716897028, "tick_direction": 1, "price": 0.224, "mark_price": 0.22451494, "iv": 62.31, "instrument_name": "BTC-31MAR23-17000-C", "index_price": 20866.33, "direction": "buy", "amount": 0.9}, {"trade_seq": 896, "trade_id": "239213042", "timestamp": 1673716896835, "tick_direction": 1, "price": 0.224, "mark_price": 0.22451494, "iv": 62.44, "instrument_name": "BTC-31MAR23-17000-C", "index_price": 20862.02, "direction": "buy", "amount": 0.7}, {"trade_seq": 895, "trade_id": "239213035", "timestamp": 1673716894499, "tick_direction": 1, "price": 0.224, "mark_price": 0.22433774, "iv": 62.55, "instrument_name": "BTC-31MAR23-17000-C", "index_price": 20860.26, "direction": "buy", "amount": 0.9}, {"trade_seq": 894, "trade_id": "239212992", "timestamp": 1673716892926, "tick_direction": 1, "price": 0.224, "mark_price": 0.22345586, "iv": 62.58, "instrument_name": "BTC-31MAR23-17000-C", "index_price": 20861.38, "direction": "buy", "amount": 0.6}, {"trade_seq": 893, "trade_id": "239212980", "timestamp": 1673716892641, "tick_direction": 1, "price": 0.224, "mark_price": 0.22345565, "iv": 63.29, "instrument_name": "BTC-31MAR23-17000-C", "index_price": 20834.22, "direction": "buy", "amount": 0.8}, {"trade_seq": 892, "trade_id": "239212974", "timestamp": 1673716892597, "tick_direction": 1, "price": 0.224, "mark_price": 0.22345565, "iv": 63.29, "instrument_name": "BTC-31MAR23-17000-C", "index_price": 20834.22, "direction": "buy", "amount": 0.8}, {"trade_seq": 891, "trade_id": "239212967", "timestamp": 1673716892547, "tick_direction": 1, "price": 0.224, "mark_price": 0.22345565, "iv": 63.29, "instrument_name": "BTC-31MAR23-17000-C", "index_price": 20834.22, "direction": "buy", "amount": 0.9}, {"trade_seq": 890, "trade_id": "239212497", "timestamp": 1673716601714, "tick_direction": 1, "price": 0.224, "mark_price": 0.22415974, "iv": 62.7, "instrument_name": "BTC-31MAR23-17000-C", "index_price": 20858.55, "direction": "buy", "amount": 0.1}, {"trade_seq": 889, "trade_id": "239212496", "timestamp": 1673716601705, "tick_direction": 1, "price": 0.224, "mark_price": 0.22415974, "iv": 62.7, "instrument_name": "BTC-31MAR23-17000-C", "index_price": 20858.55, "direction": "buy", "amount": 0.9}, {"trade_seq": 888, "trade_id": "239212453", "timestamp": 1673716571371, "tick_direction": 1, "price": 0.224, "mark_price": 0.22404865, "iv": 62.8, "instrument_name": "BTC-31MAR23-17000-C", "index_price": 20853.19, "direction": "buy", "amount": 0.9}, {"trade_seq": 887, "trade_id": "239212444", "timestamp": 1673716548250, "tick_direction": 1, "price": 0.224, "mark_price": 0.22397262, "iv": 62.85, "instrument_name": "BTC-31MAR23-17000-C", "index_price": 20852.48, "direction": "buy", "amount": 0.9}, {"trade_seq": 886, "trade_id": "239212438", "timestamp": 1673716547846, "tick_direction": 1, "price": 0.224, "mark_price": 0.22393681, "iv": 62.85, "instrument_name": "BTC-31MAR23-17000-C", "index_price": 20852.48, "direction": "buy", "amount": 0.8}, {"trade_seq": 885, "trade_id": "239212436", "timestamp": 1673716543383, "tick_direction": 0, "price": 0.224, "mark_price": 0.22394229, "iv": 62.88, "instrument_name": "BTC-31MAR23-17000-C", "index_price": 20851.05, "direction": "buy", "amount": 0.8}, {"trade_seq": 884, "trade_id": "239178360", "timestamp": 1673698568433, "tick_direction": 3, "price": 0.214, "mark_price": 0.21490254, "iv": 60.33, "instrument_name": "BTC-31MAR23-17000-C", "index_price": 20617.73, "direction": "buy", "amount": 0.8}, {"trade_seq": 883, "trade_id": "239178351", "timestamp": 1673698566788, "tick_direction": 3, "price": 0.214, "mark_price": 0.21480263, "iv": 60.31, "instrument_name": "BTC-31MAR23-17000-C", "index_price": 20615.21, "direction": "buy", "amount": 1.0}, {"trade_seq": 882, "trade_id": "239178350", "timestamp": 1673698566419, "tick_direction": 3, "price": 0.214, "mark_price": 0.21480263, "iv": 60.35, "instrument_name": "BTC-31MAR23-17000-C", "index_price": 20613.21, "direction": "buy", "amount": 0.1}, {"trade_seq": 881, "trade_id": "239178349", "timestamp": 1673698566417, "tick_direction": 2, "price": 0.214, "mark_price": 0.21480263, "iv": 60.35, "instrument_name": "BTC-31MAR23-17000-C", "index_price": 20613.21, "direction": "buy", "amount": 1.1}, {"trade_seq": 880, "trade_id": "239143903", "timestamp": 1673679613646, "tick_direction": 0, "price": 0.224, "mark_price": 0.22380933, "iv": 60.14, "instrument_name": "BTC-31MAR23-17000-C", "index_price": 20961.43, "direction": "buy", "amount": 0.1}, {"trade_seq": 879, "trade_id": "239143880", "timestamp": 1673679521927, "tick_direction": 1, "price": 0.2235, "mark_price": 0.22354621, "iv": 59.94, "instrument_name": "BTC-31MAR23-17000-C", "index_price": 20950.17, "direction": "buy", "amount": 0.1}, {"trade_seq": 878, "trade_id": "239143879", "timestamp": 1673679520655, "tick_direction": 1, "price": 0.2235, "mark_price": 0.22354453, "iv": 59.94, "instrument_name": "BTC-31MAR23-17000-C", "index_price": 20949.78, "direction": "buy", "amount": 0.1}, {"trade_seq": 877, "trade_id": "239143877", "timestamp": 1673679519255, "tick_direction": 1, "price": 0.2235, "mark_price": 0.22353276, "iv": 59.95, "instrument_name": "BTC-31MAR23-17000-C", "index_price": 20949.41, "direction": "buy", "amount": 0.1}, {"trade_seq": 876, "trade_id": "239143876", "timestamp": 1673679517947, "tick_direction": 1, "price": 0.2235, "mark_price": 0.22350766, "iv": 59.97, "instrument_name": "BTC-31MAR23-17000-C", "index_price": 20948.64, "direction": "buy", "amount": 0.1}, {"trade_seq": 875, "trade_id": "239143875", "timestamp": 1673679516266, "tick_direction": 1, "price": 0.2235, "mark_price": 0.22350461, "iv": 59.97, "instrument_name": "BTC-31MAR23-17000-C", "index_price": 20948.77, "direction": "buy", "amount": 0.1}, {"trade_seq": 874, "trade_id": "239143874", "timestamp": 1673679513462, "tick_direction": 1, "price": 0.2235, "mark_price": 0.22348983, "iv": 59.98, "instrument_name": "BTC-31MAR23-17000-C", "index_price": 20949.12, "direction": "buy", "amount": 0.1}, {"trade_seq": 873, "trade_id": "239143872", "timestamp": 1673679506732, "tick_direction": 1, "price": 0.2235, "mark_price": 0.22352868, "iv": 59.96, "instrument_name": "BTC-31MAR23-17000-C", "index_price": 20950.28, "direction": "buy", "amount": 0.1}, {"trade_seq": 872, "trade_id": "239143870", "timestamp": 1673679504688, "tick_direction": 0, "price": 0.2235, "mark_price": 0.22355283, "iv": 59.95, "instrument_name": "BTC-31MAR23-17000-C", "index_price": 20950.77, "direction": "buy", "amount": 0.1}, {"trade_seq": 871, "trade_id": "239139478", "timestamp": 1673672972368, "tick_direction": 2, "price": 0.22, "mark_price": 0.22061141, "iv": 58.77, "instrument_name": "BTC-31MAR23-17000-C", "index_price": 20889.9, "direction": "buy", "amount": 0.2}, {"trade_seq": 870, "trade_id": "239137112", "timestamp": 1673670113733, "tick_direction": 2, "price": 0.2205, "mark_price": 0.22122779, "iv": 58.78, "instrument_name": "BTC-31MAR23-17000-C", "index_price": 20906.02, "direction": "buy", "amount": 0.2}, {"trade_seq": 869, "trade_id": "239135628", "timestamp": 1673668752627, "tick_direction": 0, "price": 0.2225, "mark_price": 0.22310019, "iv": 59.09, "instrument_name": "BTC-31MAR23-17000-C", "index_price": 20961.53, "direction": "buy", "amount": 0.3}, {"trade_seq": 868, "trade_id": "239133590", "timestamp": 1673666906657, "tick_direction": 0, "price": 0.221, "mark_price": 0.22131289, "iv": 59.69, "instrument_name": "BTC-31MAR23-17000-C", "index_price": 20877.2, "direction": "buy", "amount": 1.0}, {"trade_seq": 867, "trade_id": "239131755", "timestamp": 1673665894886, "tick_direction": 2, "price": 0.2, "mark_price": 0.22179121, "iv": 38.34, "instrument_name": "BTC-31MAR23-17000-C", "index_price": 20903.98, "direction": "buy", "amount": 1.0}, {"trade_seq": 866, "trade_id": "239131348", "timestamp": 1673665572094, "tick_direction": 0, "price": 0.224, "mark_price": 0.22385466, "iv": 59.61, "instrument_name": "BTC-31MAR23-17000-C", "index_price": 20978.85, "direction": "sell", "amount": 1.5}, {"trade_seq": 865, "trade_id": "239130878", "timestamp": 1673664799246, "tick_direction": 2, "price": 0.223, "mark_price": 0.22164759, "iv": 60.51, "instrument_name": "BTC-31MAR23-17000-C", "index_price": 20929.41, "direction": "sell", "amount": 1.5}, {"trade_seq": 864, "trade_id": "239095909", "timestamp": 1673656894282, "tick_direction": 0, "price": 0.2535, "mark_price": 0.22755088, "iv": 81.11, "instrument_name": "BTC-31MAR23-17000-C", "index_price": 21022.66, "direction": "buy", "amount": 4.0}, {"trade_seq": 863, "trade_id": "239028856", "timestamp": 1673634264830, "tick_direction": 0, "price": 0.1635, "mark_price": 0.16376556, "iv": 52.37, "instrument_name": "BTC-31MAR23-17000-C", "index_price": 19286.35, "direction": "buy", "amount": 0.1}, {"trade_seq": 862, "trade_id": "239021719", "timestamp": 1673629606188, "tick_direction": 3, "price": 0.1585, "mark_price": 0.15881189, "iv": 52.47, "instrument_name": "BTC-31MAR23-17000-C", "index_price": 19118.82, "direction": "buy", "amount": 0.2}, {"trade_seq": 861, "trade_id": "239021503", "timestamp": 1673629433899, "tick_direction": 3, "price": 0.1585, "mark_price": 0.15905916, "iv": 52.38, "instrument_name": "BTC-31MAR23-17000-C", "index_price": 19125.37, "direction": "buy", "amount": 0.1}, {"trade_seq": 860, "trade_id": "239021443", "timestamp": 1673629397306, "tick_direction": 2, "price": 0.1585, "mark_price": 0.15900851, "iv": 52.46, "instrument_name": "BTC-31MAR23-17000-C", "index_price": 19118.58, "direction": "buy", "amount": 0.1}, {"trade_seq": 859, "trade_id": "239021258", "timestamp": 1673629140506, "tick_direction": 2, "price": 0.1595, "mark_price": 0.15982158, "iv": 53.05, "instrument_name": "BTC-31MAR23-17000-C", "index_price": 19121.69, "direction": "buy", "amount": 0.1}, {"trade_seq": 858, "trade_id": "239020911", "timestamp": 1673628652078, "tick_direction": 0, "price": 0.161, "mark_price": 0.16107045, "iv": 53.37, "instrument_name": "BTC-31MAR23-17000-C", "index_price": 19155.67, "direction": "buy", "amount": 0.1}, {"trade_seq": 857, "trade_id": "239020841", "timestamp": 1673628539535, "tick_direction": 3, "price": 0.1605, "mark_price": 0.1609147, "iv": 53.17, "instrument_name": "BTC-31MAR23-17000-C", "index_price": 19146.65, "direction": "buy", "amount": 0.1}, {"trade_seq": 856, "trade_id": "239020793", "timestamp": 1673628502453, "tick_direction": 2, "price": 0.1605, "mark_price": 0.16072417, "iv": 53.3, "instrument_name": "BTC-31MAR23-17000-C", "index_price": 19139.98, "direction": "buy", "amount": 0.1}, {"trade_seq": 855, "trade_id": "239017541", "timestamp": 1673626182083, "tick_direction": 2, "price": 0.161, "mark_price": 0.1615475, "iv": 53.04, "instrument_name": "BTC-31MAR23-17000-C", "index_price": 19167.62, "direction": "buy", "amount": 0.1}, {"trade_seq": 854, "trade_id": "239016164", "timestamp": 1673625468844, "tick_direction": 0, "price": 0.165, "mark_price": 0.16473516, "iv": 53.54, "instrument_name": "BTC-31MAR23-17000-C", "index_price": 19278.95, "direction": "buy", "amount": 0.1}, {"trade_seq": 853, "trade_id": "239015812", "timestamp": 1673625153599, "tick_direction": 0, "price": 0.1645, "mark_price": 0.16430794, "iv": 53.45, "instrument_name": "BTC-31MAR23-17000-C", "index_price": 19264.23, "direction": "buy", "amount": 0.1}, {"trade_seq": 852, "trade_id": "239013495", "timestamp": 1673624153675, "tick_direction": 0, "price": 0.164, "mark_price": 0.16354748, "iv": 53.17, "instrument_name": "BTC-31MAR23-17000-C", "index_price": 19268.4, "direction": "buy", "amount": 0.1}, {"trade_seq": 851, "trade_id": "239011874", "timestamp": 1673623740228, "tick_direction": 0, "price": 0.1635, "mark_price": 0.16336131, "iv": 52.77, "instrument_name": "BTC-31MAR23-17000-C", "index_price": 19270.24, "direction": "buy", "amount": 0.1}, {"trade_seq": 850, "trade_id": "239000624", "timestamp": 1673621867936, "tick_direction": 0, "price": 0.155, "mark_price": 0.15525422, "iv": 51.54, "instrument_name": "BTC-31MAR23-17000-C", "index_price": 19046.58, "direction": "buy", "amount": 0.2}, {"trade_seq": 849, "trade_id": "238979640", "timestamp": 1673602242890, "tick_direction": 3, "price": 0.1455, "mark_price": 0.14560704, "iv": 48.84, "instrument_name": "BTC-31MAR23-17000-C", "index_price": 18878.29, "direction": "buy", "amount": 0.2}, {"trade_seq": 848, "trade_id": "238979637", "timestamp": 1673602235307, "tick_direction": 3, "price": 0.1455, "mark_price": 0.145602, "iv": 48.85, "instrument_name": "BTC-31MAR23-17000-C", "index_price": 18877.86, "direction": "buy", "amount": 0.8}, {"trade_seq": 847, "trade_id": "238954710", "timestamp": 1673580798303, "tick_direction": 0, "price": 0.1475, "mark_price": 0.14629562, "iv": 50.71, "instrument_name": "BTC-31MAR23-17000-C", "index_price": 18848.78, "direction": "buy", "amount": 0.1}, {"trade_seq": 846, "trade_id": "238954030", "timestamp": 1673579449531, "tick_direction": 2, "price": 0.1455, "mark_price": 0.14591349, "iv": 49.67, "instrument_name": "BTC-31MAR23-17000-C", "index_price": 18836.59, "direction": "buy", "amount": 0.1}, {"trade_seq": 845, "trade_id": "238923843", "timestamp": 1673551733050, "tick_direction": 2, "price": 0.146, "mark_price": 0.1467551, "iv": 48.88, "instrument_name": "BTC-31MAR23-17000-C", "index_price": 18879.63, "direction": "buy", "amount": 0.2}, {"trade_seq": 844, "trade_id": "238922666", "timestamp": 1673551101040, "tick_direction": 0, "price": 0.1465, "mark_price": 0.1460536, "iv": 49.61, "instrument_name": "BTC-31MAR23-17000-C", "index_price": 18846.88, "direction": "sell", "amount": 1.0}, {"trade_seq": 843, "trade_id": "238918156", "timestamp": 1673549020522, "tick_direction": 2, "price": 0.1395, "mark_price": 0.14040402, "iv": 48.4, "instrument_name": "BTC-31MAR23-17000-C", "index_price": 18696.64, "direction": "sell", "amount": 1.2}, {"trade_seq": 842, "trade_id": "238914262", "timestamp": 1673547805948, "tick_direction": 1, "price": 0.145, "mark_price": 0.14439049, "iv": 49.86, "instrument_name": "BTC-31MAR23-17000-C", "index_price": 18797.2, "direction": "sell", "amount": 0.8}, {"trade_seq": 841, "trade_id": "238914255", "timestamp": 1673547800048, "tick_direction": 1, "price": 0.145, "mark_price": 0.14454374, "iv": 49.8, "instrument_name": "BTC-31MAR23-17000-C", "index_price": 18802.4, "direction": "sell", "amount": 0.1}, {"trade_seq": 840, "trade_id": "238914253", "timestamp": 1673547799097, "tick_direction": 1, "price": 0.145, "mark_price": 0.14456967, "iv": 49.8, "instrument_name": "BTC-31MAR23-17000-C", "index_price": 18802.4, "direction": "sell", "amount": 0.3}, {"trade_seq": 839, "trade_id": "238914252", "timestamp": 1673547798756, "tick_direction": 1, "price": 0.145, "mark_price": 0.14456437, "iv": 49.74, "instrument_name": "BTC-31MAR23-17000-C", "index_price": 18804.22, "direction": "sell", "amount": 0.3}, {"trade_seq": 838, "trade_id": "238914250", "timestamp": 1673547798588, "tick_direction": 1, "price": 0.145, "mark_price": 0.14456437, "iv": 49.74, "instrument_name": "BTC-31MAR23-17000-C", "index_price": 18804.22, "direction": "sell", "amount": 0.1}, {"trade_seq": 837, "trade_id": "238914247", "timestamp": 1673547798439, "tick_direction": 1, "price": 0.145, "mark_price": 0.14456437, "iv": 49.74, "instrument_name": "BTC-31MAR23-17000-C", "index_price": 18804.22, "direction": "sell", "amount": 0.1}, {"trade_seq": 836, "trade_id": "238914244", "timestamp": 1673547798404, "tick_direction": 1, "price": 0.145, "mark_price": 0.14456437, "iv": 49.74, "instrument_name": "BTC-31MAR23-17000-C", "index_price": 18804.22, "direction": "sell", "amount": 0.2}, {"trade_seq": 835, "trade_id": "238914235", "timestamp": 1673547797159, "tick_direction": 1, "price": 0.145, "mark_price": 0.14460197, "iv": 49.75, "instrument_name": "BTC-31MAR23-17000-C", "index_price": 18805.31, "direction": "sell", "amount": 0.8}, {"trade_seq": 834, "trade_id": "238914154", "timestamp": 1673547789389, "tick_direction": 1, "price": 0.145, "mark_price": 0.1445494, "iv": 49.78, "instrument_name": "BTC-31MAR23-17000-C", "index_price": 18806.98, "direction": "sell", "amount": 1.9}, {"trade_seq": 833, "trade_id": "238914116", "timestamp": 1673547778781, "tick_direction": 0, "price": 0.145, "mark_price": 0.14455912, "iv": 49.73, "instrument_name": "BTC-31MAR23-17000-C", "index_price": 18810.79, "direction": "sell", "amount": 0.4}, {"trade_seq": 832, "trade_id": "238899579", "timestamp": 1673545185249, "tick_direction": 0, "price": 0.14, "mark_price": 0.13932867, "iv": 47.89, "instrument_name": "BTC-31MAR23-17000-C", "index_price": 18733.2, "direction": "buy", "amount": 0.2}, {"trade_seq": 831, "trade_id": "238895457", "timestamp": 1673545016224, "tick_direction": 0, "price": 0.13, "mark_price": 0.13010185, "iv": 47.16, "instrument_name": "BTC-31MAR23-17000-C", "index_price": 18442.59, "direction": "buy", "amount": 0.2}, {"trade_seq": 830, "trade_id": "238843209", "timestamp": 1673521798731, "tick_direction": 0, "price": 0.1235, "mark_price": 0.12312145, "iv": 47.95, "instrument_name": "BTC-31MAR23-17000-C", "index_price": 18177.14, "direction": "buy", "amount": 7.4}, {"trade_seq": 829, "trade_id": "238839474", "timestamp": 1673515444735, "tick_direction": 3, "price": 0.119, "mark_price": 0.12077999, "iv": 46.12, "instrument_name": "BTC-31MAR23-17000-C", "index_price": 18133.36, "direction": "sell", "amount": 0.8}, {"trade_seq": 828, "trade_id": "238839473", "timestamp": 1673515444735, "tick_direction": 3, "price": 0.119, "mark_price": 0.12077999, "iv": 46.12, "instrument_name": "BTC-31MAR23-17000-C", "index_price": 18133.36, "direction": "sell", "amount": 8.0}, {"trade_seq": 827, "trade_id": "238839472", "timestamp": 1673515444735, "tick_direction": 2, "price": 0.119, "mark_price": 0.12077999, "iv": 46.12, "instrument_name": "BTC-31MAR23-17000-C", "index_price": 18133.36, "direction": "sell", "amount": 2.0}, {"trade_seq": 826, "trade_id": "238838108", "timestamp": 1673513850728, "tick_direction": 2, "price": 0.1205, "mark_price": 0.12081863, "iv": 46.94, "instrument_name": "BTC-31MAR23-17000-C", "index_price": 18136.56, "direction": "buy", "amount": 0.4}, {"trade_seq": 825, "trade_id": "238818968", "timestamp": 1673499458528, "tick_direction": 1, "price": 0.1235, "mark_price": 0.12328876, "iv": 46.72, "instrument_name": "BTC-31MAR23-17000-C", "index_price": 18223.08, "direction": "sell", "amount": 2.7}, {"trade_seq": 824, "trade_id": "238818931", "timestamp": 1673499383922, "tick_direction": 1, "price": 0.1235, "mark_price": 0.12318137, "iv": 46.74, "instrument_name": "BTC-31MAR23-17000-C", "index_price": 18222.31, "direction": "sell", "amount": 2.3}, {"trade_seq": 823, "trade_id": "238807229", "timestamp": 1673489541118, "tick_direction": 0, "price": 0.1235, "mark_price": 0.12317642, "iv": 46.37, "instrument_name": "BTC-31MAR23-17000-C", "index_price": 18274.61, "direction": "buy", "amount": 0.1}, {"trade_seq": 822, "trade_id": "238807077", "timestamp": 1673489441504, "tick_direction": 0, "price": 0.123, "mark_price": 0.12266277, "iv": 46.35, "instrument_name": "BTC-31MAR23-17000-C", "index_price": 18257.68, "direction": "buy", "amount": 0.2}, {"trade_seq": 821, "trade_id": "238799589", "timestamp": 1673485165676, "tick_direction": 1, "price": 0.12, "mark_price": 0.11839451, "iv": 44.44, "instrument_name": "BTC-31MAR23-17000-C", "index_price": 18263.94, "direction": "buy", "amount": 0.2}, {"trade_seq": 820, "trade_id": "238799588", "timestamp": 1673485165676, "tick_direction": 0, "price": 0.12, "mark_price": 0.11839451, "iv": 44.44, "instrument_name": "BTC-31MAR23-17000-C", "index_price": 18263.94, "direction": "buy", "amount": 0.1}, {"trade_seq": 819, "trade_id": "238780837", "timestamp": 1673479960294, "tick_direction": 0, "price": 0.11, "mark_price": 0.10929236, "iv": 48.13, "instrument_name": "BTC-31MAR23-17000-C", "index_price": 17732.94, "direction": "buy", "amount": 0.2}, {"trade_seq": 818, "trade_id": "238776806", "timestamp": 1673476696132, "tick_direction": 0, "price": 0.105, "mark_price": 0.1048712, "iv": 47.85, "instrument_name": "BTC-31MAR23-17000-C", "index_price": 17577.03, "direction": "buy", "amount": 0.5}, {"trade_seq": 817, "trade_id": "238774041", "timestamp": 1673469240127, "tick_direction": 0, "price": 0.103, "mark_price": 0.10305131, "iv": 47.45, "instrument_name": "BTC-31MAR23-17000-C", "index_price": 17531.16, "direction": "buy", "amount": 2.0}, {"trade_seq": 816, "trade_id": "238768148", "timestamp": 1673460703167, "tick_direction": 1, "price": 0.102, "mark_price": 0.10173628, "iv": 47.13, "instrument_name": "BTC-31MAR23-17000-C", "index_price": 17513.78, "direction": "buy", "amount": 0.9}, {"trade_seq": 815, "trade_id": "238768107", "timestamp": 1673460700689, "tick_direction": 1, "price": 0.102, "mark_price": 0.10152371, "iv": 47.19, "instrument_name": "BTC-31MAR23-17000-C", "index_price": 17516.41, "direction": "buy", "amount": 0.4}, {"trade_seq": 814, "trade_id": "238768105", "timestamp": 1673460700571, "tick_direction": 1, "price": 0.102, "mark_price": 0.10152371, "iv": 47.19, "instrument_name": "BTC-31MAR23-17000-C", "index_price": 17516.41, "direction": "buy", "amount": 0.1}, {"trade_seq": 813, "trade_id": "238768098", "timestamp": 1673460700454, "tick_direction": 1, "price": 0.102, "mark_price": 0.10152371, "iv": 47.19, "instrument_name": "BTC-31MAR23-17000-C", "index_price": 17511.27, "direction": "buy", "amount": 0.2}, {"trade_seq": 812, "trade_id": "238768094", "timestamp": 1673460700341, "tick_direction": 1, "price": 0.102, "mark_price": 0.10152371, "iv": 47.21, "instrument_name": "BTC-31MAR23-17000-C", "index_price": 17511.27, "direction": "buy", "amount": 0.1}, {"trade_seq": 811, "trade_id": "238768089", "timestamp": 1673460700085, "tick_direction": 0, "price": 0.102, "mark_price": 0.10144777, "iv": 47.21, "instrument_name": "BTC-31MAR23-17000-C", "index_price": 17511.27, "direction": "buy", "amount": 0.2}, {"trade_seq": 810, "trade_id": "238767938", "timestamp": 1673460697999, "tick_direction": 0, "price": 0.1015, "mark_price": 0.10111693, "iv": 47.16, "instrument_name": "BTC-31MAR23-17000-C", "index_price": 17497.58, "direction": "buy", "amount": 0.1}, {"trade_seq": 809, "trade_id": "238764218", "timestamp": 1673452352676, "tick_direction": 2, "price": 0.097, "mark_price": 0.09660833, "iv": 47.05, "instrument_name": "BTC-31MAR23-17000-C", "index_price": 17339.88, "direction": "buy", "amount": 0.1}, {"trade_seq": 808, "trade_id": "238747948", "timestamp": 1673402852171, "tick_direction": 1, "price": 0.1, "mark_price": 0.09997009, "iv": 46.94, "instrument_name": "BTC-31MAR23-17000-C", "index_price": 17441.59, "direction": "sell", "amount": 1.2}, {"trade_seq": 807, "trade_id": "238747927", "timestamp": 1673402806028, "tick_direction": 1, "price": 0.1, "mark_price": 0.09996155, "iv": 46.96, "instrument_name": "BTC-31MAR23-17000-C", "index_price": 17442.09, "direction": "sell", "amount": 0.1}, {"trade_seq": 806, "trade_id": "238747919", "timestamp": 1673402804506, "tick_direction": 1, "price": 0.1, "mark_price": 0.09996484, "iv": 46.96, "instrument_name": "BTC-31MAR23-17000-C", "index_price": 17442.0, "direction": "sell", "amount": 0.2}, {"trade_seq": 805, "trade_id": "238747918", "timestamp": 1673402804490, "tick_direction": 1, "price": 0.1, "mark_price": 0.09996484, "iv": 46.96, "instrument_name": "BTC-31MAR23-17000-C", "index_price": 17442.0, "direction": "sell", "amount": 0.1}, {"trade_seq": 804, "trade_id": "238747911", "timestamp": 1673402803561, "tick_direction": 1, "price": 0.1, "mark_price": 0.09999638, "iv": 46.96, "instrument_name": "BTC-31MAR23-17000-C", "index_price": 17442.0, "direction": "sell", "amount": 0.1}, {"trade_seq": 803, "trade_id": "238747906", "timestamp": 1673402795426, "tick_direction": 1, "price": 0.1, "mark_price": 0.10000592, "iv": 46.94, "instrument_name": "BTC-31MAR23-17000-C", "index_price": 17443.94, "direction": "sell", "amount": 0.1}, {"trade_seq": 802, "trade_id": "238747904", "timestamp": 1673402792596, "tick_direction": 1, "price": 0.1, "mark_price": 0.1000307, "iv": 46.92, "instrument_name": "BTC-31MAR23-17000-C", "index_price": 17445.03, "direction": "sell", "amount": 0.3}, {"trade_seq": 801, "trade_id": "238747900", "timestamp": 1673402791356, "tick_direction": 1, "price": 0.1, "mark_price": 0.10006115, "iv": 46.92, "instrument_name": "BTC-31MAR23-17000-C", "index_price": 17445.2, "direction": "sell", "amount": 0.1}, {"trade_seq": 800, "trade_id": "238747897", "timestamp": 1673402787605, "tick_direction": 1, "price": 0.1, "mark_price": 0.10008446, "iv": 46.89, "instrument_name": "BTC-31MAR23-17000-C", "index_price": 17446.58, "direction": "sell", "amount": 0.1}, {"trade_seq": 799, "trade_id": "238747888", "timestamp": 1673402767196, "tick_direction": 1, "price": 0.1, "mark_price": 0.10019251, "iv": 46.82, "instrument_name": "BTC-31MAR23-17000-C", "index_price": 17449.24, "direction": "sell", "amount": 0.1}, {"trade_seq": 798, "trade_id": "238747887", "timestamp": 1673402766990, "tick_direction": 1, "price": 0.1, "mark_price": 0.10019251, "iv": 46.82, "instrument_name": "BTC-31MAR23-17000-C", "index_price": 17449.24, "direction": "sell", "amount": 0.2}, {"trade_seq": 797, "trade_id": "238747881", "timestamp": 1673402760049, "tick_direction": 1, "price": 0.1, "mark_price": 0.10021537, "iv": 46.81, "instrument_name": "BTC-31MAR23-17000-C", "index_price": 17449.96, "direction": "sell", "amount": 0.1}, {"trade_seq": 796, "trade_id": "238747879", "timestamp": 1673402750482, "tick_direction": 1, "price": 0.1, "mark_price": 0.10024682, "iv": 46.79, "instrument_name": "BTC-31MAR23-17000-C", "index_price": 17450.89, "direction": "sell", "amount": 0.1}, {"trade_seq": 795, "trade_id": "238747841", "timestamp": 1673402168817, "tick_direction": 1, "price": 0.1, "mark_price": 0.1001337, "iv": 46.67, "instrument_name": "BTC-31MAR23-17000-C", "index_price": 17458.46, "direction": "sell", "amount": 0.1}, {"trade_seq": 794, "trade_id": "238747831", "timestamp": 1673402101717, "tick_direction": 1, "price": 0.1, "mark_price": 0.10011419, "iv": 46.65, "instrument_name": "BTC-31MAR23-17000-C", "index_price": 17459.04, "direction": "sell", "amount": 0.1}, {"trade_seq": 793, "trade_id": "238740170", "timestamp": 1673381962243, "tick_direction": 0, "price": 0.1, "mark_price": 0.10026976, "iv": 46.35, "instrument_name": "BTC-31MAR23-17000-C", "index_price": 17475.89, "direction": "buy", "amount": 0.2}, {"trade_seq": 792, "trade_id": "238739992", "timestamp": 1673381915417, "tick_direction": 1, "price": 0.0995, "mark_price": 0.09957663, "iv": 46.46, "instrument_name": "BTC-31MAR23-17000-C", "index_price": 17457.28, "direction": "buy", "amount": 0.1}, {"trade_seq": 791, "trade_id": "238739991", "timestamp": 1673381915417, "tick_direction": 1, "price": 0.0995, "mark_price": 0.09957663, "iv": 46.46, "instrument_name": "BTC-31MAR23-17000-C", "index_price": 17457.28, "direction": "buy", "amount": 0.4}, {"trade_seq": 790, "trade_id": "238738967", "timestamp": 1673380489563, "tick_direction": 1, "price": 0.0995, "mark_price": 0.09915938, "iv": 46.65, "instrument_name": "BTC-31MAR23-17000-C", "index_price": 17440.25, "direction": "buy", "amount": 0.1}, {"trade_seq": 789, "trade_id": "238738966", "timestamp": 1673380487686, "tick_direction": 1, "price": 0.0995, "mark_price": 0.09915413, "iv": 46.66, "instrument_name": "BTC-31MAR23-17000-C", "index_price": 17440.04, "direction": "buy", "amount": 0.1}, {"trade_seq": 788, "trade_id": "238738965", "timestamp": 1673380486635, "tick_direction": 1, "price": 0.0995, "mark_price": 0.09915237, "iv": 46.66, "instrument_name": "BTC-31MAR23-17000-C", "index_price": 17439.97, "direction": "buy", "amount": 0.1}, {"trade_seq": 787, "trade_id": "238738928", "timestamp": 1673380396688, "tick_direction": 1, "price": 0.0995, "mark_price": 0.09907131, "iv": 46.7, "instrument_name": "BTC-31MAR23-17000-C", "index_price": 17435.31, "direction": "buy", "amount": 0.1}, {"trade_seq": 786, "trade_id": "238738927", "timestamp": 1673380395624, "tick_direction": 1, "price": 0.0995, "mark_price": 0.09906952, "iv": 46.7, "instrument_name": "BTC-31MAR23-17000-C", "index_price": 17435.15, "direction": "buy", "amount": 0.1}, {"trade_seq": 785, "trade_id": "238738926", "timestamp": 1673380394329, "tick_direction": 1, "price": 0.0995, "mark_price": 0.09906745, "iv": 46.7, "instrument_name": "BTC-31MAR23-17000-C", "index_price": 17435.33, "direction": "buy", "amount": 0.1}, {"trade_seq": 784, "trade_id": "238738897", "timestamp": 1673380329209, "tick_direction": 1, "price": 0.0995, "mark_price": 0.09913296, "iv": 46.66, "instrument_name": "BTC-31MAR23-17000-C", "index_price": 17439.51, "direction": "sell", "amount": 1.0}, {"trade_seq": 783, "trade_id": "238738896", "timestamp": 1673380323551, "tick_direction": 1, "price": 0.0995, "mark_price": 0.09911027, "iv": 46.67, "instrument_name": "BTC-31MAR23-17000-C", "index_price": 17439.07, "direction": "sell", "amount": 0.4}, {"trade_seq": 782, "trade_id": "238738894", "timestamp": 1673380310047, "tick_direction": 1, "price": 0.0995, "mark_price": 0.09919402, "iv": 46.62, "instrument_name": "BTC-31MAR23-17000-C", "index_price": 17441.81, "direction": "sell", "amount": 1.0}, {"trade_seq": 781, "trade_id": "238738879", "timestamp": 1673380169059, "tick_direction": 0, "price": 0.0995, "mark_price": 0.09906292, "iv": 46.63, "instrument_name": "BTC-31MAR23-17000-C", "index_price": 17440.91, "direction": "sell", "amount": 0.1}, {"trade_seq": 780, "trade_id": "238738849", "timestamp": 1673380084054, "tick_direction": 1, "price": 0.099, "mark_price": 0.09880001, "iv": 46.43, "instrument_name": "BTC-31MAR23-17000-C", "index_price": 17435.96, "direction": "sell", "amount": 0.6}, {"trade_seq": 779, "trade_id": "238738830", "timestamp": 1673380082445, "tick_direction": 0, "price": 0.099, "mark_price": 0.09878216, "iv": 46.46, "instrument_name": "BTC-31MAR23-17000-C", "index_price": 17433.85, "direction": "sell", "amount": 1.0}, {"trade_seq": 778, "trade_id": "238738524", "timestamp": 1673379471552, "tick_direction": 0, "price": 0.0985, "mark_price": 0.09829474, "iv": 46.23, "instrument_name": "BTC-31MAR23-17000-C", "index_price": 17430.39, "direction": "buy", "amount": 0.1}, {"trade_seq": 777, "trade_id": "238722888", "timestamp": 1673355320026, "tick_direction": 2, "price": 0.092, "mark_price": 0.09266746, "iv": 45.86, "instrument_name": "BTC-31MAR23-17000-C", "index_price": 17226.4, "direction": "sell", "amount": 0.2}, {"trade_seq": 776, "trade_id": "238722397", "timestamp": 1673353363523, "tick_direction": 1, "price": 0.0925, "mark_price": 0.0928546, "iv": 46.0, "instrument_name": "BTC-31MAR23-17000-C", "index_price": 17235.22, "direction": "sell", "amount": 1.0}, {"trade_seq": 775, "trade_id": "238720469", "timestamp": 1673347615251, "tick_direction": 1, "price": 0.0925, "mark_price": 0.09270733, "iv": 45.59, "instrument_name": "BTC-31MAR23-17000-C", "index_price": 17262.32, "direction": "sell", "amount": 0.1}, {"trade_seq": 774, "trade_id": "238720466", "timestamp": 1673347609746, "tick_direction": 0, "price": 0.0925, "mark_price": 0.09270963, "iv": 45.58, "instrument_name": "BTC-31MAR23-17000-C", "index_price": 17262.69, "direction": "sell", "amount": 0.1}, {"trade_seq": 773, "trade_id": "238715923", "timestamp": 1673334696746, "tick_direction": 3, "price": 0.091, "mark_price": 0.09090073, "iv": 45.58, "instrument_name": "BTC-31MAR23-17000-C", "index_price": 17206.18, "direction": "sell", "amount": 0.3}, {"trade_seq": 772, "trade_id": "238715922", "timestamp": 1673334696744, "tick_direction": 3, "price": 0.091, "mark_price": 0.09090073, "iv": 45.58, "instrument_name": "BTC-31MAR23-17000-C", "index_price": 17206.18, "direction": "buy", "amount": 0.7}, {"trade_seq": 771, "trade_id": "238715891", "timestamp": 1673334608408, "tick_direction": 3, "price": 0.091, "mark_price": 0.09077941, "iv": 45.64, "instrument_name": "BTC-31MAR23-17000-C", "index_price": 17202.05, "direction": "buy", "amount": 3.0}, {"trade_seq": 770, "trade_id": "238715886", "timestamp": 1673334450553, "tick_direction": 3, "price": 0.091, "mark_price": 0.09083045, "iv": 45.66, "instrument_name": "BTC-31MAR23-17000-C", "index_price": 17200.56, "direction": "buy", "amount": 2.0}, {"trade_seq": 769, "trade_id": "238715875", "timestamp": 1673334221635, "tick_direction": 2, "price": 0.091, "mark_price": 0.09103825, "iv": 45.63, "instrument_name": "BTC-31MAR23-17000-C", "index_price": 17202.65, "direction": "sell", "amount": 0.3}, {"trade_seq": 768, "trade_id": "238715805", "timestamp": 1673333578536, "tick_direction": 2, "price": 0.0916, "mark_price": 0.09127955, "iv": 45.94, "instrument_name": "BTC-31MAR23-17000-C", "index_price": 17202.01, "direction": "buy", "combo_id": "BTC-CBUT-31MAR23-13000_17000_21000", "block_trade_id": "60382", "amount": 12.6}, {"trade_seq": 767, "trade_id": "238698720", "timestamp": 1673282520336, "tick_direction": 0, "price": 0.0965, "mark_price": 0.0961676, "iv": 46.51, "instrument_name": "BTC-31MAR23-17000-C", "index_price": 17330.24, "direction": "sell", "amount": 0.1}, {"trade_seq": 766, "trade_id": "238685135", "timestamp": 1673255829903, "tick_direction": 3, "price": 0.096, "mark_price": 0.09607115, "iv": 48.02, "instrument_name": "BTC-31MAR23-17000-C", "index_price": 17204.58, "direction": "buy", "amount": 1.0}, {"trade_seq": 765, "trade_id": "238684429", "timestamp": 1673254495009, "tick_direction": 3, "price": 0.096, "mark_price": 0.09644599, "iv": 47.87, "instrument_name": "BTC-31MAR23-17000-C", "index_price": 17208.78, "direction": "sell", "amount": 5.0}, {"trade_seq": 764, "trade_id": "238680844", "timestamp": 1673247005456, "tick_direction": 2, "price": 0.096, "mark_price": 0.09579666, "iv": 48.12, "instrument_name": "BTC-31MAR23-17000-C", "index_price": 17193.86, "direction": "sell", "amount": 0.1}, {"trade_seq": 763, "trade_id": "238679937", "timestamp": 1673242071071, "tick_direction": 3, "price": 0.097, "mark_price": 0.09726729, "iv": 47.91, "instrument_name": "BTC-31MAR23-17000-C", "index_price": 17245.35, "direction": "sell", "amount": 0.1}, {"trade_seq": 762, "trade_id": "238679936", "timestamp": 1673242070833, "tick_direction": 2, "price": 0.097, "mark_price": 0.09726729, "iv": 47.91, "instrument_name": "BTC-31MAR23-17000-C", "index_price": 17245.35, "direction": "sell", "amount": 0.1}, {"trade_seq": 761, "trade_id": "238676819", "timestamp": 1673231831974, "tick_direction": 0, "price": 0.0975, "mark_price": 0.09651146, "iv": 48.59, "instrument_name": "BTC-31MAR23-17000-C", "index_price": 17220.31, "direction": "buy", "amount": 0.2}, {"trade_seq": 760, "trade_id": "238670906", "timestamp": 1673223161795, "tick_direction": 1, "price": 0.095, "mark_price": 0.09488272, "iv": 48.08, "instrument_name": "BTC-31MAR23-17000-C", "index_price": 17158.05, "direction": "buy", "amount": 0.2}, {"trade_seq": 759, "trade_id": "238670873", "timestamp": 1673223156969, "tick_direction": 1, "price": 0.095, "mark_price": 0.09487802, "iv": 48.09, "instrument_name": "BTC-31MAR23-17000-C", "index_price": 17157.5, "direction": "buy", "amount": 0.2}, {"trade_seq": 758, "trade_id": "238670872", "timestamp": 1673223155181, "tick_direction": 0, "price": 0.095, "mark_price": 0.09486871, "iv": 48.09, "instrument_name": "BTC-31MAR23-17000-C", "index_price": 17157.04, "direction": "buy", "amount": 0.1}, {"trade_seq": 757, "trade_id": "238655180", "timestamp": 1673168846391, "tick_direction": 2, "price": 0.0865, "mark_price": 0.08817994, "iv": 46.34, "instrument_name": "BTC-31MAR23-17000-C", "index_price": 16946.71, "direction": "sell", "amount": 0.1}, {"trade_seq": 756, "trade_id": "238652210", "timestamp": 1673138426200, "tick_direction": 3, "price": 0.088, "mark_price": 0.08793071, "iv": 47.59, "instrument_name": "BTC-31MAR23-17000-C", "index_price": 16920.27, "direction": "sell", "amount": 0.2}, {"trade_seq": 755, "trade_id": "238652176", "timestamp": 1673138384200, "tick_direction": 2, "price": 0.088, "mark_price": 0.08805966, "iv": 47.53, "instrument_name": "BTC-31MAR23-17000-C", "index_price": 16924.76, "direction": "sell", "amount": 0.8}, {"trade_seq": 754, "trade_id": "238647089", "timestamp": 1673086228720, "tick_direction": 3, "price": 0.0895, "mark_price": 0.08989696, "iv": 47.99, "instrument_name": "BTC-31MAR23-17000-C", "index_price": 16925.44, "direction": "buy", "amount": 2.9}, {"trade_seq": 753, "trade_id": "238646580", "timestamp": 1673079854496, "tick_direction": 2, "price": 0.0895, "mark_price": 0.09031789, "iv": 47.88, "instrument_name": "BTC-31MAR23-17000-C", "index_price": 16931.14, "direction": "sell", "amount": 0.1}, {"trade_seq": 752, "trade_id": "238643291", "timestamp": 1673059940681, "tick_direction": 2, "price": 0.091, "mark_price": 0.09075962, "iv": 48.55, "instrument_name": "BTC-31MAR23-17000-C", "index_price": 16940.73, "direction": "sell", "amount": 1.0}, {"trade_seq": 751, "trade_id": "238641583", "timestamp": 1673048690598, "tick_direction": 3, "price": 0.0915, "mark_price": 0.09140919, "iv": 48.59, "instrument_name": "BTC-31MAR23-17000-C", "index_price": 16948.91, "direction": "sell", "amount": 1.0}, {"trade_seq": 750, "trade_id": "238641582", "timestamp": 1673048690598, "tick_direction": 3, "price": 0.0915, "mark_price": 0.09140919, "iv": 48.59, "instrument_name": "BTC-31MAR23-17000-C", "index_price": 16948.91, "direction": "sell", "amount": 1.0}, {"trade_seq": 749, "trade_id": "238641581", "timestamp": 1673048690598, "tick_direction": 3, "price": 0.0915, "mark_price": 0.09140919, "iv": 48.59, "instrument_name": "BTC-31MAR23-17000-C", "index_price": 16948.91, "direction": "sell", "amount": 1.0}, {"trade_seq": 748, "trade_id": "238641580", "timestamp": 1673048690598, "tick_direction": 3, "price": 0.0915, "mark_price": 0.09140919, "iv": 48.59, "instrument_name": "BTC-31MAR23-17000-C", "index_price": 16948.91, "direction": "sell", "amount": 1.0}, {"trade_seq": 747, "trade_id": "238641579", "timestamp": 1673048690598, "tick_direction": 3, "price": 0.0915, "mark_price": 0.09140919, "iv": 48.59, "instrument_name": "BTC-31MAR23-17000-C", "index_price": 16948.91, "direction": "sell", "amount": 0.7}, {"trade_seq": 746, "trade_id": "238641577", "timestamp": 1673048689961, "tick_direction": 3, "price": 0.0915, "mark_price": 0.09140919, "iv": 48.59, "instrument_name": "BTC-31MAR23-17000-C", "index_price": 16948.91, "direction": "sell", "amount": 0.1}, {"trade_seq": 745, "trade_id": "238641576", "timestamp": 1673048689900, "tick_direction": 2, "price": 0.0915, "mark_price": 0.09140919, "iv": 48.59, "instrument_name": "BTC-31MAR23-17000-C", "index_price": 16948.91, "direction": "sell", "amount": 0.1}, {"trade_seq": 744, "trade_id": "238641487", "timestamp": 1673048319005, "tick_direction": 1, "price": 0.092, "mark_price": 0.09120292, "iv": 48.76, "instrument_name": "BTC-31MAR23-17000-C", "index_price": 16956.07, "direction": "buy", "amount": 1.0}, {"trade_seq": 743, "trade_id": "238641486", "timestamp": 1673048317877, "tick_direction": 1, "price": 0.092, "mark_price": 0.09120209, "iv": 48.76, "instrument_name": "BTC-31MAR23-17000-C", "index_price": 16956.06, "direction": "buy", "amount": 1.0}, {"trade_seq": 742, "trade_id": "238641485", "timestamp": 1673048316115, "tick_direction": 0, "price": 0.092, "mark_price": 0.09120096, "iv": 48.75, "instrument_name": "BTC-31MAR23-17000-C", "index_price": 16956.09, "direction": "buy", "amount": 1.0}, {"trade_seq": 741, "trade_id": "238641466", "timestamp": 1673048270075, "tick_direction": 3, "price": 0.0915, "mark_price": 0.09125661, "iv": 48.44, "instrument_name": "BTC-31MAR23-17000-C", "index_price": 16958.94, "direction": "sell", "amount": 0.1}, {"trade_seq": 740, "trade_id": "238641465", "timestamp": 1673048270060, "tick_direction": 3, "price": 0.0915, "mark_price": 0.09125661, "iv": 48.44, "instrument_name": "BTC-31MAR23-17000-C", "index_price": 16958.94, "direction": "sell", "amount": 0.1}, {"trade_seq": 739, "trade_id": "238641459", "timestamp": 1673048267793, "tick_direction": 3, "price": 0.0915, "mark_price": 0.09126024, "iv": 48.43, "instrument_name": "BTC-31MAR23-17000-C", "index_price": 16959.14, "direction": "sell", "amount": 0.1}, {"trade_seq": 738, "trade_id": "238641451", "timestamp": 1673048262765, "tick_direction": 3, "price": 0.0915, "mark_price": 0.09126841, "iv": 48.43, "instrument_name": "BTC-31MAR23-17000-C", "index_price": 16959.53, "direction": "sell", "amount": 0.1}, {"trade_seq": 737, "trade_id": "238641443", "timestamp": 1673048254684, "tick_direction": 3, "price": 0.0915, "mark_price": 0.09129638, "iv": 48.41, "instrument_name": "BTC-31MAR23-17000-C", "index_price": 16960.7, "direction": "sell", "amount": 0.1}, {"trade_seq": 736, "trade_id": "238641440", "timestamp": 1673048243672, "tick_direction": 3, "price": 0.0915, "mark_price": 0.09128047, "iv": 48.41, "instrument_name": "BTC-31MAR23-17000-C", "index_price": 16960.78, "direction": "sell", "amount": 0.1}, {"trade_seq": 735, "trade_id": "238641437", "timestamp": 1673048241060, "tick_direction": 3, "price": 0.0915, "mark_price": 0.09127765, "iv": 48.41, "instrument_name": "BTC-31MAR23-17000-C", "index_price": 16960.9, "direction": "sell", "amount": 0.1}, {"trade_seq": 734, "trade_id": "238641431", "timestamp": 1673048215898, "tick_direction": 3, "price": 0.0915, "mark_price": 0.09126577, "iv": 48.4, "instrument_name": "BTC-31MAR23-17000-C", "index_price": 16963.18, "direction": "sell", "amount": 0.1}, {"trade_seq": 733, "trade_id": "238641425", "timestamp": 1673048208576, "tick_direction": 3, "price": 0.0915, "mark_price": 0.09127063, "iv": 48.39, "instrument_name": "BTC-31MAR23-17000-C", "index_price": 16963.58, "direction": "sell", "amount": 0.1}, {"trade_seq": 732, "trade_id": "238641424", "timestamp": 1673048200863, "tick_direction": 2, "price": 0.0915, "mark_price": 0.09127389, "iv": 48.38, "instrument_name": "BTC-31MAR23-17000-C", "index_price": 16964.49, "direction": "sell", "amount": 0.2}, {"trade_seq": 731, "trade_id": "238641422", "timestamp": 1673048195580, "tick_direction": 1, "price": 0.092, "mark_price": 0.0912706, "iv": 48.64, "instrument_name": "BTC-31MAR23-17000-C", "index_price": 16964.5, "direction": "sell", "amount": 1.0}, {"trade_seq": 730, "trade_id": "238641421", "timestamp": 1673048194262, "tick_direction": 0, "price": 0.092, "mark_price": 0.09127436, "iv": 48.64, "instrument_name": "BTC-31MAR23-17000-C", "index_price": 16964.59, "direction": "sell", "amount": 1.0}, {"trade_seq": 729, "trade_id": "238641420", "timestamp": 1673048188284, "tick_direction": 1, "price": 0.0915, "mark_price": 0.09127393, "iv": 48.38, "instrument_name": "BTC-31MAR23-17000-C", "index_price": 16964.55, "direction": "sell", "amount": 1.0}, {"trade_seq": 728, "trade_id": "238641419", "timestamp": 1673048184243, "tick_direction": 1, "price": 0.0915, "mark_price": 0.09127863, "iv": 48.37, "instrument_name": "BTC-31MAR23-17000-C", "index_price": 16964.53, "direction": "sell", "amount": 1.0}, {"trade_seq": 727, "trade_id": "238639371", "timestamp": 1673039989510, "tick_direction": 1, "price": 0.089, "mark_price": 0.0889881, "iv": 47.69, "instrument_name": "BTC-31MAR23-17000-C", "index_price": 16919.06, "direction": "sell", "amount": 0.4}, {"trade_seq": 726, "trade_id": "238637693", "timestamp": 1673037140139, "tick_direction": 0, "price": 0.089, "mark_price": 0.08980857, "iv": 47.29, "instrument_name": "BTC-31MAR23-17000-C", "index_price": 16950.68, "direction": "sell", "amount": 0.1}, {"trade_seq": 725, "trade_id": "238628998", "timestamp": 1673023518132, "tick_direction": 0, "price": 0.0865, "mark_price": 0.08660981, "iv": 47.88, "instrument_name": "BTC-31MAR23-17000-C", "index_price": 16815.55, "direction": "buy", "amount": 1.0}, {"trade_seq": 724, "trade_id": "238626141", "timestamp": 1673018116802, "tick_direction": 2, "price": 0.0848, "mark_price": 0.0855933, "iv": 47.65, "instrument_name": "BTC-31MAR23-17000-C", "index_price": 16774.03, "direction": "sell", "block_trade_id": "60290", "amount": 20.0}, {"trade_seq": 723, "trade_id": "238621255", "timestamp": 1673011853246, "tick_direction": 0, "price": 0.0855, "mark_price": 0.08594686, "iv": 48.35, "instrument_name": "BTC-31MAR23-17000-C", "index_price": 16758.16, "direction": "sell", "amount": 0.8}, {"trade_seq": 722, "trade_id": "238618580", "timestamp": 1673009843719, "tick_direction": 0, "price": 0.085, "mark_price": 0.0851907, "iv": 48.28, "instrument_name": "BTC-31MAR23-17000-C", "index_price": 16728.26, "direction": "sell", "amount": 0.5}, {"trade_seq": 721, "trade_id": "238616857", "timestamp": 1673005124363, "tick_direction": 3, "price": 0.0845, "mark_price": 0.08458752, "iv": 48.15, "instrument_name": "BTC-31MAR23-17000-C", "index_price": 16723.55, "direction": "sell", "amount": 0.6}, {"trade_seq": 720, "trade_id": "238616846", "timestamp": 1673005087296, "tick_direction": 3, "price": 0.0845, "mark_price": 0.08462256, "iv": 48.13, "instrument_name": "BTC-31MAR23-17000-C", "index_price": 16726.43, "direction": "sell", "amount": 1.9}, {"trade_seq": 719, "trade_id": "238616687", "timestamp": 1673004612513, "tick_direction": 3, "price": 0.0845, "mark_price": 0.08474083, "iv": 48.01, "instrument_name": "BTC-31MAR23-17000-C", "index_price": 16737.21, "direction": "sell", "amount": 0.7}, {"trade_seq": 718, "trade_id": "238613924", "timestamp": 1672998190245, "tick_direction": 2, "price": 0.0845, "mark_price": 0.08466974, "iv": 47.54, "instrument_name": "BTC-31MAR23-17000-C", "index_price": 16770.56, "direction": "sell", "amount": 0.1}, {"trade_seq": 717, "trade_id": "238607555", "timestamp": 1672983802871, "tick_direction": 2, "price": 0.0865, "mark_price": 0.08695743, "iv": 48.07, "instrument_name": "BTC-31MAR23-17000-C", "index_price": 16800.17, "direction": "sell", "amount": 1.0}, {"trade_seq": 716, "trade_id": "238602647", "timestamp": 1672952783758, "tick_direction": 1, "price": 0.0895, "mark_price": 0.09013297, "iv": 48.89, "instrument_name": "BTC-31MAR23-17000-C", "index_price": 16854.81, "direction": "sell", "amount": 0.1}, {"trade_seq": 715, "trade_id": "238602603", "timestamp": 1672952490849, "tick_direction": 1, "price": 0.0895, "mark_price": 0.09001012, "iv": 49.01, "instrument_name": "BTC-31MAR23-17000-C", "index_price": 16853.35, "direction": "sell", "amount": 0.1}, {"trade_seq": 714, "trade_id": "238599675", "timestamp": 1672943180540, "tick_direction": 1, "price": 0.0895, "mark_price": 0.08973396, "iv": 49.13, "instrument_name": "BTC-31MAR23-17000-C", "index_price": 16834.03, "direction": "buy", "amount": 0.1}, {"trade_seq": 713, "trade_id": "238599674", "timestamp": 1672943180540, "tick_direction": 1, "price": 0.0895, "mark_price": 0.08973396, "iv": 49.13, "instrument_name": "BTC-31MAR23-17000-C", "index_price": 16834.03, "direction": "buy", "amount": 0.1}, {"trade_seq": 712, "trade_id": "238599673", "timestamp": 1672943180540, "tick_direction": 1, "price": 0.0895, "mark_price": 0.08973396, "iv": 49.13, "instrument_name": "BTC-31MAR23-17000-C", "index_price": 16834.03, "direction": "buy", "amount": 0.1}, {"trade_seq": 711, "trade_id": "238599672", "timestamp": 1672943180540, "tick_direction": 1, "price": 0.0895, "mark_price": 0.08973396, "iv": 49.13, "instrument_name": "BTC-31MAR23-17000-C", "index_price": 16834.03, "direction": "buy", "amount": 0.1}, {"trade_seq": 710, "trade_id": "238599489", "timestamp": 1672942930847, "tick_direction": 0, "price": 0.0895, "mark_price": 0.08968931, "iv": 49.2, "instrument_name": "BTC-31MAR23-17000-C", "index_price": 16830.02, "direction": "buy", "amount": 1.0}, {"trade_seq": 709, "trade_id": "238599451", "timestamp": 1672942877284, "tick_direction": 3, "price": 0.089, "mark_price": 0.08959847, "iv": 48.99, "instrument_name": "BTC-31MAR23-17000-C", "index_price": 16825.94, "direction": "sell", "amount": 0.1}, {"trade_seq": 708, "trade_id": "238599450", "timestamp": 1672942875857, "tick_direction": 3, "price": 0.089, "mark_price": 0.08959891, "iv": 49.0, "instrument_name": "BTC-31MAR23-17000-C", "index_price": 16825.85, "direction": "sell", "amount": 0.1}, {"trade_seq": 707, "trade_id": "238599449", "timestamp": 1672942874742, "tick_direction": 3, "price": 0.089, "mark_price": 0.08960067, "iv": 49.0, "instrument_name": "BTC-31MAR23-17000-C", "index_price": 16825.67, "direction": "sell", "amount": 0.1}, {"trade_seq": 706, "trade_id": "238599448", "timestamp": 1672942873658, "tick_direction": 3, "price": 0.089, "mark_price": 0.08960086, "iv": 49.0, "instrument_name": "BTC-31MAR23-17000-C", "index_price": 16825.72, "direction": "sell", "amount": 0.1}, {"trade_seq": 705, "trade_id": "238599446", "timestamp": 1672942872553, "tick_direction": 3, "price": 0.089, "mark_price": 0.08959974, "iv": 49.0, "instrument_name": "BTC-31MAR23-17000-C", "index_price": 16825.71, "direction": "sell", "amount": 0.1}, {"trade_seq": 704, "trade_id": "238599392", "timestamp": 1672942837335, "tick_direction": 3, "price": 0.089, "mark_price": 0.08932174, "iv": 49.14, "instrument_name": "BTC-31MAR23-17000-C", "index_price": 16820.12, "direction": "buy", "amount": 0.1}, {"trade_seq": 703, "trade_id": "238599391", "timestamp": 1672942837335, "tick_direction": 2, "price": 0.089, "mark_price": 0.08932174, "iv": 49.14, "instrument_name": "BTC-31MAR23-17000-C", "index_price": 16820.12, "direction": "buy", "amount": 0.1}, {"trade_seq": 702, "trade_id": "238595761", "timestamp": 1672933382321, "tick_direction": 0, "price": 0.092, "mark_price": 0.09215678, "iv": 50.08, "instrument_name": "BTC-31MAR23-17000-C", "index_price": 16858.86, "direction": "sell", "amount": 2.2}, {"trade_seq": 701, "trade_id": "238592990", "timestamp": 1672930619527, "tick_direction": 2, "price": 0.0905, "mark_price": 0.09117849, "iv": 50.14, "instrument_name": "BTC-31MAR23-17000-C", "index_price": 16796.03, "direction": "sell", "amount": 1.1}, {"trade_seq": 700, "trade_id": "238592111", "timestamp": 1672929810580, "tick_direction": 3, "price": 0.091, "mark_price": 0.09093814, "iv": 50.72, "instrument_name": "BTC-31MAR23-17000-C", "index_price": 16772.54, "direction": "sell", "amount": 0.1}, {"trade_seq": 699, "trade_id": "238592091", "timestamp": 1672929756695, "tick_direction": 3, "price": 0.091, "mark_price": 0.09097092, "iv": 50.7, "instrument_name": "BTC-31MAR23-17000-C", "index_price": 16772.9, "direction": "sell", "amount": 0.2}, {"trade_seq": 698, "trade_id": "238592090", "timestamp": 1672929755764, "tick_direction": 3, "price": 0.091, "mark_price": 0.0910047, "iv": 50.69, "instrument_name": "BTC-31MAR23-17000-C", "index_price": 16774.13, "direction": "sell", "amount": 0.2}