{"trades": [{"trade_seq": 4036, "trade_id": "238250713", "timestamp": 1671890420198, "tick_direction": 3, "price": 0.0005, "mark_price": 9.399e-05, "iv": 93.67, "instrument_name": "BTC-30DEC22-22000-C", "index_price": 16815.73, "direction": "buy", "amount": 0.6}, {"trade_seq": 4035, "trade_id": "238250712", "timestamp": 1671890420198, "tick_direction": 3, "price": 0.0005, "mark_price": 9.399e-05, "iv": 93.67, "instrument_name": "BTC-30DEC22-22000-C", "index_price": 16815.73, "direction": "buy", "amount": 0.1}, {"trade_seq": 4034, "trade_id": "238250711", "timestamp": 1671890420198, "tick_direction": 3, "price": 0.0005, "mark_price": 9.399e-05, "iv": 93.67, "instrument_name": "BTC-30DEC22-22000-C", "index_price": 16815.73, "direction": "buy", "amount": 0.5}, {"trade_seq": 4033, "trade_id": "238250710", "timestamp": 1671890420198, "tick_direction": 2, "price": 0.0005, "mark_price": 9.399e-05, "iv": 93.67, "instrument_name": "BTC-30DEC22-22000-C", "index_price": 16815.73, "direction": "buy", "amount": 8.8}, {"trade_seq": 4032, "trade_id": "238161612", "timestamp": 1671693746819, "tick_direction": 3, "price": 0.0005, "mark_price": 0.00041758, "iv": 79.42, "instrument_name": "BTC-30DEC22-22000-C", "index_price": 16817.42, "direction": "buy", "amount": 0.5}, {"trade_seq": 4031, "trade_id": "238132611", "timestamp": 1671628578985, "tick_direction": 3, "price": 0.0005, "mark_price": 0.00072667, "iv": 75.47, "instrument_name": "BTC-30DEC22-22000-C", "index_price": 16851.74, "direction": "sell", "amount": 4.0}, {"trade_seq": 4030, "trade_id": "238132610", "timestamp": 1671628578985, "tick_direction": 3, "price": 0.0005, "mark_price": 0.00072667, "iv": 75.47, "instrument_name": "BTC-30DEC22-22000-C", "index_price": 16851.74, "direction": "sell", "amount": 9.7}, {"trade_seq": 4029, "trade_id": "238132609", "timestamp": 1671628578974, "tick_direction": 3, "price": 0.0005, "mark_price": 0.00072667, "iv": 75.47, "instrument_name": "BTC-30DEC22-22000-C", "index_price": 16851.74, "direction": "sell", "amount": 5.3}, {"trade_seq": 4028, "trade_id": "238132608", "timestamp": 1671628578974, "tick_direction": 3, "price": 0.0005, "mark_price": 0.00072667, "iv": 75.47, "instrument_name": "BTC-30DEC22-22000-C", "index_price": 16851.74, "direction": "sell", "amount": 0.5}, {"trade_seq": 4027, "trade_id": "238132607", "timestamp": 1671628578974, "tick_direction": 3, "price": 0.0005, "mark_price": 0.00072667, "iv": 75.47, "instrument_name": "BTC-30DEC22-22000-C", "index_price": 16851.74, "direction": "sell", "amount": 0.2}, {"trade_seq": 4026, "trade_id": "238132606", "timestamp": 1671628578974, "tick_direction": 3, "price": 0.0005, "mark_price": 0.00072667, "iv": 75.47, "instrument_name": "BTC-30DEC22-22000-C", "index_price": 16851.74, "direction": "sell", "amount": 2.0}, {"trade_seq": 4025, "trade_id": "238132605", "timestamp": 1671628578974, "tick_direction": 3, "price": 0.0005, "mark_price": 0.00072667, "iv": 75.47, "instrument_name": "BTC-30DEC22-22000-C", "index_price": 16851.74, "direction": "sell", "amount": 10.0}, {"trade_seq": 4024, "trade_id": "238132598", "timestamp": 1671628513232, "tick_direction": 3, "price": 0.0005, "mark_price": 0.00072637, "iv": 75.48, "instrument_name": "BTC-30DEC22-22000-C", "index_price": 16850.83, "direction": "sell", "amount": 15.0}, {"trade_seq": 4023, "trade_id": "238132597", "timestamp": 1671628513232, "tick_direction": 3, "price": 0.0005, "mark_price": 0.00072637, "iv": 75.48, "instrument_name": "BTC-30DEC22-22000-C", "index_price": 16850.83, "direction": "sell", "amount": 5.0}, {"trade_seq": 4022, "trade_id": "238132596", "timestamp": 1671628513232, "tick_direction": 2, "price": 0.0005, "mark_price": 0.00072637, "iv": 75.48, "instrument_name": "BTC-30DEC22-22000-C", "index_price": 16850.83, "direction": "sell", "amount": 1.0}, {"trade_seq": 4021, "trade_id": "238131938", "timestamp": 1671626328828, "tick_direction": 0, "price": 0.001, "mark_price": 0.0007164, "iv": 83.13, "instrument_name": "BTC-30DEC22-22000-C", "index_price": 16844.71, "direction": "buy", "amount": 1.0}, {"trade_seq": 4020, "trade_id": "238131905", "timestamp": 1671626113192, "tick_direction": 2, "price": 0.0005, "mark_price": 0.00071462, "iv": 75.49, "instrument_name": "BTC-30DEC22-22000-C", "index_price": 16843.57, "direction": "sell", "amount": 20.0}, {"trade_seq": 4019, "trade_id": "238131889", "timestamp": 1671625912930, "tick_direction": 0, "price": 0.001, "mark_price": 0.00071479, "iv": 83.07, "instrument_name": "BTC-30DEC22-22000-C", "index_price": 16846.78, "direction": "buy", "amount": 0.2}, {"trade_seq": 4018, "trade_id": "238126967", "timestamp": 1671611584681, "tick_direction": 3, "price": 0.0005, "mark_price": 0.00071856, "iv": 75.27, "instrument_name": "BTC-30DEC22-22000-C", "index_price": 16807.63, "direction": "sell", "amount": 2.3}, {"trade_seq": 4017, "trade_id": "238120539", "timestamp": 1671589276157, "tick_direction": 3, "price": 0.0005, "mark_price": 0.00071108, "iv": 73.47, "instrument_name": "BTC-30DEC22-22000-C", "index_price": 16860.56, "direction": "sell", "amount": 1.0}, {"trade_seq": 4016, "trade_id": "238120520", "timestamp": 1671589240289, "tick_direction": 3, "price": 0.0005, "mark_price": 0.00071564, "iv": 73.4, "instrument_name": "BTC-30DEC22-22000-C", "index_price": 16865.96, "direction": "sell", "amount": 0.7}, {"trade_seq": 4015, "trade_id": "238120519", "timestamp": 1671589240289, "tick_direction": 3, "price": 0.0005, "mark_price": 0.00071564, "iv": 73.4, "instrument_name": "BTC-30DEC22-22000-C", "index_price": 16865.96, "direction": "sell", "amount": 1.4}, {"trade_seq": 4014, "trade_id": "238120518", "timestamp": 1671589240289, "tick_direction": 3, "price": 0.0005, "mark_price": 0.00071564, "iv": 73.4, "instrument_name": "BTC-30DEC22-22000-C", "index_price": 16865.96, "direction": "sell", "amount": 0.9}, {"trade_seq": 4013, "trade_id": "238116519", "timestamp": 1671577615030, "tick_direction": 2, "price": 0.0005, "mark_price": 0.00072768, "iv": 72.45, "instrument_name": "BTC-30DEC22-22000-C", "index_price": 16897.2, "direction": "sell", "amount": 0.1}, {"trade_seq": 4012, "trade_id": "238112388", "timestamp": 1671567501753, "tick_direction": 3, "price": 0.001, "mark_price": 0.00072506, "iv": 79.31, "instrument_name": "BTC-30DEC22-22000-C", "index_price": 16892.3, "direction": "buy", "amount": 0.2}, {"trade_seq": 4011, "trade_id": "238078703", "timestamp": 1671524191042, "tick_direction": 3, "price": 0.001, "mark_price": 0.00071614, "iv": 78.74, "instrument_name": "BTC-30DEC22-22000-C", "index_price": 16794.79, "direction": "buy", "amount": 1.0}, {"trade_seq": 4010, "trade_id": "238078675", "timestamp": 1671524109425, "tick_direction": 3, "price": 0.001, "mark_price": 0.00071534, "iv": 78.74, "instrument_name": "BTC-30DEC22-22000-C", "index_price": 16795.78, "direction": "buy", "amount": 1.0}, {"trade_seq": 4009, "trade_id": "238039153", "timestamp": 1671477667545, "tick_direction": 3, "price": 0.001, "mark_price": 0.00071407, "iv": 80.32, "instrument_name": "BTC-30DEC22-22000-C", "index_price": 16547.59, "direction": "buy", "amount": 1.0}, {"trade_seq": 4008, "trade_id": "238039152", "timestamp": 1671477665856, "tick_direction": 3, "price": 0.001, "mark_price": 0.00071275, "iv": 80.35, "instrument_name": "BTC-30DEC22-22000-C", "index_price": 16546.01, "direction": "buy", "amount": 1.0}, {"trade_seq": 4007, "trade_id": "238015541", "timestamp": 1671442369192, "tick_direction": 3, "price": 0.001, "mark_price": 0.00072453, "iv": 75.8, "instrument_name": "BTC-30DEC22-22000-C", "index_price": 16755.64, "direction": "buy", "amount": 1.0}, {"trade_seq": 4006, "trade_id": "238015540", "timestamp": 1671442369192, "tick_direction": 3, "price": 0.001, "mark_price": 0.00072453, "iv": 75.8, "instrument_name": "BTC-30DEC22-22000-C", "index_price": 16755.64, "direction": "buy", "amount": 2.0}, {"trade_seq": 4005, "trade_id": "237991513", "timestamp": 1671372187642, "tick_direction": 3, "price": 0.001, "mark_price": 0.00091151, "iv": 73.84, "instrument_name": "BTC-30DEC22-22000-C", "index_price": 16718.69, "direction": "sell", "amount": 0.1}, {"trade_seq": 4004, "trade_id": "237959779", "timestamp": 1671265791384, "tick_direction": 3, "price": 0.001, "mark_price": 0.00122385, "iv": 70.14, "instrument_name": "BTC-30DEC22-22000-C", "index_price": 16726.59, "direction": "buy", "amount": 2.7}, {"trade_seq": 4003, "trade_id": "237959778", "timestamp": 1671265791356, "tick_direction": 3, "price": 0.001, "mark_price": 0.00122385, "iv": 70.14, "instrument_name": "BTC-30DEC22-22000-C", "index_price": 16726.59, "direction": "buy", "amount": 0.1}, {"trade_seq": 4002, "trade_id": "237959777", "timestamp": 1671265791354, "tick_direction": 3, "price": 0.001, "mark_price": 0.00122385, "iv": 70.14, "instrument_name": "BTC-30DEC22-22000-C", "index_price": 16726.59, "direction": "sell", "amount": 9.9}, {"trade_seq": 4001, "trade_id": "237959268", "timestamp": 1671264737636, "tick_direction": 2, "price": 0.001, "mark_price": 0.00122701, "iv": 70.0, "instrument_name": "BTC-30DEC22-22000-C", "index_price": 16734.32, "direction": "sell", "amount": 0.1}, {"trade_seq": 4000, "trade_id": "237950606", "timestamp": 1671248693718, "tick_direction": 3, "price": 0.001, "mark_price": 0.00124075, "iv": 70.55, "instrument_name": "BTC-30DEC22-22000-C", "index_price": 16668.16, "direction": "sell", "amount": 0.1}, {"trade_seq": 3999, "trade_id": "237941702", "timestamp": 1671234859180, "tick_direction": 3, "price": 0.001, "mark_price": 0.00125354, "iv": 70.92, "instrument_name": "BTC-30DEC22-22000-C", "index_price": 16615.53, "direction": "sell", "amount": 3.0}, {"trade_seq": 3998, "trade_id": "237941701", "timestamp": 1671234859180, "tick_direction": 2, "price": 0.001, "mark_price": 0.00125354, "iv": 70.92, "instrument_name": "BTC-30DEC22-22000-C", "index_price": 16615.53, "direction": "sell", "amount": 7.0}, {"trade_seq": 3997, "trade_id": "237917785", "timestamp": 1671217527409, "tick_direction": 0, "price": 0.0015, "mark_price": 0.00122952, "iv": 71.99, "instrument_name": "BTC-30DEC22-22000-C", "index_price": 16822.18, "direction": "buy", "amount": 1.0}, {"trade_seq": 3996, "trade_id": "237879553", "timestamp": 1671193130287, "tick_direction": 3, "price": 0.001, "mark_price": 0.0012356, "iv": 64.32, "instrument_name": "BTC-30DEC22-22000-C", "index_price": 17002.38, "direction": "sell", "amount": 16.3}, {"trade_seq": 3995, "trade_id": "237879552", "timestamp": 1671193130189, "tick_direction": 3, "price": 0.001, "mark_price": 0.00123545, "iv": 64.32, "instrument_name": "BTC-30DEC22-22000-C", "index_price": 17002.38, "direction": "sell", "amount": 18.7}, {"trade_seq": 3994, "trade_id": "237879551", "timestamp": 1671193130189, "tick_direction": 3, "price": 0.001, "mark_price": 0.00123545, "iv": 64.32, "instrument_name": "BTC-30DEC22-22000-C", "index_price": 17002.38, "direction": "sell", "amount": 0.1}, {"trade_seq": 3993, "trade_id": "237879550", "timestamp": 1671193130189, "tick_direction": 3, "price": 0.001, "mark_price": 0.00123545, "iv": 64.32, "instrument_name": "BTC-30DEC22-22000-C", "index_price": 17002.38, "direction": "sell", "amount": 1.2}, {"trade_seq": 3992, "trade_id": "237875694", "timestamp": 1671187482405, "tick_direction": 3, "price": 0.001, "mark_price": 0.00123998, "iv": 64.06, "instrument_name": "BTC-30DEC22-22000-C", "index_price": 17016.36, "direction": "sell", "amount": 0.3}, {"trade_seq": 3991, "trade_id": "237875523", "timestamp": 1671187078158, "tick_direction": 3, "price": 0.001, "mark_price": 0.00123509, "iv": 64.13, "instrument_name": "BTC-30DEC22-22000-C", "index_price": 17009.54, "direction": "sell", "amount": 1.4}, {"trade_seq": 3990, "trade_id": "237868560", "timestamp": 1671182523566, "tick_direction": 2, "price": 0.001, "mark_price": 0.00125049, "iv": 63.3, "instrument_name": "BTC-30DEC22-22000-C", "index_price": 17058.03, "direction": "sell", "amount": 0.1}, {"trade_seq": 3989, "trade_id": "237868282", "timestamp": 1671182415926, "tick_direction": 0, "price": 0.0015, "mark_price": 0.00125135, "iv": 67.47, "instrument_name": "BTC-30DEC22-22000-C", "index_price": 17058.89, "direction": "buy", "amount": 0.1}, {"trade_seq": 3988, "trade_id": "237854699", "timestamp": 1671180467501, "tick_direction": 3, "price": 0.001, "mark_price": 0.00121932, "iv": 58.57, "instrument_name": "BTC-30DEC22-22000-C", "index_price": 17442.83, "direction": "sell", "amount": 0.1}, {"trade_seq": 3987, "trade_id": "237852204", "timestamp": 1671177889778, "tick_direction": 2, "price": 0.001, "mark_price": 0.00123456, "iv": 57.7, "instrument_name": "BTC-30DEC22-22000-C", "index_price": 17500.11, "direction": "sell", "amount": 0.1}, {"trade_seq": 3986, "trade_id": "237841354", "timestamp": 1671162122028, "tick_direction": 1, "price": 0.0015, "mark_price": 0.00123593, "iv": 62.37, "instrument_name": "BTC-30DEC22-22000-C", "index_price": 17417.21, "direction": "sell", "amount": 3.3}, {"trade_seq": 3985, "trade_id": "237841353", "timestamp": 1671162122024, "tick_direction": 1, "price": 0.0015, "mark_price": 0.00123593, "iv": 62.37, "instrument_name": "BTC-30DEC22-22000-C", "index_price": 17417.21, "direction": "buy", "amount": 1.9}, {"trade_seq": 3984, "trade_id": "237841352", "timestamp": 1671162122024, "tick_direction": 1, "price": 0.0015, "mark_price": 0.00123593, "iv": 62.37, "instrument_name": "BTC-30DEC22-22000-C", "index_price": 17417.21, "direction": "buy", "amount": 0.1}, {"trade_seq": 3983, "trade_id": "237840521", "timestamp": 1671159700180, "tick_direction": 1, "price": 0.0015, "mark_price": 0.00126114, "iv": 62.35, "instrument_name": "BTC-30DEC22-22000-C", "index_price": 17407.97, "direction": "sell", "amount": 5.2}, {"trade_seq": 3982, "trade_id": "237840520", "timestamp": 1671159700163, "tick_direction": 1, "price": 0.0015, "mark_price": 0.00126114, "iv": 62.35, "instrument_name": "BTC-30DEC22-22000-C", "index_price": 17407.97, "direction": "buy", "amount": 0.1}, {"trade_seq": 3981, "trade_id": "237840519", "timestamp": 1671159700163, "tick_direction": 1, "price": 0.0015, "mark_price": 0.00126114, "iv": 62.35, "instrument_name": "BTC-30DEC22-22000-C", "index_price": 17407.97, "direction": "buy", "amount": 0.4}, {"trade_seq": 3980, "trade_id": "237840518", "timestamp": 1671159698146, "tick_direction": 1, "price": 0.0015, "mark_price": 0.0012606, "iv": 62.35, "instrument_name": "BTC-30DEC22-22000-C", "index_price": 17407.97, "direction": "buy", "amount": 5.4}, {"trade_seq": 3979, "trade_id": "237840517", "timestamp": 1671159698146, "tick_direction": 1, "price": 0.0015, "mark_price": 0.0012606, "iv": 62.35, "instrument_name": "BTC-30DEC22-22000-C", "index_price": 17407.97, "direction": "buy", "amount": 0.1}, {"trade_seq": 3978, "trade_id": "237840516", "timestamp": 1671159698146, "tick_direction": 0, "price": 0.0015, "mark_price": 0.0012606, "iv": 62.35, "instrument_name": "BTC-30DEC22-22000-C", "index_price": 17407.97, "direction": "buy", "amount": 1.2}, {"trade_seq": 3977, "trade_id": "237838388", "timestamp": 1671156511691, "tick_direction": 3, "price": 0.001, "mark_price": 0.00125307, "iv": 58.28, "instrument_name": "BTC-30DEC22-22000-C", "index_price": 17412.04, "direction": "sell", "amount": 0.1}, {"trade_seq": 3976, "trade_id": "237798430", "timestamp": 1671109291115, "tick_direction": 3, "price": 0.001, "mark_price": 0.00123629, "iv": 54.17, "instrument_name": "BTC-30DEC22-22000-C", "index_price": 17682.46, "direction": "sell", "amount": 1.1}, {"trade_seq": 3975, "trade_id": "237786197", "timestamp": 1671087280199, "tick_direction": 2, "price": 0.001, "mark_price": 0.00151867, "iv": 53.07, "instrument_name": "BTC-30DEC22-22000-C", "index_price": 17727.65, "direction": "sell", "amount": 1.0}, {"trade_seq": 3974, "trade_id": "237783913", "timestamp": 1671077575482, "tick_direction": 3, "price": 0.0015, "mark_price": 0.00145193, "iv": 56.63, "instrument_name": "BTC-30DEC22-22000-C", "index_price": 17716.39, "direction": "buy", "amount": 0.9}, {"trade_seq": 3973, "trade_id": "237783912", "timestamp": 1671077575480, "tick_direction": 2, "price": 0.0015, "mark_price": 0.00145193, "iv": 56.63, "instrument_name": "BTC-30DEC22-22000-C", "index_price": 17716.39, "direction": "sell", "amount": 0.1}, {"trade_seq": 3972, "trade_id": "237765311", "timestamp": 1671050429783, "tick_direction": 2, "price": 0.002, "mark_price": 0.00220689, "iv": 58.95, "instrument_name": "BTC-30DEC22-22000-C", "index_price": 17712.61, "direction": "sell", "amount": 0.1}, {"trade_seq": 3971, "trade_id": "237753467", "timestamp": 1671046544845, "tick_direction": 3, "price": 0.0025, "mark_price": 0.00241624, "iv": 60.55, "instrument_name": "BTC-30DEC22-22000-C", "index_price": 17788.25, "direction": "buy", "amount": 3.0}, {"trade_seq": 3970, "trade_id": "237744972", "timestamp": 1671044938689, "tick_direction": 2, "price": 0.0025, "mark_price": 0.00271729, "iv": 59.12, "instrument_name": "BTC-30DEC22-22000-C", "index_price": 17899.77, "direction": "sell", "amount": 1.0}, {"trade_seq": 3969, "trade_id": "237728551", "timestamp": 1671043322898, "tick_direction": 0, "price": 0.0035, "mark_price": 0.00333696, "iv": 58.17, "instrument_name": "BTC-30DEC22-22000-C", "index_price": 18289.22, "direction": "buy", "amount": 1.0}, {"trade_seq": 3968, "trade_id": "237716245", "timestamp": 1671033765132, "tick_direction": 2, "price": 0.0025, "mark_price": 0.00267835, "iv": 56.67, "instrument_name": "BTC-30DEC22-22000-C", "index_price": 18074.6, "direction": "sell", "amount": 1.0}, {"trade_seq": 3967, "trade_id": "237715186", "timestamp": 1671033135182, "tick_direction": 1, "price": 0.003, "mark_price": 0.00259771, "iv": 58.65, "instrument_name": "BTC-30DEC22-22000-C", "index_price": 18083.78, "direction": "buy", "amount": 19.4}, {"trade_seq": 3966, "trade_id": "237715185", "timestamp": 1671033135182, "tick_direction": 1, "price": 0.003, "mark_price": 0.00259771, "iv": 58.65, "instrument_name": "BTC-30DEC22-22000-C", "index_price": 18083.78, "direction": "buy", "amount": 10.5}, {"trade_seq": 3965, "trade_id": "237715184", "timestamp": 1671033135182, "tick_direction": 0, "price": 0.003, "mark_price": 0.00259771, "iv": 58.65, "instrument_name": "BTC-30DEC22-22000-C", "index_price": 18083.78, "direction": "buy", "amount": 0.1}, {"trade_seq": 3964, "trade_id": "237711585", "timestamp": 1671030009982, "tick_direction": 1, "price": 0.002, "mark_price": 0.00179414, "iv": 54.4, "instrument_name": "BTC-30DEC22-22000-C", "index_price": 18064.93, "direction": "buy", "amount": 0.5}, {"trade_seq": 3963, "trade_id": "237711536", "timestamp": 1671029971414, "tick_direction": 1, "price": 0.002, "mark_price": 0.00178324, "iv": 54.4, "instrument_name": "BTC-30DEC22-22000-C", "index_price": 18066.55, "direction": "buy", "amount": 6.0}, {"trade_seq": 3962, "trade_id": "237711535", "timestamp": 1671029971414, "tick_direction": 1, "price": 0.002, "mark_price": 0.00178324, "iv": 54.4, "instrument_name": "BTC-30DEC22-22000-C", "index_price": 18066.55, "direction": "buy", "amount": 70.0}, {"trade_seq": 3961, "trade_id": "237711534", "timestamp": 1671029971414, "tick_direction": 0, "price": 0.002, "mark_price": 0.00178324, "iv": 54.4, "instrument_name": "BTC-30DEC22-22000-C", "index_price": 18066.55, "direction": "buy", "amount": 13.8}, {"trade_seq": 3960, "trade_id": "237706484", "timestamp": 1671027846545, "tick_direction": 3, "price": 0.0015, "mark_price": 0.00177151, "iv": 53.08, "instrument_name": "BTC-30DEC22-22000-C", "index_price": 17942.1, "direction": "sell", "amount": 1.0}, {"trade_seq": 3959, "trade_id": "237706476", "timestamp": 1671027811689, "tick_direction": 2, "price": 0.0015, "mark_price": 0.00176579, "iv": 53.13, "instrument_name": "BTC-30DEC22-22000-C", "index_price": 17938.11, "direction": "sell", "amount": 1.0}, {"trade_seq": 3958, "trade_id": "237705320", "timestamp": 1671026184876, "tick_direction": 3, "price": 0.002, "mark_price": 0.00196811, "iv": 56.52, "instrument_name": "BTC-30DEC22-22000-C", "index_price": 17889.46, "direction": "buy", "amount": 1.0}, {"trade_seq": 3957, "trade_id": "237705209", "timestamp": 1671026007432, "tick_direction": 3, "price": 0.002, "mark_price": 0.00211704, "iv": 56.32, "instrument_name": "BTC-30DEC22-22000-C", "index_price": 17901.83, "direction": "buy", "amount": 23.3}, {"trade_seq": 3956, "trade_id": "237705208", "timestamp": 1671026007078, "tick_direction": 3, "price": 0.002, "mark_price": 0.00211704, "iv": 56.32, "instrument_name": "BTC-30DEC22-22000-C", "index_price": 17901.83, "direction": "buy", "amount": 11.9}, {"trade_seq": 3955, "trade_id": "237705207", "timestamp": 1671026007078, "tick_direction": 3, "price": 0.002, "mark_price": 0.00211704, "iv": 56.32, "instrument_name": "BTC-30DEC22-22000-C", "index_price": 17901.83, "direction": "buy", "amount": 3.1}, {"trade_seq": 3954, "trade_id": "237705072", "timestamp": 1671025900161, "tick_direction": 3, "price": 0.002, "mark_price": 0.00218361, "iv": 56.61, "instrument_name": "BTC-30DEC22-22000-C", "index_price": 17882.07, "direction": "buy", "amount": 22.9}, {"trade_seq": 3953, "trade_id": "237705071", "timestamp": 1671025899662, "tick_direction": 3, "price": 0.002, "mark_price": 0.00218361, "iv": 56.61, "instrument_name": "BTC-30DEC22-22000-C", "index_price": 17882.09, "direction": "buy", "amount": 15.0}, {"trade_seq": 3952, "trade_id": "237705041", "timestamp": 1671025822198, "tick_direction": 3, "price": 0.002, "mark_price": 0.00225217, "iv": 56.66, "instrument_name": "BTC-30DEC22-22000-C", "index_price": 17877.44, "direction": "buy", "amount": 2.5}, {"trade_seq": 3951, "trade_id": "237705040", "timestamp": 1671025822196, "tick_direction": 3, "price": 0.002, "mark_price": 0.00225217, "iv": 56.66, "instrument_name": "BTC-30DEC22-22000-C", "index_price": 17877.44, "direction": "sell", "amount": 6.5}, {"trade_seq": 3950, "trade_id": "237705039", "timestamp": 1671025816033, "tick_direction": 3, "price": 0.002, "mark_price": 0.00225279, "iv": 56.66, "instrument_name": "BTC-30DEC22-22000-C", "index_price": 17877.4, "direction": "buy", "amount": 20.0}, {"trade_seq": 3949, "trade_id": "237705038", "timestamp": 1671025815999, "tick_direction": 3, "price": 0.002, "mark_price": 0.00225279, "iv": 56.66, "instrument_name": "BTC-30DEC22-22000-C", "index_price": 17877.4, "direction": "sell", "amount": 15.0}, {"trade_seq": 3948, "trade_id": "237705037", "timestamp": 1671025815999, "tick_direction": 3, "price": 0.002, "mark_price": 0.00225279, "iv": 56.66, "instrument_name": "BTC-30DEC22-22000-C", "index_price": 17877.4, "direction": "sell", "amount": 3.7}, {"trade_seq": 3947, "trade_id": "237705036", "timestamp": 1671025815999, "tick_direction": 3, "price": 0.002, "mark_price": 0.00225279, "iv": 56.66, "instrument_name": "BTC-30DEC22-22000-C", "index_price": 17877.4, "direction": "sell", "amount": 5.0}, {"trade_seq": 3946, "trade_id": "237705035", "timestamp": 1671025815999, "tick_direction": 2, "price": 0.002, "mark_price": 0.00225279, "iv": 56.66, "instrument_name": "BTC-30DEC22-22000-C", "index_price": 17877.4, "direction": "sell", "amount": 6.3}, {"trade_seq": 3945, "trade_id": "237693131", "timestamp": 1671006900287, "tick_direction": 1, "price": 0.0025, "mark_price": 0.00230007, "iv": 59.22, "instrument_name": "BTC-30DEC22-22000-C", "index_price": 17825.14, "direction": "buy", "amount": 3.0}, {"trade_seq": 3944, "trade_id": "237686011", "timestamp": 1670997287390, "tick_direction": 1, "price": 0.0025, "mark_price": 0.00229534, "iv": 59.74, "instrument_name": "BTC-30DEC22-22000-C", "index_price": 17774.19, "direction": "sell", "amount": 0.7}, {"trade_seq": 3943, "trade_id": "237686010", "timestamp": 1670997286643, "tick_direction": 1, "price": 0.0025, "mark_price": 0.00229534, "iv": 59.74, "instrument_name": "BTC-30DEC22-22000-C", "index_price": 17774.19, "direction": "buy", "amount": 2.3}, {"trade_seq": 3942, "trade_id": "237686009", "timestamp": 1670997286643, "tick_direction": 0, "price": 0.0025, "mark_price": 0.00229534, "iv": 59.74, "instrument_name": "BTC-30DEC22-22000-C", "index_price": 17774.19, "direction": "buy", "amount": 8.1}, {"trade_seq": 3941, "trade_id": "237685824", "timestamp": 1670996548814, "tick_direction": 3, "price": 0.002, "mark_price": 0.00235657, "iv": 57.36, "instrument_name": "BTC-30DEC22-22000-C", "index_price": 17769.91, "direction": "sell", "amount": 0.1}, {"trade_seq": 3940, "trade_id": "237685209", "timestamp": 1670994540322, "tick_direction": 2, "price": 0.002, "mark_price": 0.00233924, "iv": 57.23, "instrument_name": "BTC-30DEC22-22000-C", "index_price": 17779.45, "direction": "sell", "amount": 0.1}, {"trade_seq": 3939, "trade_id": "237685173", "timestamp": 1670994321176, "tick_direction": 3, "price": 0.0025, "mark_price": 0.00224797, "iv": 59.71, "instrument_name": "BTC-30DEC22-22000-C", "index_price": 17778.76, "direction": "buy", "amount": 3.8}, {"trade_seq": 3938, "trade_id": "237685172", "timestamp": 1670994321176, "tick_direction": 3, "price": 0.0025, "mark_price": 0.00224797, "iv": 59.71, "instrument_name": "BTC-30DEC22-22000-C", "index_price": 17778.76, "direction": "buy", "amount": 0.1}, {"trade_seq": 3937, "trade_id": "237670314", "timestamp": 1670954856620, "tick_direction": 3, "price": 0.0025, "mark_price": 0.00266582, "iv": 60.22, "instrument_name": "BTC-30DEC22-22000-C", "index_price": 17661.1, "direction": "buy", "amount": 3.2}, {"trade_seq": 3936, "trade_id": "237670297", "timestamp": 1670954747568, "tick_direction": 3, "price": 0.0025, "mark_price": 0.00277341, "iv": 60.19, "instrument_name": "BTC-30DEC22-22000-C", "index_price": 17662.4, "direction": "sell", "amount": 7.9}, {"trade_seq": 3935, "trade_id": "237670293", "timestamp": 1670954742730, "tick_direction": 3, "price": 0.0025, "mark_price": 0.00277314, "iv": 60.19, "instrument_name": "BTC-30DEC22-22000-C", "index_price": 17661.67, "direction": "buy", "amount": 2.1}, {"trade_seq": 3934, "trade_id": "237670292", "timestamp": 1670954742727, "tick_direction": 3, "price": 0.0025, "mark_price": 0.00277314, "iv": 60.19, "instrument_name": "BTC-30DEC22-22000-C", "index_price": 17661.67, "direction": "buy", "amount": 20.0}, {"trade_seq": 3933, "trade_id": "237670291", "timestamp": 1670954742721, "tick_direction": 3, "price": 0.0025, "mark_price": 0.00277314, "iv": 60.19, "instrument_name": "BTC-30DEC22-22000-C", "index_price": 17661.67, "direction": "sell", "amount": 20.0}, {"trade_seq": 3932, "trade_id": "237670290", "timestamp": 1670954742721, "tick_direction": 2, "price": 0.0025, "mark_price": 0.00277314, "iv": 60.19, "instrument_name": "BTC-30DEC22-22000-C", "index_price": 17661.67, "direction": "sell", "amount": 7.9}, {"trade_seq": 3931, "trade_id": "237652900", "timestamp": 1670939382818, "tick_direction": 2, "price": 0.003, "mark_price": 0.00283535, "iv": 59.16, "instrument_name": "BTC-30DEC22-22000-C", "index_price": 17904.8, "direction": "buy", "amount": 1.6}, {"trade_seq": 3930, "trade_id": "237650390", "timestamp": 1670938691906, "tick_direction": 1, "price": 0.0035, "mark_price": 0.00342029, "iv": 61.2, "instrument_name": "BTC-30DEC22-22000-C", "index_price": 17899.25, "direction": "buy", "amount": 5.0}, {"trade_seq": 3929, "trade_id": "237639021", "timestamp": 1670938205672, "tick_direction": 0, "price": 0.0035, "mark_price": 0.00390203, "iv": 61.72, "instrument_name": "BTC-30DEC22-22000-C", "index_price": 17830.78, "direction": "buy", "amount": 0.1}, {"trade_seq": 3928, "trade_id": "237634084", "timestamp": 1670937611257, "tick_direction": 1, "price": 0.003, "mark_price": 0.0034252, "iv": 62.53, "instrument_name": "BTC-30DEC22-22000-C", "index_price": 17616.24, "direction": "buy", "amount": 0.2}, {"trade_seq": 3927, "trade_id": "237633592", "timestamp": 1670937602994, "tick_direction": 1, "price": 0.003, "mark_price": 0.00326177, "iv": 63.07, "instrument_name": "BTC-30DEC22-22000-C", "index_price": 17571.99, "direction": "buy", "amount": 0.1}, {"trade_seq": 3926, "trade_id": "237633551", "timestamp": 1670937602896, "tick_direction": 1, "price": 0.003, "mark_price": 0.00326177, "iv": 63.07, "instrument_name": "BTC-30DEC22-22000-C", "index_price": 17571.99, "direction": "buy", "amount": 0.1}, {"trade_seq": 3925, "trade_id": "237630775", "timestamp": 1670935478408, "tick_direction": 1, "price": 0.003, "mark_price": 0.00301812, "iv": 64.52, "instrument_name": "BTC-30DEC22-22000-C", "index_price": 17462.82, "direction": "buy", "amount": 0.6}, {"trade_seq": 3924, "trade_id": "237626841", "timestamp": 1670930367230, "tick_direction": 1, "price": 0.003, "mark_price": 0.00319367, "iv": 64.79, "instrument_name": "BTC-30DEC22-22000-C", "index_price": 17438.53, "direction": "sell", "amount": 3.0}, {"trade_seq": 3923, "trade_id": "237626818", "timestamp": 1670930334902, "tick_direction": 1, "price": 0.003, "mark_price": 0.00317365, "iv": 64.86, "instrument_name": "BTC-30DEC22-22000-C", "index_price": 17431.54, "direction": "sell", "amount": 5.0}, {"trade_seq": 3922, "trade_id": "237626635", "timestamp": 1670930160627, "tick_direction": 1, "price": 0.003, "mark_price": 0.00310719, "iv": 65.0, "instrument_name": "BTC-30DEC22-22000-C", "index_price": 17418.32, "direction": "sell", "amount": 3.9}, {"trade_seq": 3921, "trade_id": "237626548", "timestamp": 1670930091192, "tick_direction": 1, "price": 0.003, "mark_price": 0.00309164, "iv": 64.99, "instrument_name": "BTC-30DEC22-22000-C", "index_price": 17418.38, "direction": "sell", "amount": 5.0}, {"trade_seq": 3920, "trade_id": "237621393", "timestamp": 1670926096040, "tick_direction": 1, "price": 0.003, "mark_price": 0.00286627, "iv": 64.66, "instrument_name": "BTC-30DEC22-22000-C", "index_price": 17437.4, "direction": "buy", "amount": 1.7}, {"trade_seq": 3919, "trade_id": "237621392", "timestamp": 1670926096040, "tick_direction": 1, "price": 0.003, "mark_price": 0.00286627, "iv": 64.66, "instrument_name": "BTC-30DEC22-22000-C", "index_price": 17437.4, "direction": "buy", "amount": 4.9}, {"trade_seq": 3918, "trade_id": "237621391", "timestamp": 1670926096040, "tick_direction": 1, "price": 0.003, "mark_price": 0.00286627, "iv": 64.66, "instrument_name": "BTC-30DEC22-22000-C", "index_price": 17437.4, "direction": "buy", "amount": 0.7}, {"trade_seq": 3917, "trade_id": "237616462", "timestamp": 1670925565920, "tick_direction": 1, "price": 0.003, "mark_price": 0.00321977, "iv": 64.58, "instrument_name": "BTC-30DEC22-22000-C", "index_price": 17435.77, "direction": "buy", "amount": 0.1}, {"trade_seq": 3916, "trade_id": "237616459", "timestamp": 1670925565907, "tick_direction": 1, "price": 0.003, "mark_price": 0.00321977, "iv": 64.58, "instrument_name": "BTC-30DEC22-22000-C", "index_price": 17435.77, "direction": "buy", "amount": 0.1}, {"trade_seq": 3915, "trade_id": "237616132", "timestamp": 1670925562764, "tick_direction": 0, "price": 0.003, "mark_price": 0.00309127, "iv": 65.06, "instrument_name": "BTC-30DEC22-22000-C", "index_price": 17399.83, "direction": "buy", "amount": 0.1}, {"trade_seq": 3914, "trade_id": "237600606", "timestamp": 1670896291477, "tick_direction": 1, "price": 0.0025, "mark_price": 0.00274, "iv": 65.33, "instrument_name": "BTC-30DEC22-22000-C", "index_price": 17153.21, "direction": "buy", "amount": 4.5}, {"trade_seq": 3913, "trade_id": "237600605", "timestamp": 1670896291475, "tick_direction": 1, "price": 0.0025, "mark_price": 0.00274, "iv": 65.33, "instrument_name": "BTC-30DEC22-22000-C", "index_price": 17153.21, "direction": "sell", "amount": 5.0}, {"trade_seq": 3912, "trade_id": "237594699", "timestamp": 1670883150575, "tick_direction": 0, "price": 0.0025, "mark_price": 0.00255504, "iv": 64.47, "instrument_name": "BTC-30DEC22-22000-C", "index_price": 17186.24, "direction": "sell", "amount": 0.5}, {"trade_seq": 3911, "trade_id": "237586023", "timestamp": 1670873556427, "tick_direction": 2, "price": 0.002, "mark_price": 0.00224297, "iv": 63.56, "instrument_name": "BTC-30DEC22-22000-C", "index_price": 17028.2, "direction": "sell", "amount": 1.0}, {"trade_seq": 3910, "trade_id": "237580791", "timestamp": 1670855205457, "tick_direction": 3, "price": 0.0025, "mark_price": 0.00276186, "iv": 65.82, "instrument_name": "BTC-30DEC22-22000-C", "index_price": 17022.33, "direction": "sell", "amount": 2.3}, {"trade_seq": 3909, "trade_id": "237577171", "timestamp": 1670847895177, "tick_direction": 2, "price": 0.0025, "mark_price": 0.00267116, "iv": 66.54, "instrument_name": "BTC-30DEC22-22000-C", "index_price": 16950.99, "direction": "sell", "amount": 0.7}, {"trade_seq": 3908, "trade_id": "237575691", "timestamp": 1670843377977, "tick_direction": 0, "price": 0.003, "mark_price": 0.00273793, "iv": 68.31, "instrument_name": "BTC-30DEC22-22000-C", "index_price": 16984.6, "direction": "buy", "amount": 2.0}, {"trade_seq": 3907, "trade_id": "237563569", "timestamp": 1670806227744, "tick_direction": 1, "price": 0.003, "mark_price": 0.00274624, "iv": 67.7, "instrument_name": "BTC-30DEC22-22000-C", "index_price": 16975.9, "direction": "buy", "amount": 0.1}, {"trade_seq": 3906, "trade_id": "237563085", "timestamp": 1670805173579, "tick_direction": 1, "price": 0.003, "mark_price": 0.00289847, "iv": 67.53, "instrument_name": "BTC-30DEC22-22000-C", "index_price": 16991.72, "direction": "buy", "amount": 0.2}, {"trade_seq": 3905, "trade_id": "237556566", "timestamp": 1670794498122, "tick_direction": 1, "price": 0.003, "mark_price": 0.0031446, "iv": 65.54, "instrument_name": "BTC-30DEC22-22000-C", "index_price": 17145.08, "direction": "sell", "amount": 0.4}, {"trade_seq": 3904, "trade_id": "237548987", "timestamp": 1670768009244, "tick_direction": 1, "price": 0.003, "mark_price": 0.00297417, "iv": 64.92, "instrument_name": "BTC-30DEC22-22000-C", "index_price": 17152.18, "direction": "sell", "amount": 1.1}, {"trade_seq": 3903, "trade_id": "237548950", "timestamp": 1670767970573, "tick_direction": 1, "price": 0.003, "mark_price": 0.00295859, "iv": 64.93, "instrument_name": "BTC-30DEC22-22000-C", "index_price": 17149.54, "direction": "buy", "amount": 0.1}, {"trade_seq": 3902, "trade_id": "237536325", "timestamp": 1670699782338, "tick_direction": 1, "price": 0.003, "mark_price": 0.00324049, "iv": 63.2, "instrument_name": "BTC-30DEC22-22000-C", "index_price": 17189.17, "direction": "sell", "amount": 0.1}, {"trade_seq": 3901, "trade_id": "237535496", "timestamp": 1670692997635, "tick_direction": 0, "price": 0.003, "mark_price": 0.00322766, "iv": 63.01, "instrument_name": "BTC-30DEC22-22000-C", "index_price": 17186.23, "direction": "sell", "amount": 1.2}, {"trade_seq": 3900, "trade_id": "237529953", "timestamp": 1670663539105, "tick_direction": 2, "price": 0.0025, "mark_price": 0.00296928, "iv": 60.8, "instrument_name": "BTC-30DEC22-22000-C", "index_price": 17141.75, "direction": "sell", "amount": 0.1}, {"trade_seq": 3899, "trade_id": "237528587", "timestamp": 1670658728160, "tick_direction": 3, "price": 0.003, "mark_price": 0.00318022, "iv": 62.61, "instrument_name": "BTC-30DEC22-22000-C", "index_price": 17160.56, "direction": "buy", "amount": 0.1}, {"trade_seq": 3898, "trade_id": "237527845", "timestamp": 1670656374140, "tick_direction": 3, "price": 0.003, "mark_price": 0.00322964, "iv": 62.76, "instrument_name": "BTC-30DEC22-22000-C", "index_price": 17149.55, "direction": "sell", "amount": 0.4}, {"trade_seq": 3897, "trade_id": "237527844", "timestamp": 1670656374140, "tick_direction": 3, "price": 0.003, "mark_price": 0.00322964, "iv": 62.76, "instrument_name": "BTC-30DEC22-22000-C", "index_price": 17149.55, "direction": "sell", "amount": 0.6}, {"trade_seq": 3896, "trade_id": "237527843", "timestamp": 1670656365531, "tick_direction": 3, "price": 0.003, "mark_price": 0.00323074, "iv": 62.76, "instrument_name": "BTC-30DEC22-22000-C", "index_price": 17150.13, "direction": "sell", "amount": 1.0}, {"trade_seq": 3895, "trade_id": "237525309", "timestamp": 1670636729443, "tick_direction": 3, "price": 0.003, "mark_price": 0.00348248, "iv": 62.3, "instrument_name": "BTC-30DEC22-22000-C", "index_price": 17157.52, "direction": "sell", "amount": 0.3}, {"trade_seq": 3894, "trade_id": "237524413", "timestamp": 1670632274566, "tick_direction": 2, "price": 0.003, "mark_price": 0.00344938, "iv": 62.23, "instrument_name": "BTC-30DEC22-22000-C", "index_price": 17151.95, "direction": "sell", "amount": 2.0}, {"trade_seq": 3893, "trade_id": "237521358", "timestamp": 1670619560955, "tick_direction": 0, "price": 0.0035, "mark_price": 0.00317645, "iv": 64.45, "instrument_name": "BTC-30DEC22-22000-C", "index_price": 17106.33, "direction": "buy", "amount": 0.4}, {"trade_seq": 3892, "trade_id": "237520467", "timestamp": 1670618366982, "tick_direction": 1, "price": 0.003, "mark_price": 0.00279929, "iv": 62.36, "instrument_name": "BTC-30DEC22-22000-C", "index_price": 17115.03, "direction": "buy", "amount": 0.1}, {"trade_seq": 3891, "trade_id": "237520466", "timestamp": 1670618366982, "tick_direction": 0, "price": 0.003, "mark_price": 0.00279929, "iv": 62.36, "instrument_name": "BTC-30DEC22-22000-C", "index_price": 17115.03, "direction": "buy", "amount": 1.0}, {"trade_seq": 3890, "trade_id": "237519397", "timestamp": 1670615144360, "tick_direction": 1, "price": 0.0025, "mark_price": 0.00282967, "iv": 59.88, "instrument_name": "BTC-30DEC22-22000-C", "index_price": 17140.11, "direction": "sell", "amount": 0.2}, {"trade_seq": 3889, "trade_id": "237513338", "timestamp": 1670597126125, "tick_direction": 1, "price": 0.0025, "mark_price": 0.00280553, "iv": 59.41, "instrument_name": "BTC-30DEC22-22000-C", "index_price": 17166.75, "direction": "sell", "amount": 2.8}, {"trade_seq": 3888, "trade_id": "237502646", "timestamp": 1670582563447, "tick_direction": 1, "price": 0.0025, "mark_price": 0.0025336, "iv": 58.72, "instrument_name": "BTC-30DEC22-22000-C", "index_price": 17210.22, "direction": "sell", "amount": 0.6}, {"trade_seq": 3887, "trade_id": "237501432", "timestamp": 1670580514984, "tick_direction": 0, "price": 0.0025, "mark_price": 0.00252063, "iv": 58.23, "instrument_name": "BTC-30DEC22-22000-C", "index_price": 17250.52, "direction": "sell", "amount": 4.6}, {"trade_seq": 3886, "trade_id": "237501082", "timestamp": 1670580339623, "tick_direction": 3, "price": 0.002, "mark_price": 0.0024797, "iv": 55.98, "instrument_name": "BTC-30DEC22-22000-C", "index_price": 17243.5, "direction": "sell", "amount": 1.0}, {"trade_seq": 3885, "trade_id": "237501081", "timestamp": 1670580338232, "tick_direction": 3, "price": 0.002, "mark_price": 0.00248274, "iv": 55.98, "instrument_name": "BTC-30DEC22-22000-C", "index_price": 17243.65, "direction": "sell", "amount": 1.0}, {"trade_seq": 3884, "trade_id": "237500941", "timestamp": 1670580292302, "tick_direction": 3, "price": 0.002, "mark_price": 0.00248336, "iv": 55.97, "instrument_name": "BTC-30DEC22-22000-C", "index_price": 17242.9, "direction": "sell", "amount": 1.0}, {"trade_seq": 3883, "trade_id": "237500912", "timestamp": 1670580281192, "tick_direction": 3, "price": 0.002, "mark_price": 0.00247977, "iv": 55.99, "instrument_name": "BTC-30DEC22-22000-C", "index_price": 17240.38, "direction": "sell", "amount": 0.4}, {"trade_seq": 3882, "trade_id": "237500911", "timestamp": 1670580281192, "tick_direction": 3, "price": 0.002, "mark_price": 0.00247977, "iv": 55.99, "instrument_name": "BTC-30DEC22-22000-C", "index_price": 17240.38, "direction": "sell", "amount": 0.6}, {"trade_seq": 3881, "trade_id": "237498518", "timestamp": 1670575443799, "tick_direction": 2, "price": 0.002, "mark_price": 0.00223844, "iv": 56.3, "instrument_name": "BTC-30DEC22-22000-C", "index_price": 17203.49, "direction": "sell", "amount": 0.2}, {"trade_seq": 3880, "trade_id": "237498225", "timestamp": 1670574807494, "tick_direction": 1, "price": 0.0025, "mark_price": 0.00222555, "iv": 58.63, "instrument_name": "BTC-30DEC22-22000-C", "index_price": 17205.69, "direction": "buy", "amount": 5.7}, {"trade_seq": 3879, "trade_id": "237498220", "timestamp": 1670574807253, "tick_direction": 1, "price": 0.0025, "mark_price": 0.00222555, "iv": 58.63, "instrument_name": "BTC-30DEC22-22000-C", "index_price": 17205.69, "direction": "buy", "amount": 1.8}, {"trade_seq": 3878, "trade_id": "237498219", "timestamp": 1670574807253, "tick_direction": 1, "price": 0.0025, "mark_price": 0.00222555, "iv": 58.63, "instrument_name": "BTC-30DEC22-22000-C", "index_price": 17205.69, "direction": "buy", "amount": 2.2}, {"trade_seq": 3877, "trade_id": "237496516", "timestamp": 1670572637645, "tick_direction": 1, "price": 0.0025, "mark_price": 0.00268168, "iv": 58.44, "instrument_name": "BTC-30DEC22-22000-C", "index_price": 17214.92, "direction": "sell", "amount": 5.6}, {"trade_seq": 3876, "trade_id": "237496513", "timestamp": 1670572636598, "tick_direction": 1, "price": 0.0025, "mark_price": 0.00268143, "iv": 58.45, "instrument_name": "BTC-30DEC22-22000-C", "index_price": 17214.91, "direction": "sell", "amount": 7.0}, {"trade_seq": 3875, "trade_id": "237496510", "timestamp": 1670572635958, "tick_direction": 1, "price": 0.0025, "mark_price": 0.00268225, "iv": 58.45, "instrument_name": "BTC-30DEC22-22000-C", "index_price": 17214.86, "direction": "buy", "amount": 7.5}, {"trade_seq": 3874, "trade_id": "237496507", "timestamp": 1670572635559, "tick_direction": 1, "price": 0.0025, "mark_price": 0.00268225, "iv": 58.44, "instrument_name": "BTC-30DEC22-22000-C", "index_price": 17214.86, "direction": "sell", "amount": 2.9}, {"trade_seq": 3873, "trade_id": "237495295", "timestamp": 1670571434403, "tick_direction": 1, "price": 0.0025, "mark_price": 0.00231488, "iv": 58.35, "instrument_name": "BTC-30DEC22-22000-C", "index_price": 17225.73, "direction": "buy", "amount": 0.2}, {"trade_seq": 3872, "trade_id": "237495290", "timestamp": 1670571428303, "tick_direction": 1, "price": 0.0025, "mark_price": 0.00231553, "iv": 58.35, "instrument_name": "BTC-30DEC22-22000-C", "index_price": 17225.62, "direction": "buy", "amount": 0.5}, {"trade_seq": 3871, "trade_id": "237495287", "timestamp": 1670571426255, "tick_direction": 1, "price": 0.0025, "mark_price": 0.00231583, "iv": 58.35, "instrument_name": "BTC-30DEC22-22000-C", "index_price": 17225.66, "direction": "buy", "amount": 0.9}, {"trade_seq": 3870, "trade_id": "237495210", "timestamp": 1670571344758, "tick_direction": 1, "price": 0.0025, "mark_price": 0.00232925, "iv": 58.35, "instrument_name": "BTC-30DEC22-22000-C", "index_price": 17225.58, "direction": "buy", "amount": 0.6}, {"trade_seq": 3869, "trade_id": "237495207", "timestamp": 1670571342737, "tick_direction": 1, "price": 0.0025, "mark_price": 0.00232941, "iv": 58.35, "instrument_name": "BTC-30DEC22-22000-C", "index_price": 17225.66, "direction": "buy", "amount": 1.0}, {"trade_seq": 3868, "trade_id": "237495063", "timestamp": 1670571200217, "tick_direction": 1, "price": 0.0025, "mark_price": 0.00236075, "iv": 58.34, "instrument_name": "BTC-30DEC22-22000-C", "index_price": 17224.83, "direction": "buy", "amount": 0.1}, {"trade_seq": 3867, "trade_id": "237495059", "timestamp": 1670571198174, "tick_direction": 1, "price": 0.0025, "mark_price": 0.00236111, "iv": 58.34, "instrument_name": "BTC-30DEC22-22000-C", "index_price": 17224.82, "direction": "buy", "amount": 0.1}, {"trade_seq": 3866, "trade_id": "237494896", "timestamp": 1670570855395, "tick_direction": 1, "price": 0.0025, "mark_price": 0.0024761, "iv": 58.23, "instrument_name": "BTC-30DEC22-22000-C", "index_price": 17230.68, "direction": "buy", "amount": 0.1}, {"trade_seq": 3865, "trade_id": "237494895", "timestamp": 1670570855385, "tick_direction": 1, "price": 0.0025, "mark_price": 0.0024761, "iv": 58.23, "instrument_name": "BTC-30DEC22-22000-C", "index_price": 17230.68, "direction": "buy", "amount": 0.3}, {"trade_seq": 3864, "trade_id": "237494893", "timestamp": 1670570850089, "tick_direction": 1, "price": 0.0025, "mark_price": 0.00248219, "iv": 58.22, "instrument_name": "BTC-30DEC22-22000-C", "index_price": 17231.9, "direction": "buy", "amount": 0.2}, {"trade_seq": 3863, "trade_id": "237494883", "timestamp": 1670570842933, "tick_direction": 1, "price": 0.0025, "mark_price": 0.00247463, "iv": 58.25, "instrument_name": "BTC-30DEC22-22000-C", "index_price": 17229.49, "direction": "buy", "amount": 0.1}, {"trade_seq": 3862, "trade_id": "237494870", "timestamp": 1670570842852, "tick_direction": 1, "price": 0.0025, "mark_price": 0.00247463, "iv": 58.25, "instrument_name": "BTC-30DEC22-22000-C", "index_price": 17229.49, "direction": "buy", "amount": 0.2}, {"trade_seq": 3861, "trade_id": "237494865", "timestamp": 1670570842801, "tick_direction": 1, "price": 0.0025, "mark_price": 0.00247463, "iv": 58.25, "instrument_name": "BTC-30DEC22-22000-C", "index_price": 17229.49, "direction": "buy", "amount": 0.2}, {"trade_seq": 3860, "trade_id": "237494855", "timestamp": 1670570841863, "tick_direction": 1, "price": 0.0025, "mark_price": 0.00247404, "iv": 58.27, "instrument_name": "BTC-30DEC22-22000-C", "index_price": 17227.28, "direction": "buy", "amount": 0.1}, {"trade_seq": 3859, "trade_id": "237494854", "timestamp": 1670570841858, "tick_direction": 1, "price": 0.0025, "mark_price": 0.00247404, "iv": 58.27, "instrument_name": "BTC-30DEC22-22000-C", "index_price": 17227.28, "direction": "buy", "amount": 0.1}, {"trade_seq": 3858, "trade_id": "237494850", "timestamp": 1670570841847, "tick_direction": 1, "price": 0.0025, "mark_price": 0.00247404, "iv": 58.27, "instrument_name": "BTC-30DEC22-22000-C", "index_price": 17227.28, "direction": "buy", "amount": 0.3}, {"trade_seq": 3857, "trade_id": "237494835", "timestamp": 1670570792942, "tick_direction": 1, "price": 0.0025, "mark_price": 0.00249196, "iv": 58.29, "instrument_name": "BTC-30DEC22-22000-C", "index_price": 17226.42, "direction": "buy", "amount": 0.8}, {"trade_seq": 3856, "trade_id": "237494834", "timestamp": 1670570791619, "tick_direction": 1, "price": 0.0025, "mark_price": 0.00249021, "iv": 58.31, "instrument_name": "BTC-30DEC22-22000-C", "index_price": 17225.55, "direction": "buy", "amount": 0.2}, {"trade_seq": 3855, "trade_id": "237494833", "timestamp": 1670570791615, "tick_direction": 1, "price": 0.0025, "mark_price": 0.00249021, "iv": 58.31, "instrument_name": "BTC-30DEC22-22000-C", "index_price": 17225.55, "direction": "buy", "amount": 1.5}, {"trade_seq": 3854, "trade_id": "237494378", "timestamp": 1670569532878, "tick_direction": 1, "price": 0.0025, "mark_price": 0.00236543, "iv": 58.35, "instrument_name": "BTC-30DEC22-22000-C", "index_price": 17220.46, "direction": "buy", "amount": 0.5}, {"trade_seq": 3853, "trade_id": "237494313", "timestamp": 1670569251685, "tick_direction": 1, "price": 0.0025, "mark_price": 0.0023234, "iv": 58.36, "instrument_name": "BTC-30DEC22-22000-C", "index_price": 17216.92, "direction": "buy", "amount": 0.1}, {"trade_seq": 3852, "trade_id": "237494265", "timestamp": 1670569147848, "tick_direction": 1, "price": 0.0025, "mark_price": 0.00230352, "iv": 58.37, "instrument_name": "BTC-30DEC22-22000-C", "index_price": 17216.82, "direction": "buy", "amount": 0.1}, {"trade_seq": 3851, "trade_id": "237494262", "timestamp": 1670569144939, "tick_direction": 1, "price": 0.0025, "mark_price": 0.00229921, "iv": 58.39, "instrument_name": "BTC-30DEC22-22000-C", "index_price": 17215.46, "direction": "buy", "amount": 0.2}, {"trade_seq": 3850, "trade_id": "237494257", "timestamp": 1670569144742, "tick_direction": 1, "price": 0.0025, "mark_price": 0.00229921, "iv": 58.39, "instrument_name": "BTC-30DEC22-22000-C", "index_price": 17215.46, "direction": "buy", "amount": 0.1}, {"trade_seq": 3849, "trade_id": "237494256", "timestamp": 1670569144742, "tick_direction": 1, "price": 0.0025, "mark_price": 0.00229921, "iv": 58.39, "instrument_name": "BTC-30DEC22-22000-C", "index_price": 17215.46, "direction": "buy", "amount": 0.1}, {"trade_seq": 3848, "trade_id": "237494250", "timestamp": 1670569113201, "tick_direction": 1, "price": 0.0025, "mark_price": 0.00229503, "iv": 58.39, "instrument_name": "BTC-30DEC22-22000-C", "index_price": 17215.51, "direction": "buy", "amount": 0.1}, {"trade_seq": 3847, "trade_id": "237494249", "timestamp": 1670569105043, "tick_direction": 1, "price": 0.0025, "mark_price": 0.00229689, "iv": 58.38, "instrument_name": "BTC-30DEC22-22000-C", "index_price": 17216.31, "direction": "buy", "amount": 0.1}, {"trade_seq": 3846, "trade_id": "237492133", "timestamp": 1670562746827, "tick_direction": 1, "price": 0.0025, "mark_price": 0.00219254, "iv": 58.25, "instrument_name": "BTC-30DEC22-22000-C", "index_price": 17218.89, "direction": "buy", "amount": 0.7}, {"trade_seq": 3845, "trade_id": "237492132", "timestamp": 1670562746827, "tick_direction": 1, "price": 0.0025, "mark_price": 0.00219254, "iv": 58.25, "instrument_name": "BTC-30DEC22-22000-C", "index_price": 17218.89, "direction": "buy", "amount": 5.0}, {"trade_seq": 3844, "trade_id": "237492131", "timestamp": 1670562746827, "tick_direction": 0, "price": 0.0025, "mark_price": 0.00219254, "iv": 58.25, "instrument_name": "BTC-30DEC22-22000-C", "index_price": 17218.89, "direction": "buy", "amount": 1.5}, {"trade_seq": 3843, "trade_id": "237489855", "timestamp": 1670555283460, "tick_direction": 3, "price": 0.002, "mark_price": 0.0022092, "iv": 55.75, "instrument_name": "BTC-30DEC22-22000-C", "index_price": 17226.21, "direction": "sell", "amount": 0.1}, {"trade_seq": 3842, "trade_id": "237476398", "timestamp": 1670530704545, "tick_direction": 2, "price": 0.002, "mark_price": 0.00220236, "iv": 54.97, "instrument_name": "BTC-30DEC22-22000-C", "index_price": 17244.99, "direction": "sell", "amount": 0.1}, {"trade_seq": 3841, "trade_id": "237474815", "timestamp": 1670528010842, "tick_direction": 1, "price": 0.0025, "mark_price": 0.00214884, "iv": 57.23, "instrument_name": "BTC-30DEC22-22000-C", "index_price": 17239.67, "direction": "buy", "amount": 0.1}, {"trade_seq": 3840, "trade_id": "237462533", "timestamp": 1670518137268, "tick_direction": 0, "price": 0.0025, "mark_price": 0.00210346, "iv": 60.69, "instrument_name": "BTC-30DEC22-22000-C", "index_price": 16929.05, "direction": "buy", "amount": 0.4}, {"trade_seq": 3839, "trade_id": "237444260", "timestamp": 1670498999367, "tick_direction": 2, "price": 0.002, "mark_price": 0.00224672, "iv": 59.14, "instrument_name": "BTC-30DEC22-22000-C", "index_price": 16825.87, "direction": "sell", "amount": 5.4}, {"trade_seq": 3838, "trade_id": "237441994", "timestamp": 1670491355651, "tick_direction": 0, "price": 0.0025, "mark_price": 0.00246228, "iv": 61.45, "instrument_name": "BTC-30DEC22-22000-C", "index_price": 16822.98, "direction": "sell", "amount": 0.3}, {"trade_seq": 3837, "trade_id": "237437177", "timestamp": 1670478531866, "tick_direction": 3, "price": 0.002, "mark_price": 0.00247936, "iv": 58.96, "instrument_name": "BTC-30DEC22-22000-C", "index_price": 16815.07, "direction": "sell", "amount": 0.6}, {"trade_seq": 3836, "trade_id": "237437176", "timestamp": 1670478531866, "tick_direction": 2, "price": 0.002, "mark_price": 0.00247936, "iv": 58.96, "instrument_name": "BTC-30DEC22-22000-C", "index_price": 16815.07, "direction": "sell", "amount": 9.4}, {"trade_seq": 3835, "trade_id": "237435711", "timestamp": 1670472363880, "tick_direction": 1, "price": 0.0025, "mark_price": 0.00265632, "iv": 60.98, "instrument_name": "BTC-30DEC22-22000-C", "index_price": 16839.57, "direction": "sell", "amount": 0.5}, {"trade_seq": 3834, "trade_id": "237435708", "timestamp": 1670472362227, "tick_direction": 1, "price": 0.0025, "mark_price": 0.0026561, "iv": 60.98, "instrument_name": "BTC-30DEC22-22000-C", "index_price": 16839.64, "direction": "sell", "amount": 0.5}, {"trade_seq": 3833, "trade_id": "237435576", "timestamp": 1670471406088, "tick_direction": 1, "price": 0.0025, "mark_price": 0.00272681, "iv": 61.03, "instrument_name": "BTC-30DEC22-22000-C", "index_price": 16832.96, "direction": "sell", "amount": 0.5}, {"trade_seq": 3832, "trade_id": "237435571", "timestamp": 1670471393589, "tick_direction": 1, "price": 0.0025, "mark_price": 0.00272987, "iv": 61.02, "instrument_name": "BTC-30DEC22-22000-C", "index_price": 16834.05, "direction": "sell", "amount": 0.5}, {"trade_seq": 3831, "trade_id": "237435563", "timestamp": 1670471366709, "tick_direction": 1, "price": 0.0025, "mark_price": 0.00272895, "iv": 61.02, "instrument_name": "BTC-30DEC22-22000-C", "index_price": 16833.42, "direction": "sell", "amount": 0.5}, {"trade_seq": 3830, "trade_id": "237429852", "timestamp": 1670457717590, "tick_direction": 1, "price": 0.0025, "mark_price": 0.00272003, "iv": 60.73, "instrument_name": "BTC-30DEC22-22000-C", "index_price": 16835.32, "direction": "sell", "amount": 0.1}, {"trade_seq": 3829, "trade_id": "237418956", "timestamp": 1670436417180, "tick_direction": 1, "price": 0.0025, "mark_price": 0.00225633, "iv": 60.62, "instrument_name": "BTC-30DEC22-22000-C", "index_price": 16813.31, "direction": "buy", "amount": 1.9}, {"trade_seq": 3828, "trade_id": "237418955", "timestamp": 1670436417180, "tick_direction": 1, "price": 0.0025, "mark_price": 0.00225633, "iv": 60.62, "instrument_name": "BTC-30DEC22-22000-C", "index_price": 16813.31, "direction": "buy", "amount": 6.6}, {"trade_seq": 3827, "trade_id": "237418954", "timestamp": 1670436414272, "tick_direction": 1, "price": 0.0025, "mark_price": 0.00225642, "iv": 60.62, "instrument_name": "BTC-30DEC22-22000-C", "index_price": 16813.3, "direction": "buy", "amount": 6.6}, {"trade_seq": 3826, "trade_id": "237418953", "timestamp": 1670436414272, "tick_direction": 0, "price": 0.0025, "mark_price": 0.00225642, "iv": 60.62, "instrument_name": "BTC-30DEC22-22000-C", "index_price": 16813.3, "direction": "buy", "amount": 1.8}, {"trade_seq": 3825, "trade_id": "237418884", "timestamp": 1670436132293, "tick_direction": 3, "price": 0.002, "mark_price": 0.0022624, "iv": 58.28, "instrument_name": "BTC-30DEC22-22000-C", "index_price": 16810.03, "direction": "sell", "amount": 14.5}, {"trade_seq": 3824, "trade_id": "237418883", "timestamp": 1670436132293, "tick_direction": 3, "price": 0.002, "mark_price": 0.0022624, "iv": 58.28, "instrument_name": "BTC-30DEC22-22000-C", "index_price": 16810.03, "direction": "sell", "amount": 5.0}, {"trade_seq": 3823, "trade_id": "237418882", "timestamp": 1670436132293, "tick_direction": 3, "price": 0.002, "mark_price": 0.0022624, "iv": 58.28, "instrument_name": "BTC-30DEC22-22000-C", "index_price": 16810.03, "direction": "sell", "amount": 9.5}, {"trade_seq": 3822, "trade_id": "237418881", "timestamp": 1670436132293, "tick_direction": 2, "price": 0.002, "mark_price": 0.0022624, "iv": 58.28, "instrument_name": "BTC-30DEC22-22000-C", "index_price": 16810.03, "direction": "sell", "amount": 3.0}, {"trade_seq": 3821, "trade_id": "237416727", "timestamp": 1670429885065, "tick_direction": 1, "price": 0.0025, "mark_price": 0.00199946, "iv": 60.29, "instrument_name": "BTC-30DEC22-22000-C", "index_price": 16825.11, "direction": "buy", "amount": 8.9}, {"trade_seq": 3820, "trade_id": "237416726", "timestamp": 1670429885065, "tick_direction": 1, "price": 0.0025, "mark_price": 0.00199946, "iv": 60.29, "instrument_name": "BTC-30DEC22-22000-C", "index_price": 16825.11, "direction": "buy", "amount": 5.0}, {"trade_seq": 3819, "trade_id": "237416725", "timestamp": 1670429885065, "tick_direction": 1, "price": 0.0025, "mark_price": 0.00199946, "iv": 60.29, "instrument_name": "BTC-30DEC22-22000-C", "index_price": 16825.11, "direction": "buy", "amount": 1.7}, {"trade_seq": 3818, "trade_id": "237416724", "timestamp": 1670429885065, "tick_direction": 1, "price": 0.0025, "mark_price": 0.00199946, "iv": 60.29, "instrument_name": "BTC-30DEC22-22000-C", "index_price": 16825.11, "direction": "buy", "amount": 6.5}, {"trade_seq": 3817, "trade_id": "237416723", "timestamp": 1670429885065, "tick_direction": 0, "price": 0.0025, "mark_price": 0.00199946, "iv": 60.29, "instrument_name": "BTC-30DEC22-22000-C", "index_price": 16825.11, "direction": "buy", "amount": 2.9}, {"trade_seq": 3816, "trade_id": "237409323", "timestamp": 1670414078653, "tick_direction": 2, "price": 0.002, "mark_price": 0.00220663, "iv": 58.25, "instrument_name": "BTC-30DEC22-22000-C", "index_price": 16792.2, "direction": "sell", "amount": 2.0}, {"trade_seq": 3815, "trade_id": "237403488", "timestamp": 1670401093389, "tick_direction": 3, "price": 0.0025, "mark_price": 0.00224423, "iv": 60.63, "instrument_name": "BTC-30DEC22-22000-C", "index_price": 16762.05, "direction": "buy", "amount": 0.1}, {"trade_seq": 3814, "trade_id": "237400741", "timestamp": 1670398780086, "tick_direction": 3, "price": 0.0025, "mark_price": 0.00223001, "iv": 60.48, "instrument_name": "BTC-30DEC22-22000-C", "index_price": 16767.5, "direction": "buy", "amount": 11.0}, {"trade_seq": 3813, "trade_id": "237399661", "timestamp": 1670397556290, "tick_direction": 3, "price": 0.0025, "mark_price": 0.00263267, "iv": 60.15, "instrument_name": "BTC-30DEC22-22000-C", "index_price": 16798.31, "direction": "sell", "amount": 0.2}, {"trade_seq": 3812, "trade_id": "237399660", "timestamp": 1670397556290, "tick_direction": 3, "price": 0.0025, "mark_price": 0.00263267, "iv": 60.15, "instrument_name": "BTC-30DEC22-22000-C", "index_price": 16798.31, "direction": "sell", "amount": 14.8}, {"trade_seq": 3811, "trade_id": "237393840", "timestamp": 1670393754512, "tick_direction": 3, "price": 0.0025, "mark_price": 0.0027234, "iv": 58.02, "instrument_name": "BTC-30DEC22-22000-C", "index_price": 16987.33, "direction": "sell", "amount": 0.3}, {"trade_seq": 3810, "trade_id": "237393486", "timestamp": 1670391591023, "tick_direction": 3, "price": 0.0025, "mark_price": 0.00274243, "iv": 57.79, "instrument_name": "BTC-30DEC22-22000-C", "index_price": 17007.7, "direction": "sell", "amount": 0.5}, {"trade_seq": 3809, "trade_id": "237393475", "timestamp": 1670391554370, "tick_direction": 3, "price": 0.0025, "mark_price": 0.00273774, "iv": 57.81, "instrument_name": "BTC-30DEC22-22000-C", "index_price": 17005.4, "direction": "sell", "amount": 1.0}, {"trade_seq": 3808, "trade_id": "237392203", "timestamp": 1670386840339, "tick_direction": 3, "price": 0.0025, "mark_price": 0.00273729, "iv": 57.57, "instrument_name": "BTC-30DEC22-22000-C", "index_price": 17022.26, "direction": "sell", "amount": 3.0}, {"trade_seq": 3807, "trade_id": "237389785", "timestamp": 1670378921948, "tick_direction": 3, "price": 0.0025, "mark_price": 0.00275298, "iv": 57.13, "instrument_name": "BTC-30DEC22-22000-C", "index_price": 17051.27, "direction": "sell", "amount": 8.0}, {"trade_seq": 3806, "trade_id": "237386961", "timestamp": 1670372420746, "tick_direction": 3, "price": 0.0025, "mark_price": 0.00269588, "iv": 57.12, "instrument_name": "BTC-30DEC22-22000-C", "index_price": 17051.74, "direction": "sell", "amount": 0.1}, {"trade_seq": 3805, "trade_id": "237386960", "timestamp": 1670372420721, "tick_direction": 3, "price": 0.0025, "mark_price": 0.00269588, "iv": 57.12, "instrument_name": "BTC-30DEC22-22000-C", "index_price": 17051.74, "direction": "sell", "amount": 0.1}, {"trade_seq": 3804, "trade_id": "237386958", "timestamp": 1670372410832, "tick_direction": 3, "price": 0.0025, "mark_price": 0.00269286, "iv": 57.13, "instrument_name": "BTC-30DEC22-22000-C", "index_price": 17051.57, "direction": "sell", "amount": 0.1}, {"trade_seq": 3803, "trade_id": "237386957", "timestamp": 1670372408330, "tick_direction": 3, "price": 0.0025, "mark_price": 0.00269364, "iv": 57.13, "instrument_name": "BTC-30DEC22-22000-C", "index_price": 17050.95, "direction": "sell", "amount": 0.1}, {"trade_seq": 3802, "trade_id": "237386956", "timestamp": 1670372408303, "tick_direction": 3, "price": 0.0025, "mark_price": 0.00269364, "iv": 57.13, "instrument_name": "BTC-30DEC22-22000-C", "index_price": 17050.95, "direction": "sell", "amount": 0.1}, {"trade_seq": 3801, "trade_id": "237386955", "timestamp": 1670372402211, "tick_direction": 3, "price": 0.0025, "mark_price": 0.00269171, "iv": 57.13, "instrument_name": "BTC-30DEC22-22000-C", "index_price": 17051.21, "direction": "sell", "amount": 0.1}, {"trade_seq": 3800, "trade_id": "237386954", "timestamp": 1670372396108, "tick_direction": 3, "price": 0.0025, "mark_price": 0.00269004, "iv": 57.13, "instrument_name": "BTC-30DEC22-22000-C", "index_price": 17050.93, "direction": "sell", "amount": 0.1}, {"trade_seq": 3799, "trade_id": "237386953", "timestamp": 1670372392039, "tick_direction": 3, "price": 0.0025, "mark_price": 0.00269214, "iv": 57.13, "instrument_name": "BTC-30DEC22-22000-C", "index_price": 17051.84, "direction": "sell", "amount": 0.1}, {"trade_seq": 3798, "trade_id": "237386952", "timestamp": 1670372390023, "tick_direction": 3, "price": 0.0025, "mark_price": 0.00269186, "iv": 57.13, "instrument_name": "BTC-30DEC22-22000-C", "index_price": 17052.01, "direction": "sell", "amount": 0.1}, {"trade_seq": 3797, "trade_id": "237386951", "timestamp": 1670372390011, "tick_direction": 3, "price": 0.0025, "mark_price": 0.00269186, "iv": 57.13, "instrument_name": "BTC-30DEC22-22000-C", "index_price": 17052.01, "direction": "sell", "amount": 0.2}, {"trade_seq": 3796, "trade_id": "237386950", "timestamp": 1670372384193, "tick_direction": 3, "price": 0.0025, "mark_price": 0.00269199, "iv": 57.13, "instrument_name": "BTC-30DEC22-22000-C", "index_price": 17051.89, "direction": "sell", "amount": 0.1}, {"trade_seq": 3795, "trade_id": "237386949", "timestamp": 1670372373746, "tick_direction": 3, "price": 0.0025, "mark_price": 0.00269279, "iv": 57.11, "instrument_name": "BTC-30DEC22-22000-C", "index_price": 17053.56, "direction": "sell", "amount": 0.1}, {"trade_seq": 3794, "trade_id": "237386948", "timestamp": 1670372372614, "tick_direction": 3, "price": 0.0025, "mark_price": 0.00269274, "iv": 57.11, "instrument_name": "BTC-30DEC22-22000-C", "index_price": 17053.6, "direction": "sell", "amount": 0.1}, {"trade_seq": 3793, "trade_id": "237386947", "timestamp": 1670372365892, "tick_direction": 3, "price": 0.0025, "mark_price": 0.00268876, "iv": 57.12, "instrument_name": "BTC-30DEC22-22000-C", "index_price": 17052.56, "direction": "sell", "amount": 0.1}, {"trade_seq": 3792, "trade_id": "237386946", "timestamp": 1670372365876, "tick_direction": 3, "price": 0.0025, "mark_price": 0.00268876, "iv": 57.12, "instrument_name": "BTC-30DEC22-22000-C", "index_price": 17052.56, "direction": "sell", "amount": 0.1}, {"trade_seq": 3791, "trade_id": "237386945", "timestamp": 1670372365874, "tick_direction": 3, "price": 0.0025, "mark_price": 0.00268876, "iv": 57.12, "instrument_name": "BTC-30DEC22-22000-C", "index_price": 17052.56, "direction": "sell", "amount": 0.1}, {"trade_seq": 3790, "trade_id": "237386944", "timestamp": 1670372365862, "tick_direction": 3, "price": 0.0025, "mark_price": 0.00268876, "iv": 57.12, "instrument_name": "BTC-30DEC22-22000-C", "index_price": 17052.56, "direction": "sell", "amount": 0.1}, {"trade_seq": 3789, "trade_id": "237386942", "timestamp": 1670372361689, "tick_direction": 3, "price": 0.0025, "mark_price": 0.00268413, "iv": 57.14, "instrument_name": "BTC-30DEC22-22000-C", "index_price": 17050.63, "direction": "sell", "amount": 0.1}, {"trade_seq": 3788, "trade_id": "237386925", "timestamp": 1670372361595, "tick_direction": 3, "price": 0.0025, "mark_price": 0.00268413, "iv": 57.14, "instrument_name": "BTC-30DEC22-22000-C", "index_price": 17050.63, "direction": "sell", "amount": 0.1}, {"trade_seq": 3787, "trade_id": "237386924", "timestamp": 1670372361563, "tick_direction": 3, "price": 0.0025, "mark_price": 0.00268413, "iv": 57.14, "instrument_name": "BTC-30DEC22-22000-C", "index_price": 17050.63, "direction": "sell", "amount": 0.2}, {"trade_seq": 3786, "trade_id": "237371752", "timestamp": 1670342255180, "tick_direction": 3, "price": 0.0025, "mark_price": 0.00270953, "iv": 57.24, "instrument_name": "BTC-30DEC22-22000-C", "index_price": 16988.32, "direction": "sell", "amount": 0.1}, {"trade_seq": 3785, "trade_id": "237371751", "timestamp": 1670342251106, "tick_direction": 3, "price": 0.0025, "mark_price": 0.00271054, "iv": 57.24, "instrument_name": "BTC-30DEC22-22000-C", "index_price": 16988.64, "direction": "sell", "amount": 0.1}, {"trade_seq": 3784, "trade_id": "237371750", "timestamp": 1670342251096, "tick_direction": 3, "price": 0.0025, "mark_price": 0.00271054, "iv": 57.24, "instrument_name": "BTC-30DEC22-22000-C", "index_price": 16988.64, "direction": "sell", "amount": 0.1}, {"trade_seq": 3783, "trade_id": "237371749", "timestamp": 1670342244429, "tick_direction": 3, "price": 0.0025, "mark_price": 0.00271407, "iv": 57.22, "instrument_name": "BTC-30DEC22-22000-C", "index_price": 16989.55, "direction": "sell", "amount": 0.1}, {"trade_seq": 3782, "trade_id": "237371748", "timestamp": 1670342244418, "tick_direction": 3, "price": 0.0025, "mark_price": 0.00271407, "iv": 57.22, "instrument_name": "BTC-30DEC22-22000-C", "index_price": 16989.55, "direction": "sell", "amount": 0.2}, {"trade_seq": 3781, "trade_id": "237371736", "timestamp": 1670342243915, "tick_direction": 3, "price": 0.0025, "mark_price": 0.00271407, "iv": 57.22, "instrument_name": "BTC-30DEC22-22000-C", "index_price": 16989.55, "direction": "sell", "amount": 0.1}, {"trade_seq": 3780, "trade_id": "237371729", "timestamp": 1670342240968, "tick_direction": 3, "price": 0.0025, "mark_price": 0.0027147, "iv": 57.22, "instrument_name": "BTC-30DEC22-22000-C", "index_price": 16989.74, "direction": "sell", "amount": 0.1}, {"trade_seq": 3779, "trade_id": "237371728", "timestamp": 1670342240959, "tick_direction": 3, "price": 0.0025, "mark_price": 0.0027147, "iv": 57.22, "instrument_name": "BTC-30DEC22-22000-C", "index_price": 16989.74, "direction": "sell", "amount": 0.1}, {"trade_seq": 3778, "trade_id": "237369193", "timestamp": 1670338757681, "tick_direction": 3, "price": 0.0025, "mark_price": 0.00269549, "iv": 57.37, "instrument_name": "BTC-30DEC22-22000-C", "index_price": 16977.61, "direction": "sell", "amount": 0.1}, {"trade_seq": 3777, "trade_id": "237369188", "timestamp": 1670338753365, "tick_direction": 3, "price": 0.0025, "mark_price": 0.00270189, "iv": 57.33, "instrument_name": "BTC-30DEC22-22000-C", "index_price": 16980.85, "direction": "sell", "amount": 0.1}, {"trade_seq": 3776, "trade_id": "237369186", "timestamp": 1670338753346, "tick_direction": 3, "price": 0.0025, "mark_price": 0.00270189, "iv": 57.33, "instrument_name": "BTC-30DEC22-22000-C", "index_price": 16980.85, "direction": "sell", "amount": 0.1}, {"trade_seq": 3775, "trade_id": "237369182", "timestamp": 1670338752311, "tick_direction": 3, "price": 0.0025, "mark_price": 0.00270266, "iv": 57.33, "instrument_name": "BTC-30DEC22-22000-C", "index_price": 16981.23, "direction": "sell", "amount": 0.1}, {"trade_seq": 3774, "trade_id": "237369181", "timestamp": 1670338749480, "tick_direction": 3, "price": 0.0025, "mark_price": 0.00270428, "iv": 57.33, "instrument_name": "BTC-30DEC22-22000-C", "index_price": 16981.71, "direction": "sell", "amount": 0.1}, {"trade_seq": 3773, "trade_id": "237369178", "timestamp": 1670338749429, "tick_direction": 3, "price": 0.0025, "mark_price": 0.00270428, "iv": 57.33, "instrument_name": "BTC-30DEC22-22000-C", "index_price": 16981.71, "direction": "sell", "amount": 0.1}, {"trade_seq": 3772, "trade_id": "237369177", "timestamp": 1670338746563, "tick_direction": 3, "price": 0.0025, "mark_price": 0.00270807, "iv": 57.31, "instrument_name": "BTC-30DEC22-22000-C", "index_price": 16983.23, "direction": "sell", "amount": 0.1}, {"trade_seq": 3771, "trade_id": "237369176", "timestamp": 1670338746303, "tick_direction": 3, "price": 0.0025, "mark_price": 0.00270802, "iv": 57.31, "instrument_name": "BTC-30DEC22-22000-C", "index_price": 16983.23, "direction": "sell", "amount": 0.1}, {"trade_seq": 3770, "trade_id": "237369091", "timestamp": 1670338494293, "tick_direction": 3, "price": 0.0025, "mark_price": 0.00276384, "iv": 57.07, "instrument_name": "BTC-30DEC22-22000-C", "index_price": 17002.03, "direction": "sell", "amount": 0.1}, {"trade_seq": 3769, "trade_id": "237369060", "timestamp": 1670338449481, "tick_direction": 3, "price": 0.0025, "mark_price": 0.00278063, "iv": 57.02, "instrument_name": "BTC-30DEC22-22000-C", "index_price": 17007.87, "direction": "sell", "amount": 0.1}, {"trade_seq": 3768, "trade_id": "237369059", "timestamp": 1670338449467, "tick_direction": 3, "price": 0.0025, "mark_price": 0.00278063, "iv": 57.02, "instrument_name": "BTC-30DEC22-22000-C", "index_price": 17007.87, "direction": "sell", "amount": 0.1}, {"trade_seq": 3767, "trade_id": "237369005", "timestamp": 1670338308123, "tick_direction": 3, "price": 0.0025, "mark_price": 0.00278054, "iv": 57.06, "instrument_name": "BTC-30DEC22-22000-C", "index_price": 17004.51, "direction": "sell", "amount": 0.1}, {"trade_seq": 3766, "trade_id": "237369003", "timestamp": 1670338293804, "tick_direction": 3, "price": 0.0025, "mark_price": 0.00279103, "iv": 57.03, "instrument_name": "BTC-30DEC22-22000-C", "index_price": 17006.45, "direction": "sell", "amount": 0.1}, {"trade_seq": 3765, "trade_id": "237369002", "timestamp": 1670338293785, "tick_direction": 3, "price": 0.0025, "mark_price": 0.00279103, "iv": 57.03, "instrument_name": "BTC-30DEC22-22000-C", "index_price": 17006.45, "direction": "sell", "amount": 0.1}, {"trade_seq": 3764, "trade_id": "237369001", "timestamp": 1670338293766, "tick_direction": 3, "price": 0.0025, "mark_price": 0.00279103, "iv": 57.03, "instrument_name": "BTC-30DEC22-22000-C", "index_price": 17006.45, "direction": "sell", "amount": 0.1}, {"trade_seq": 3763, "trade_id": "237369000", "timestamp": 1670338293762, "tick_direction": 3, "price": 0.0025, "mark_price": 0.00279103, "iv": 57.03, "instrument_name": "BTC-30DEC22-22000-C", "index_price": 17006.45, "direction": "sell", "amount": 0.1}, {"trade_seq": 3762, "trade_id": "237368570", "timestamp": 1670337986169, "tick_direction": 3, "price": 0.0025, "mark_price": 0.00269627, "iv": 57.36, "instrument_name": "BTC-30DEC22-22000-C", "index_price": 16976.6, "direction": "sell", "amount": 0.1}, {"trade_seq": 3761, "trade_id": "237368563", "timestamp": 1670337986087, "tick_direction": 3, "price": 0.0025, "mark_price": 0.00269627, "iv": 57.36, "instrument_name": "BTC-30DEC22-22000-C", "index_price": 16976.6, "direction": "sell", "amount": 0.1}, {"trade_seq": 3760, "trade_id": "237368561", "timestamp": 1670337986057, "tick_direction": 3, "price": 0.0025, "mark_price": 0.00269627, "iv": 57.36, "instrument_name": "BTC-30DEC22-22000-C", "index_price": 16976.6, "direction": "sell", "amount": 0.1}, {"trade_seq": 3759, "trade_id": "237368555", "timestamp": 1670337985990, "tick_direction": 3, "price": 0.0025, "mark_price": 0.00269812, "iv": 57.36, "instrument_name": "BTC-30DEC22-22000-C", "index_price": 16976.6, "direction": "sell", "amount": 0.1}, {"trade_seq": 3758, "trade_id": "237368554", "timestamp": 1670337985954, "tick_direction": 3, "price": 0.0025, "mark_price": 0.00269812, "iv": 57.36, "instrument_name": "BTC-30DEC22-22000-C", "index_price": 16976.6, "direction": "sell", "amount": 0.1}, {"trade_seq": 3757, "trade_id": "237368535", "timestamp": 1670337985723, "tick_direction": 3, "price": 0.0025, "mark_price": 0.00269812, "iv": 57.36, "instrument_name": "BTC-30DEC22-22000-C", "index_price": 16976.6, "direction": "sell", "amount": 0.1}, {"trade_seq": 3756, "trade_id": "237368534", "timestamp": 1670337985690, "tick_direction": 3, "price": 0.0025, "mark_price": 0.00269812, "iv": 57.36, "instrument_name": "BTC-30DEC22-22000-C", "index_price": 16977.42, "direction": "sell", "amount": 0.1}, {"trade_seq": 3755, "trade_id": "237368403", "timestamp": 1670337743254, "tick_direction": 3, "price": 0.0025, "mark_price": 0.00272677, "iv": 57.18, "instrument_name": "BTC-30DEC22-22000-C", "index_price": 16993.3, "direction": "sell", "amount": 0.2}, {"trade_seq": 3754, "trade_id": "237368402", "timestamp": 1670337743239, "tick_direction": 3, "price": 0.0025, "mark_price": 0.00272677, "iv": 57.18, "instrument_name": "BTC-30DEC22-22000-C", "index_price": 16993.3, "direction": "sell", "amount": 0.1}, {"trade_seq": 3753, "trade_id": "237368205", "timestamp": 1670337270579, "tick_direction": 3, "price": 0.0025, "mark_price": 0.00270364, "iv": 57.16, "instrument_name": "BTC-30DEC22-22000-C", "index_price": 16989.5, "direction": "sell", "amount": 0.1}, {"trade_seq": 3752, "trade_id": "237368199", "timestamp": 1670337267835, "tick_direction": 3, "price": 0.0025, "mark_price": 0.00270843, "iv": 57.14, "instrument_name": "BTC-30DEC22-22000-C", "index_price": 16990.09, "direction": "sell", "amount": 0.3}, {"trade_seq": 3751, "trade_id": "237368182", "timestamp": 1670337259406, "tick_direction": 3, "price": 0.0025, "mark_price": 0.0027297, "iv": 57.05, "instrument_name": "BTC-30DEC22-22000-C", "index_price": 16997.13, "direction": "sell", "amount": 0.1}, {"trade_seq": 3750, "trade_id": "237368181", "timestamp": 1670337259379, "tick_direction": 3, "price": 0.0025, "mark_price": 0.0027297, "iv": 57.05, "instrument_name": "BTC-30DEC22-22000-C", "index_price": 16997.13, "direction": "sell", "amount": 0.1}, {"trade_seq": 3749, "trade_id": "237368180", "timestamp": 1670337259362, "tick_direction": 3, "price": 0.0025, "mark_price": 0.0027297, "iv": 57.05, "instrument_name": "BTC-30DEC22-22000-C", "index_price": 16997.13, "direction": "sell", "amount": 0.1}, {"trade_seq": 3748, "trade_id": "237368175", "timestamp": 1670337259244, "tick_direction": 3, "price": 0.0025, "mark_price": 0.0027297, "iv": 57.05, "instrument_name": "BTC-30DEC22-22000-C", "index_price": 16999.41, "direction": "sell", "amount": 0.1}, {"trade_seq": 3747, "trade_id": "237368144", "timestamp": 1670337230403, "tick_direction": 3, "price": 0.0025, "mark_price": 0.00274082, "iv": 57.01, "instrument_name": "BTC-30DEC22-22000-C", "index_price": 17004.37, "direction": "sell", "amount": 0.1}, {"trade_seq": 3746, "trade_id": "237368128", "timestamp": 1670337212919, "tick_direction": 3, "price": 0.0025, "mark_price": 0.00275641, "iv": 56.95, "instrument_name": "BTC-30DEC22-22000-C", "index_price": 17011.62, "direction": "sell", "amount": 0.1}, {"trade_seq": 3745, "trade_id": "237368127", "timestamp": 1670337212907, "tick_direction": 3, "price": 0.0025, "mark_price": 0.00275641, "iv": 56.95, "instrument_name": "BTC-30DEC22-22000-C", "index_price": 17011.62, "direction": "sell", "amount": 0.1}, {"trade_seq": 3744, "trade_id": "237368126", "timestamp": 1670337212821, "tick_direction": 3, "price": 0.0025, "mark_price": 0.00275641, "iv": 56.95, "instrument_name": "BTC-30DEC22-22000-C", "index_price": 17011.62, "direction": "sell", "amount": 0.1}, {"trade_seq": 3743, "trade_id": "237368125", "timestamp": 1670337212808, "tick_direction": 3, "price": 0.0025, "mark_price": 0.00275641, "iv": 56.95, "instrument_name": "BTC-30DEC22-22000-C", "index_price": 17011.62, "direction": "sell", "amount": 0.1}, {"trade_seq": 3742, "trade_id": "237368118", "timestamp": 1670337176340, "tick_direction": 3, "price": 0.0025, "mark_price": 0.00275583, "iv": 56.95, "instrument_name": "BTC-30DEC22-22000-C", "index_price": 17011.21, "direction": "sell", "amount": 0.1}, {"trade_seq": 3741, "trade_id": "237368117", "timestamp": 1670337176322, "tick_direction": 3, "price": 0.0025, "mark_price": 0.00275583, "iv": 56.95, "instrument_name": "BTC-30DEC22-22000-C", "index_price": 17011.21, "direction": "sell", "amount": 0.1}, {"trade_seq": 3740, "trade_id": "237368116", "timestamp": 1670337176321, "tick_direction": 3, "price": 0.0025, "mark_price": 0.00275583, "iv": 56.95, "instrument_name": "BTC-30DEC22-22000-C", "index_price": 17011.21, "direction": "sell", "amount": 0.1}, {"trade_seq": 3739, "trade_id": "237368112", "timestamp": 1670337172343, "tick_direction": 3, "price": 0.0025, "mark_price": 0.00276, "iv": 56.94, "instrument_name": "BTC-30DEC22-22000-C", "index_price": 17012.71, "direction": "sell", "amount": 0.1}, {"trade_seq": 3738, "trade_id": "237367974", "timestamp": 1670336961195, "tick_direction": 3, "price": 0.0025, "mark_price": 0.00273346, "iv": 57.06, "instrument_name": "BTC-30DEC22-22000-C", "index_price": 17005.28, "direction": "sell", "amount": 0.1}, {"trade_seq": 3737, "trade_id": "237367972", "timestamp": 1670336961173, "tick_direction": 3, "price": 0.0025, "mark_price": 0.00273346, "iv": 57.06, "instrument_name": "BTC-30DEC22-22000-C", "index_price": 17005.83, "direction": "sell", "amount": 0.1}, {"trade_seq": 3736, "trade_id": "237367969", "timestamp": 1670336961138, "tick_direction": 3, "price": 0.0025, "mark_price": 0.00273346, "iv": 57.06, "instrument_name": "BTC-30DEC22-22000-C", "index_price": 17005.83, "direction": "sell", "amount": 0.1}, {"trade_seq": 3735, "trade_id": "237367968", "timestamp": 1670336961121, "tick_direction": 3, "price": 0.0025, "mark_price": 0.00273346, "iv": 57.06, "instrument_name": "BTC-30DEC22-22000-C", "index_price": 17005.83, "direction": "sell", "amount": 0.1}, {"trade_seq": 3734, "trade_id": "237367955", "timestamp": 1670336903942, "tick_direction": 3, "price": 0.0025, "mark_price": 0.00273907, "iv": 57.03, "instrument_name": "BTC-30DEC22-22000-C", "index_price": 17007.42, "direction": "sell", "amount": 0.1}, {"trade_seq": 3733, "trade_id": "237367951", "timestamp": 1670336901899, "tick_direction": 3, "price": 0.0025, "mark_price": 0.00274028, "iv": 57.02, "instrument_name": "BTC-30DEC22-22000-C", "index_price": 17008.24, "direction": "sell", "amount": 0.1}, {"trade_seq": 3732, "trade_id": "237367038", "timestamp": 1670333602723, "tick_direction": 2, "price": 0.0025, "mark_price": 0.00272301, "iv": 56.96, "instrument_name": "BTC-30DEC22-22000-C", "index_price": 17009.85, "direction": "sell", "amount": 2.0}, {"trade_seq": 3731, "trade_id": "237366536", "timestamp": 1670332350349, "tick_direction": 0, "price": 0.0028, "mark_price": 0.00277272, "iv": 58.09, "instrument_name": "BTC-30DEC22-22000-C", "index_price": 17019.8, "direction": "sell", "combo_id": "BTC-CBUT-30DEC22-18000_20000_22000", "block_trade_id": "58204", "amount": 10.0}, {"trade_seq": 3730, "trade_id": "237353692", "timestamp": 1670306150061, "tick_direction": 2, "price": 0.0025, "mark_price": 0.00273548, "iv": 56.93, "instrument_name": "BTC-30DEC22-22000-C", "index_price": 16976.81, "direction": "sell", "amount": 0.5}, {"trade_seq": 3729, "trade_id": "237352702", "timestamp": 1670303329859, "tick_direction": 0, "price": 0.0029, "mark_price": 0.00274124, "iv": 58.21, "instrument_name": "BTC-30DEC22-22000-C", "index_price": 17006.4, "direction": "buy", "combo_id": "BTC-CS-30DEC22-20000_22000", "block_trade_id": "58180", "amount": 25.0}, {"trade_seq": 3728, "trade_id": "237351412", "timestamp": 1670299822696, "tick_direction": 3, "price": 0.0025, "mark_price": 0.00272238, "iv": 56.58, "instrument_name": "BTC-30DEC22-22000-C", "index_price": 17007.33, "direction": "sell", "amount": 0.5}, {"trade_seq": 3727, "trade_id": "237350796", "timestamp": 1670298225921, "tick_direction": 3, "price": 0.0025, "mark_price": 0.00245159, "iv": 56.4, "instrument_name": "BTC-30DEC22-22000-C", "index_price": 17022.58, "direction": "sell", "amount": 0.5}, {"trade_seq": 3726, "trade_id": "237350788", "timestamp": 1670298210040, "tick_direction": 3, "price": 0.0025, "mark_price": 0.00243124, "iv": 56.4, "instrument_name": "BTC-30DEC22-22000-C", "index_price": 17023.75, "direction": "sell", "amount": 0.4}, {"trade_seq": 3725, "trade_id": "237350733", "timestamp": 1670298118360, "tick_direction": 2, "price": 0.0025, "mark_price": 0.00237708, "iv": 56.38, "instrument_name": "BTC-30DEC22-22000-C", "index_price": 17026.5, "direction": "buy", "amount": 0.5}, {"trade_seq": 3724, "trade_id": "237344236", "timestamp": 1670281261436, "tick_direction": 0, "price": 0.0026, "mark_price": 0.00262757, "iv": 57.51, "instrument_name": "BTC-30DEC22-22000-C", "index_price": 16943.67, "direction": "sell", "combo_id": "BTC-CS-30DEC22-20000_22000", "block_trade_id": "58158", "amount": 25.0}, {"trade_seq": 3723, "trade_id": "237341847", "timestamp": 1670270775210, "tick_direction": 3, "price": 0.0025, "mark_price": 0.00248419, "iv": 57.13, "instrument_name": "BTC-30DEC22-22000-C", "index_price": 16931.19, "direction": "buy", "amount": 0.1}, {"trade_seq": 3722, "trade_id": "237341846", "timestamp": 1670270771130, "tick_direction": 3, "price": 0.0025, "mark_price": 0.00247885, "iv": 57.13, "instrument_name": "BTC-30DEC22-22000-C", "index_price": 16931.38, "direction": "buy", "amount": 0.2}, {"trade_seq": 3721, "trade_id": "237341845", "timestamp": 1670270769098, "tick_direction": 3, "price": 0.0025, "mark_price": 0.002476, "iv": 57.16, "instrument_name": "BTC-30DEC22-22000-C", "index_price": 16928.72, "direction": "buy", "amount": 0.2}, {"trade_seq": 3720, "trade_id": "237341844", "timestamp": 1670270767481, "tick_direction": 2, "price": 0.0025, "mark_price": 0.00247451, "iv": 57.17, "instrument_name": "BTC-30DEC22-22000-C", "index_price": 16927.58, "direction": "buy", "amount": 0.1}, {"trade_seq": 3719, "trade_id": "237341808", "timestamp": 1670270665590, "tick_direction": 1, "price": 0.003, "mark_price": 0.00247529, "iv": 59.17, "instrument_name": "BTC-30DEC22-22000-C", "index_price": 16924.26, "direction": "buy", "amount": 0.6}, {"trade_seq": 3718, "trade_id": "237327957", "timestamp": 1670253304670, "tick_direction": 3, "price": 0.0025, "mark_price": 0.00259046, "iv": 55.52, "instrument_name": "BTC-30DEC22-22000-C", "index_price": 17046.51, "direction": "sell", "amount": 2.9}, {"trade_seq": 3717, "trade_id": "237327956", "timestamp": 1670253304670, "tick_direction": 3, "price": 0.0025, "mark_price": 0.00259046, "iv": 55.52, "instrument_name": "BTC-30DEC22-22000-C", "index_price": 17046.51, "direction": "sell", "amount": 2.0}, {"trade_seq": 3716, "trade_id": "237327955", "timestamp": 1670253304670, "tick_direction": 2, "price": 0.0025, "mark_price": 0.00259046, "iv": 55.52, "instrument_name": "BTC-30DEC22-22000-C", "index_price": 17046.51, "direction": "sell", "amount": 10.0}, {"trade_seq": 3715, "trade_id": "237320068", "timestamp": 1670248200162, "tick_direction": 2, "price": 0.003, "mark_price": 0.0029478, "iv": 55.52, "instrument_name": "BTC-30DEC22-22000-C", "index_price": 17232.71, "direction": "sell", "amount": 0.1}, {"trade_seq": 3714, "trade_id": "237304324", "timestamp": 1670227361575, "tick_direction": 1, "price": 0.0035, "mark_price": 0.00336883, "iv": 56.08, "instrument_name": "BTC-30DEC22-22000-C", "index_price": 17313.43, "direction": "sell", "amount": 18.0}, {"trade_seq": 3713, "trade_id": "237304323", "timestamp": 1670227361547, "tick_direction": 1, "price": 0.0035, "mark_price": 0.00336883, "iv": 56.08, "instrument_name": "BTC-30DEC22-22000-C", "index_price": 17313.42, "direction": "sell", "amount": 18.0}, {"trade_seq": 3712, "trade_id": "237304149", "timestamp": 1670227273348, "tick_direction": 1, "price": 0.0035, "mark_price": 0.00333711, "iv": 55.97, "instrument_name": "BTC-30DEC22-22000-C", "index_price": 17320.53, "direction": "sell", "amount": 18.0}, {"trade_seq": 3711, "trade_id": "237304148", "timestamp": 1670227271246, "tick_direction": 1, "price": 0.0035, "mark_price": 0.00333831, "iv": 55.96, "instrument_name": "BTC-30DEC22-22000-C", "index_price": 17321.08, "direction": "sell", "amount": 18.0}, {"trade_seq": 3710, "trade_id": "237304145", "timestamp": 1670227268876, "tick_direction": 1, "price": 0.0035, "mark_price": 0.0033353, "iv": 55.97, "instrument_name": "BTC-30DEC22-22000-C", "index_price": 17321.12, "direction": "buy", "amount": 18.0}, {"trade_seq": 3709, "trade_id": "237303975", "timestamp": 1670227105025, "tick_direction": 1, "price": 0.0035, "mark_price": 0.00327301, "iv": 56.04, "instrument_name": "BTC-30DEC22-22000-C", "index_price": 17315.46, "direction": "buy", "amount": 8.7}, {"trade_seq": 3708, "trade_id": "237303090", "timestamp": 1670226613772, "tick_direction": 1, "price": 0.0035, "mark_price": 0.00329253, "iv": 55.57, "instrument_name": "BTC-30DEC22-22000-C", "index_price": 17351.95, "direction": "sell", "amount": 19.0}, {"trade_seq": 3707, "trade_id": "237303089", "timestamp": 1670226613742, "tick_direction": 1, "price": 0.0035, "mark_price": 0.00329253, "iv": 55.57, "instrument_name": "BTC-30DEC22-22000-C", "index_price": 17351.95, "direction": "sell", "amount": 19.0}, {"trade_seq": 3706, "trade_id": "237303088", "timestamp": 1670226612699, "tick_direction": 1, "price": 0.0035, "mark_price": 0.00329101, "iv": 55.57, "instrument_name": "BTC-30DEC22-22000-C", "index_price": 17352.38, "direction": "sell", "amount": 19.0}, {"trade_seq": 3705, "trade_id": "237303087", "timestamp": 1670226612695, "tick_direction": 1, "price": 0.0035, "mark_price": 0.00329101, "iv": 55.57, "instrument_name": "BTC-30DEC22-22000-C", "index_price": 17352.38, "direction": "sell", "amount": 19.0}, {"trade_seq": 3704, "trade_id": "237303086", "timestamp": 1670226611662, "tick_direction": 1, "price": 0.0035, "mark_price": 0.00329016, "iv": 55.57, "instrument_name": "BTC-30DEC22-22000-C", "index_price": 17352.25, "direction": "sell", "amount": 19.0}, {"trade_seq": 3703, "trade_id": "237303085", "timestamp": 1670226611648, "tick_direction": 1, "price": 0.0035, "mark_price": 0.00329016, "iv": 55.57, "instrument_name": "BTC-30DEC22-22000-C", "index_price": 17352.25, "direction": "sell", "amount": 19.0}, {"trade_seq": 3702, "trade_id": "237303084", "timestamp": 1670226611611, "tick_direction": 1, "price": 0.0035, "mark_price": 0.00329016, "iv": 55.57, "instrument_name": "BTC-30DEC22-22000-C", "index_price": 17352.25, "direction": "sell", "amount": 6.1}, {"trade_seq": 3701, "trade_id": "237303083", "timestamp": 1670226611154, "tick_direction": 1, "price": 0.0035, "mark_price": 0.00329016, "iv": 55.57, "instrument_name": "BTC-30DEC22-22000-C", "index_price": 17351.98, "direction": "sell", "amount": 6.5}, {"trade_seq": 3700, "trade_id": "237303082", "timestamp": 1670226610902, "tick_direction": 1, "price": 0.0035, "mark_price": 0.00329016, "iv": 55.57, "instrument_name": "BTC-30DEC22-22000-C", "index_price": 17351.98, "direction": "sell", "amount": 6.7}, {"trade_seq": 3699, "trade_id": "237303081", "timestamp": 1670226610615, "tick_direction": 1, "price": 0.0035, "mark_price": 0.00328943, "iv": 55.57, "instrument_name": "BTC-30DEC22-22000-C", "index_price": 17351.98, "direction": "sell", "amount": 19.0}, {"trade_seq": 3698, "trade_id": "237303080", "timestamp": 1670226610614, "tick_direction": 1, "price": 0.0035, "mark_price": 0.00328943, "iv": 55.57, "instrument_name": "BTC-30DEC22-22000-C", "index_price": 17351.98, "direction": "sell", "amount": 19.0}, {"trade_seq": 3697, "trade_id": "237303079", "timestamp": 1670226610608, "tick_direction": 1, "price": 0.0035, "mark_price": 0.00328943, "iv": 55.57, "instrument_name": "BTC-30DEC22-22000-C", "index_price": 17351.98, "direction": "buy", "amount": 2.1}, {"trade_seq": 3696, "trade_id": "237303078", "timestamp": 1670226610608, "tick_direction": 1, "price": 0.0035, "mark_price": 0.00328943, "iv": 55.57, "instrument_name": "BTC-30DEC22-22000-C", "index_price": 17351.98, "direction": "buy", "amount": 6.6}, {"trade_seq": 3695, "trade_id": "237303077", "timestamp": 1670226610608, "tick_direction": 0, "price": 0.0035, "mark_price": 0.00328943, "iv": 55.57, "instrument_name": "BTC-30DEC22-22000-C", "index_price": 17351.98, "direction": "buy", "amount": 8.7}, {"trade_seq": 3694, "trade_id": "237280670", "timestamp": 1670207252592, "tick_direction": 1, "price": 0.0035, "mark_price": 0.00326871, "iv": 56.17, "instrument_name": "BTC-30DEC22-22000-C", "index_price": 17272.49, "direction": "buy", "amount": 0.1}, {"trade_seq": 3693, "trade_id": "237250901", "timestamp": 1670167653157, "tick_direction": 0, "price": 0.0035, "mark_price": 0.00300096, "iv": 58.23, "instrument_name": "BTC-30DEC22-22000-C", "index_price": 17035.67, "direction": "buy", "amount": 2.0}, {"trade_seq": 3692, "trade_id": "237235088", "timestamp": 1670131426786, "tick_direction": 1, "price": 0.003, "mark_price": 0.00310328, "iv": 55.99, "instrument_name": "BTC-30DEC22-22000-C", "index_price": 17030.09, "direction": "sell", "amount": 1.0}, {"trade_seq": 3691, "trade_id": "237226938", "timestamp": 1670115320011, "tick_direction": 1, "price": 0.003, "mark_price": 0.00304807, "iv": 56.67, "instrument_name": "BTC-30DEC22-22000-C", "index_price": 16951.06, "direction": "sell", "amount": 0.2}, {"trade_seq": 3690, "trade_id": "237201794", "timestamp": 1670056301223, "tick_direction": 1, "price": 0.003, "mark_price": 0.0027391, "iv": 55.82, "instrument_name": "BTC-30DEC22-22000-C", "index_price": 16964.08, "direction": "buy", "amount": 0.8}, {"trade_seq": 3689, "trade_id": "237201793", "timestamp": 1670056301223, "tick_direction": 1, "price": 0.003, "mark_price": 0.0027391, "iv": 55.82, "instrument_name": "BTC-30DEC22-22000-C", "index_price": 16964.08, "direction": "buy", "amount": 0.1}, {"trade_seq": 3688, "trade_id": "237201792", "timestamp": 1670056301223, "tick_direction": 1, "price": 0.003, "mark_price": 0.0027391, "iv": 55.82, "instrument_name": "BTC-30DEC22-22000-C", "index_price": 16964.08, "direction": "buy", "amount": 0.1}, {"trade_seq": 3687, "trade_id": "237192109", "timestamp": 1670031709628, "tick_direction": 1, "price": 0.003, "mark_price": 0.00311644, "iv": 54.72, "instrument_name": "BTC-30DEC22-22000-C", "index_price": 17045.92, "direction": "sell", "amount": 0.9}, {"trade_seq": 3686, "trade_id": "237185444", "timestamp": 1670021811479, "tick_direction": 0, "price": 0.003, "mark_price": 0.0029518, "iv": 54.61, "instrument_name": "BTC-30DEC22-22000-C", "index_price": 17047.62, "direction": "sell", "amount": 0.2}, {"trade_seq": 3685, "trade_id": "237144971", "timestamp": 1669976526633, "tick_direction": 3, "price": 0.0025, "mark_price": 0.00274003, "iv": 53.09, "instrument_name": "BTC-30DEC22-22000-C", "index_price": 16968.82, "direction": "sell", "amount": 2.4}, {"trade_seq": 3684, "trade_id": "237144970", "timestamp": 1669976526633, "tick_direction": 2, "price": 0.0025, "mark_price": 0.00274003, "iv": 53.09, "instrument_name": "BTC-30DEC22-22000-C", "index_price": 16968.82, "direction": "sell", "amount": 0.1}, {"trade_seq": 3683, "trade_id": "237143594", "timestamp": 1669973427763, "tick_direction": 3, "price": 0.003, "mark_price": 0.00299342, "iv": 54.9, "instrument_name": "BTC-30DEC22-22000-C", "index_price": 16970.23, "direction": "sell", "amount": 0.1}, {"trade_seq": 3682, "trade_id": "237143409", "timestamp": 1669972846870, "tick_direction": 3, "price": 0.003, "mark_price": 0.00302939, "iv": 54.79, "instrument_name": "BTC-30DEC22-22000-C", "index_price": 16978.75, "direction": "sell", "amount": 0.1}, {"trade_seq": 3681, "trade_id": "237143408", "timestamp": 1669972844844, "tick_direction": 3, "price": 0.003, "mark_price": 0.0030289, "iv": 54.79, "instrument_name": "BTC-30DEC22-22000-C", "index_price": 16978.21, "direction": "sell", "amount": 0.1}, {"trade_seq": 3680, "trade_id": "237139320", "timestamp": 1669968081152, "tick_direction": 2, "price": 0.003, "mark_price": 0.0034836, "iv": 54.89, "instrument_name": "BTC-30DEC22-22000-C", "index_price": 16959.54, "direction": "sell", "amount": 0.1}, {"trade_seq": 3679, "trade_id": "237139173", "timestamp": 1669968011785, "tick_direction": 0, "price": 0.004, "mark_price": 0.00348447, "iv": 58.12, "instrument_name": "BTC-30DEC22-22000-C", "index_price": 16961.22, "direction": "buy", "amount": 0.1}, {"trade_seq": 3678, "trade_id": "237136761", "timestamp": 1669966018341, "tick_direction": 3, "price": 0.0035, "mark_price": 0.00369542, "iv": 56.85, "instrument_name": "BTC-30DEC22-22000-C", "index_price": 16932.0, "direction": "sell", "amount": 1.6}, {"trade_seq": 3677, "trade_id": "237136165", "timestamp": 1669965312268, "tick_direction": 3, "price": 0.0035, "mark_price": 0.00375703, "iv": 56.85, "instrument_name": "BTC-30DEC22-22000-C", "index_price": 16931.65, "direction": "sell", "amount": 0.1}, {"trade_seq": 3676, "trade_id": "237136162", "timestamp": 1669965306180, "tick_direction": 3, "price": 0.0035, "mark_price": 0.00375699, "iv": 56.85, "instrument_name": "BTC-30DEC22-22000-C", "index_price": 16931.93, "direction": "sell", "amount": 0.1}, {"trade_seq": 3675, "trade_id": "237136149", "timestamp": 1669965279767, "tick_direction": 3, "price": 0.0035, "mark_price": 0.00376454, "iv": 56.84, "instrument_name": "BTC-30DEC22-22000-C", "index_price": 16933.98, "direction": "sell", "amount": 0.1}, {"trade_seq": 3674, "trade_id": "237136147", "timestamp": 1669965275701, "tick_direction": 3, "price": 0.0035, "mark_price": 0.00376545, "iv": 56.84, "instrument_name": "BTC-30DEC22-22000-C", "index_price": 16933.84, "direction": "sell", "amount": 0.1}, {"trade_seq": 3673, "trade_id": "237136143", "timestamp": 1669965271675, "tick_direction": 3, "price": 0.0035, "mark_price": 0.0037651, "iv": 56.84, "instrument_name": "BTC-30DEC22-22000-C", "index_price": 16933.86, "direction": "sell", "amount": 0.1}, {"trade_seq": 3672, "trade_id": "237136142", "timestamp": 1669965271665, "tick_direction": 3, "price": 0.0035, "mark_price": 0.0037651, "iv": 56.84, "instrument_name": "BTC-30DEC22-22000-C", "index_price": 16933.86, "direction": "sell", "amount": 0.1}, {"trade_seq": 3671, "trade_id": "237136141", "timestamp": 1669965271633, "tick_direction": 3, "price": 0.0035, "mark_price": 0.0037651, "iv": 56.84, "instrument_name": "BTC-30DEC22-22000-C", "index_price": 16933.86, "direction": "sell", "amount": 0.1}, {"trade_seq": 3670, "trade_id": "237136139", "timestamp": 1669965269594, "tick_direction": 3, "price": 0.0035, "mark_price": 0.00376301, "iv": 56.84, "instrument_name": "BTC-30DEC22-22000-C", "index_price": 16933.69, "direction": "sell", "amount": 0.1}, {"trade_seq": 3669, "trade_id": "237136083", "timestamp": 1669965199588, "tick_direction": 3, "price": 0.0035, "mark_price": 0.00378442, "iv": 56.79, "instrument_name": "BTC-30DEC22-22000-C", "index_price": 16935.47, "direction": "sell", "amount": 0.1}, {"trade_seq": 3668, "trade_id": "237136082", "timestamp": 1669965199576, "tick_direction": 3, "price": 0.0035, "mark_price": 0.00378442, "iv": 56.79, "instrument_name": "BTC-30DEC22-22000-C", "index_price": 16935.47, "direction": "sell", "amount": 0.1}, {"trade_seq": 3667, "trade_id": "237136075", "timestamp": 1669965194559, "tick_direction": 3, "price": 0.0035, "mark_price": 0.00378559, "iv": 56.79, "instrument_name": "BTC-30DEC22-22000-C", "index_price": 16934.91, "direction": "sell", "amount": 0.1}, {"trade_seq": 3666, "trade_id": "237122318", "timestamp": 1669939654304, "tick_direction": 3, "price": 0.0035, "mark_price": 0.00375886, "iv": 56.07, "instrument_name": "BTC-30DEC22-22000-C", "index_price": 16973.4, "direction": "sell", "amount": 0.5}, {"trade_seq": 3665, "trade_id": "237121949", "timestamp": 1669939190119, "tick_direction": 3, "price": 0.0035, "mark_price": 0.00377679, "iv": 56.06, "instrument_name": "BTC-30DEC22-22000-C", "index_price": 16975.7, "direction": "sell", "amount": 0.5}, {"trade_seq": 3664, "trade_id": "237108340", "timestamp": 1669916112275, "tick_direction": 2, "price": 0.0035, "mark_price": 0.00377393, "iv": 55.74, "instrument_name": "BTC-30DEC22-22000-C", "index_price": 16979.97, "direction": "sell", "amount": 0.1}, {"trade_seq": 3663, "trade_id": "237076951", "timestamp": 1669901190408, "tick_direction": 3, "price": 0.004, "mark_price": 0.00427151, "iv": 55.55, "instrument_name": "BTC-30DEC22-22000-C", "index_price": 17141.06, "direction": "buy", "amount": 0.1}, {"trade_seq": 3662, "trade_id": "237076947", "timestamp": 1669901190183, "tick_direction": 3, "price": 0.004, "mark_price": 0.00427151, "iv": 55.55, "instrument_name": "BTC-30DEC22-22000-C", "index_price": 17141.0, "direction": "buy", "amount": 0.1}, {"trade_seq": 3661, "trade_id": "237076946", "timestamp": 1669901189792, "tick_direction": 3, "price": 0.004, "mark_price": 0.00427151, "iv": 55.55, "instrument_name": "BTC-30DEC22-22000-C", "index_price": 17141.0, "direction": "buy", "amount": 0.1}, {"trade_seq": 3660, "trade_id": "237076945", "timestamp": 1669901189484, "tick_direction": 3, "price": 0.004, "mark_price": 0.00427278, "iv": 55.55, "instrument_name": "BTC-30DEC22-22000-C", "index_price": 17141.0, "direction": "buy", "amount": 0.2}, {"trade_seq": 3659, "trade_id": "237076944", "timestamp": 1669901185986, "tick_direction": 3, "price": 0.004, "mark_price": 0.00427668, "iv": 55.54, "instrument_name": "BTC-30DEC22-22000-C", "index_price": 17141.14, "direction": "buy", "amount": 9.2}, {"trade_seq": 3658, "trade_id": "237076941", "timestamp": 1669901185514, "tick_direction": 3, "price": 0.004, "mark_price": 0.00427668, "iv": 55.54, "instrument_name": "BTC-30DEC22-22000-C", "index_price": 17141.14, "direction": "sell", "amount": 10.0}, {"trade_seq": 3657, "trade_id": "237076940", "timestamp": 1669901185514, "tick_direction": 3, "price": 0.004, "mark_price": 0.00427668, "iv": 55.54, "instrument_name": "BTC-30DEC22-22000-C", "index_price": 17141.14, "direction": "sell", "amount": 8.3}, {"trade_seq": 3656, "trade_id": "237069493", "timestamp": 1669892228883, "tick_direction": 2, "price": 0.004, "mark_price": 0.00446629, "iv": 55.87, "instrument_name": "BTC-30DEC22-22000-C", "index_price": 17099.49, "direction": "sell", "amount": 0.1}, {"trade_seq": 3655, "trade_id": "237062945", "timestamp": 1669881866402, "tick_direction": 3, "price": 0.0045, "mark_price": 0.00452027, "iv": 57.36, "instrument_name": "BTC-30DEC22-22000-C", "index_price": 17076.27, "direction": "sell", "amount": 0.5}, {"trade_seq": 3654, "trade_id": "237057428", "timestamp": 1669873510426, "tick_direction": 2, "price": 0.0045, "mark_price": 0.00448936, "iv": 57.13, "instrument_name": "BTC-30DEC22-22000-C", "index_price": 17097.04, "direction": "sell", "amount": 0.2}, {"trade_seq": 3653, "trade_id": "237049740", "timestamp": 1669861844938, "tick_direction": 2, "price": 0.0048, "mark_price": 0.00496626, "iv": 57.42, "instrument_name": "BTC-30DEC22-22000-C", "index_price": 17117.31, "direction": "buy", "combo_id": "BTC-CSR12-30DEC22-19000_22000", "block_trade_id": "57878", "amount": 82.0}, {"trade_seq": 3652, "trade_id": "237047015", "timestamp": 1669858534652, "tick_direction": 2, "price": 0.0049, "mark_price": 0.00498771, "iv": 57.28, "instrument_name": "BTC-30DEC22-22000-C", "index_price": 17130.16, "direction": "sell", "combo_id": "BTC-CSR12-30DEC22-19000_22000", "block_trade_id": "57870", "amount": 100.0}, {"trade_seq": 3651, "trade_id": "237046995", "timestamp": 1669858505059, "tick_direction": 2, "price": 0.0051, "mark_price": 0.00498204, "iv": 57.8, "instrument_name": "BTC-30DEC22-22000-C", "index_price": 17130.03, "direction": "sell", "combo_id": "BTC-CSR12-30DEC22-19000_22000", "block_trade_id": "57869", "amount": 38.0}, {"trade_seq": 3650, "trade_id": "237042218", "timestamp": 1669855241217, "tick_direction": 2, "price": 0.0045, "mark_price": 0.00498524, "iv": 55.87, "instrument_name": "BTC-30DEC22-22000-C", "index_price": 17167.03, "direction": "sell", "combo_id": "BTC-CSR12-30DEC22-19000_22000", "block_trade_id": "57867", "amount": 100.0}, {"trade_seq": 3649, "trade_id": "237036012", "timestamp": 1669851771407, "tick_direction": 0, "price": 0.0056, "mark_price": 0.00534757, "iv": 58.5, "instrument_name": "BTC-30DEC22-22000-C", "index_price": 17189.61, "direction": "sell", "combo_id": "BTC-CSR12-30DEC22-19000_22000", "block_trade_id": "57861", "amount": 30.0}, {"trade_seq": 3648, "trade_id": "237035877", "timestamp": 1669851673675, "tick_direction": 2, "price": 0.005, "mark_price": 0.00531006, "iv": 57.15, "instrument_name": "BTC-30DEC22-22000-C", "index_price": 17182.66, "direction": "sell", "combo_id": "BTC-CSR12-30DEC22-19000_22000", "block_trade_id": "57860", "amount": 50.0}, {"trade_seq": 3647, "trade_id": "237014105", "timestamp": 1669837642268, "tick_direction": 1, "price": 0.0055, "mark_price": 0.00519442, "iv": 59.59, "instrument_name": "BTC-30DEC22-22000-C", "index_price": 17043.54, "direction": "buy", "amount": 10.1}, {"trade_seq": 3646, "trade_id": "237014104", "timestamp": 1669837642268, "tick_direction": 1, "price": 0.0055, "mark_price": 0.00519442, "iv": 59.59, "instrument_name": "BTC-30DEC22-22000-C", "index_price": 17043.54, "direction": "buy", "amount": 8.0}, {"trade_seq": 3645, "trade_id": "237014103", "timestamp": 1669837642268, "tick_direction": 1, "price": 0.0055, "mark_price": 0.00519442, "iv": 59.59, "instrument_name": "BTC-30DEC22-22000-C", "index_price": 17043.54, "direction": "buy", "amount": 1.9}