{"trades": [{"trade_seq": 1096, "trade_id": "3404376", "timestamp": 1514515734093, "tick_direction": 1, "price": 0.33, "mark_price": 0.33333289, "iv": 0.0, "instrument_name": "BTC-29DEC17-10000-C", "index_price": 15000.67, "direction": "buy", "amount": 0.2}, {"trade_seq": 1095, "trade_id": "3404362", "timestamp": 1514515729222, "tick_direction": 0, "price": 0.33, "mark_price": 0.33328844, "iv": 0.0, "instrument_name": "BTC-29DEC17-10000-C", "index_price": 14997.08, "direction": "buy", "amount": 0.3}, {"trade_seq": 1094, "trade_id": "3403921", "timestamp": 1514514887522, "tick_direction": 0, "price": 0.319, "mark_price": 0.32329143, "iv": 0.0, "instrument_name": "BTC-29DEC17-10000-C", "index_price": 14812.4, "direction": "buy", "amount": 1.0}, {"trade_seq": 1093, "trade_id": "3397950", "timestamp": 1514505541275, "tick_direction": 2, "price": 0.3043, "mark_price": 0.30419874, "iv": 437.06, "instrument_name": "BTC-29DEC17-10000-C", "index_price": 14482.16, "direction": "buy", "amount": 0.1}, {"trade_seq": 1092, "trade_id": "3333162", "timestamp": 1514393310092, "tick_direction": 2, "price": 0.33, "mark_price": 0.33293849, "iv": 0.0, "instrument_name": "BTC-29DEC17-10000-C", "index_price": 14899.92, "direction": "buy", "amount": 0.2}, {"trade_seq": 1091, "trade_id": "3314723", "timestamp": 1514347872997, "tick_direction": 0, "price": 0.385, "mark_price": 0.38650329, "iv": 0.0, "instrument_name": "BTC-29DEC17-10000-C", "index_price": 15988.77, "direction": "buy", "amount": 0.1}, {"trade_seq": 1090, "trade_id": "3230785", "timestamp": 1514119110067, "tick_direction": 0, "price": 0.2921, "mark_price": 0.19400034, "iv": 451.86, "instrument_name": "BTC-29DEC17-10000-C", "index_price": 12661.3, "direction": "buy", "amount": 0.1}, {"trade_seq": 1089, "trade_id": "3230784", "timestamp": 1514119110067, "tick_direction": 2, "price": 0.2475, "mark_price": 0.19400034, "iv": 328.68, "instrument_name": "BTC-29DEC17-10000-C", "index_price": 12661.3, "direction": "sell", "amount": 0.1}, {"trade_seq": 1088, "trade_id": "3188705", "timestamp": 1514022069555, "tick_direction": 2, "price": 0.2943, "mark_price": 0.29646387, "iv": 0.0, "instrument_name": "BTC-29DEC17-10000-C", "index_price": 14499.49, "direction": "sell", "amount": 0.5}, {"trade_seq": 1087, "trade_id": "3091557", "timestamp": 1513919020468, "tick_direction": 2, "price": 0.3645, "mark_price": 0.33617121, "iv": 299.6, "instrument_name": "BTC-29DEC17-10000-C", "index_price": 14987.83, "direction": "buy", "amount": 1.0}, {"trade_seq": 1086, "trade_id": "3011050", "timestamp": 1513789992497, "tick_direction": 2, "price": 0.4212, "mark_price": 0.40598276, "iv": 269.17, "instrument_name": "BTC-29DEC17-10000-C", "index_price": 16635.65, "direction": "buy", "amount": 2.5}, {"trade_seq": 1085, "trade_id": "3010934", "timestamp": 1513789710165, "tick_direction": 2, "price": 0.4225, "mark_price": 0.41165588, "iv": 250.24, "instrument_name": "BTC-29DEC17-10000-C", "index_price": 16740.98, "direction": "buy", "amount": 1.0}, {"trade_seq": 1084, "trade_id": "3005363", "timestamp": 1513775656731, "tick_direction": 0, "price": 0.445, "mark_price": 0.43976745, "iv": 226.79, "instrument_name": "BTC-29DEC17-10000-C", "index_price": 17708.51, "direction": "sell", "amount": 0.3}, {"trade_seq": 1083, "trade_id": "2982778", "timestamp": 1513730455215, "tick_direction": 2, "price": 0.3744, "mark_price": 0.38668734, "iv": 0.0, "instrument_name": "BTC-29DEC17-10000-C", "index_price": 16054.03, "direction": "sell", "amount": 0.1}, {"trade_seq": 1082, "trade_id": "2948078", "timestamp": 1513676930357, "tick_direction": 3, "price": 0.479, "mark_price": 0.4734606, "iv": 235.14, "instrument_name": "BTC-29DEC17-10000-C", "index_price": 18593.91, "direction": "sell", "amount": 1.8}, {"trade_seq": 1081, "trade_id": "2948072", "timestamp": 1513676928991, "tick_direction": 2, "price": 0.479, "mark_price": 0.47381956, "iv": 232.28, "instrument_name": "BTC-29DEC17-10000-C", "index_price": 18593.91, "direction": "sell", "amount": 1.2}, {"trade_seq": 1080, "trade_id": "2947882", "timestamp": 1513676460934, "tick_direction": 2, "price": 0.4831, "mark_price": 0.48205568, "iv": 181.74, "instrument_name": "BTC-29DEC17-10000-C", "index_price": 18679.07, "direction": "sell", "amount": 0.1}, {"trade_seq": 1079, "trade_id": "2904739", "timestamp": 1513600128670, "tick_direction": 0, "price": 0.4977, "mark_price": 0.49663027, "iv": 183.68, "instrument_name": "BTC-29DEC17-10000-C", "index_price": 19223.05, "direction": "sell", "amount": 0.3}, {"trade_seq": 1078, "trade_id": "2851880", "timestamp": 1513557276612, "tick_direction": 0, "price": 0.4781, "mark_price": 0.47165979, "iv": 225.98, "instrument_name": "BTC-29DEC17-10000-C", "index_price": 18593.44, "direction": "buy", "amount": 1.0}, {"trade_seq": 1077, "trade_id": "2851070", "timestamp": 1513557258493, "tick_direction": 2, "price": 0.4732, "mark_price": 0.45964401, "iv": 260.28, "instrument_name": "BTC-29DEC17-10000-C", "index_price": 19306.44, "direction": "sell", "amount": 1.0}, {"trade_seq": 1076, "trade_id": "2812258", "timestamp": 1513538796898, "tick_direction": 2, "price": 0.504, "mark_price": 0.49626953, "iv": 248.63, "instrument_name": "BTC-29DEC17-10000-C", "index_price": 18833.38, "direction": "sell", "amount": 0.2}, {"trade_seq": 1075, "trade_id": "2781597", "timestamp": 1513501339529, "tick_direction": 1, "price": 0.5263, "mark_price": 0.52102072, "iv": 239.86, "instrument_name": "BTC-29DEC17-10000-C", "index_price": 19435.28, "direction": "sell", "amount": 0.5}, {"trade_seq": 1074, "trade_id": "2780568", "timestamp": 1513499422086, "tick_direction": 0, "price": 0.5263, "mark_price": 0.52218795, "iv": 229.56, "instrument_name": "BTC-29DEC17-10000-C", "index_price": 19463.81, "direction": "sell", "amount": 1.0}, {"trade_seq": 1073, "trade_id": "2765978", "timestamp": 1513455915203, "tick_direction": 0, "price": 0.51, "mark_price": 0.51029917, "iv": 111.17, "instrument_name": "BTC-29DEC17-10000-C", "index_price": 19281.81, "direction": "sell", "amount": 0.5}, {"trade_seq": 1072, "trade_id": "2764783", "timestamp": 1513453969460, "tick_direction": 0, "price": 0.5052, "mark_price": 0.50530162, "iv": 144.51, "instrument_name": "BTC-29DEC17-10000-C", "index_price": 19210.77, "direction": "sell", "amount": 1.5}, {"trade_seq": 1071, "trade_id": "2764718", "timestamp": 1513453550847, "tick_direction": 1, "price": 0.505, "mark_price": 0.50309017, "iv": 191.67, "instrument_name": "BTC-29DEC17-10000-C", "index_price": 19084.33, "direction": "buy", "amount": 0.5}, {"trade_seq": 1070, "trade_id": "2764682", "timestamp": 1513453288104, "tick_direction": 0, "price": 0.505, "mark_price": 0.50302394, "iv": 192.51, "instrument_name": "BTC-29DEC17-10000-C", "index_price": 19075.31, "direction": "buy", "amount": 1.0}, {"trade_seq": 1069, "trade_id": "2764149", "timestamp": 1513451438147, "tick_direction": 1, "price": 0.499, "mark_price": 0.49665048, "iv": 194.59, "instrument_name": "BTC-29DEC17-10000-C", "index_price": 18884.32, "direction": "buy", "amount": 0.3}, {"trade_seq": 1068, "trade_id": "2764148", "timestamp": 1513451437126, "tick_direction": 0, "price": 0.499, "mark_price": 0.49665048, "iv": 194.59, "instrument_name": "BTC-29DEC17-10000-C", "index_price": 18884.32, "direction": "buy", "amount": 1.5}, {"trade_seq": 1067, "trade_id": "2763983", "timestamp": 1513450690466, "tick_direction": 1, "price": 0.4984, "mark_price": 0.49480232, "iv": 206.85, "instrument_name": "BTC-29DEC17-10000-C", "index_price": 18863.97, "direction": "buy", "amount": 0.2}, {"trade_seq": 1066, "trade_id": "2763941", "timestamp": 1513450253753, "tick_direction": 0, "price": 0.4984, "mark_price": 0.49480256, "iv": 206.82, "instrument_name": "BTC-29DEC17-10000-C", "index_price": 18853.5, "direction": "buy", "amount": 1.0}, {"trade_seq": 1065, "trade_id": "2763930", "timestamp": 1513450227815, "tick_direction": 0, "price": 0.4974, "mark_price": 0.49449328, "iv": 199.83, "instrument_name": "BTC-29DEC17-10000-C", "index_price": 18856.83, "direction": "buy", "amount": 0.3}, {"trade_seq": 1064, "trade_id": "2763925", "timestamp": 1513450185019, "tick_direction": 0, "price": 0.4948, "mark_price": 0.49449378, "iv": 159.78, "instrument_name": "BTC-29DEC17-10000-C", "index_price": 18857.37, "direction": "buy", "amount": 1.1}, {"trade_seq": 1063, "trade_id": "2752054", "timestamp": 1513429934772, "tick_direction": 0, "price": 0.4833, "mark_price": 0.47958536, "iv": 200.0, "instrument_name": "BTC-29DEC17-10000-C", "index_price": 18176.83, "direction": "buy", "amount": 0.2}, {"trade_seq": 1062, "trade_id": "2751810", "timestamp": 1513427517413, "tick_direction": 0, "price": 0.4788, "mark_price": 0.47465144, "iv": 201.46, "instrument_name": "BTC-29DEC17-10000-C", "index_price": 17184.61, "direction": "buy", "amount": 0.5}, {"trade_seq": 1061, "trade_id": "2714929", "timestamp": 1513331896118, "tick_direction": 0, "price": 0.4664, "mark_price": 0.46294477, "iv": 184.11, "instrument_name": "BTC-29DEC17-10000-C", "index_price": 17445.12, "direction": "sell", "amount": 0.1}, {"trade_seq": 1060, "trade_id": "2698057", "timestamp": 1513307150820, "tick_direction": 0, "price": 0.46, "mark_price": 0.45829346, "iv": 166.43, "instrument_name": "BTC-29DEC17-10000-C", "index_price": 17454.52, "direction": "buy", "amount": 1.0}, {"trade_seq": 1059, "trade_id": "2646990", "timestamp": 1513190374288, "tick_direction": 2, "price": 0.3999, "mark_price": 0.40076902, "iv": 144.59, "instrument_name": "BTC-29DEC17-10000-C", "index_price": 15868.26, "direction": "buy", "amount": 0.5}, {"trade_seq": 1058, "trade_id": "2617352", "timestamp": 1513112466736, "tick_direction": 2, "price": 0.4509, "mark_price": 0.44883115, "iv": 165.7, "instrument_name": "BTC-29DEC17-10000-C", "index_price": 17235.83, "direction": "sell", "amount": 0.2}, {"trade_seq": 1057, "trade_id": "2614231", "timestamp": 1513108659289, "tick_direction": 2, "price": 0.4579, "mark_price": 0.45596735, "iv": 165.76, "instrument_name": "BTC-29DEC17-10000-C", "index_price": 17416.56, "direction": "buy", "amount": 0.2}, {"trade_seq": 1056, "trade_id": "2601604", "timestamp": 1513086361179, "tick_direction": 0, "price": 0.46, "mark_price": 0.45651834, "iv": 175.23, "instrument_name": "BTC-29DEC17-10000-C", "index_price": 17135.09, "direction": "buy", "amount": 1.3}, {"trade_seq": 1055, "trade_id": "2595872", "timestamp": 1513071909648, "tick_direction": 0, "price": 0.445, "mark_price": 0.44254206, "iv": 166.36, "instrument_name": "BTC-29DEC17-10000-C", "index_price": 16970.62, "direction": "sell", "amount": 0.2}, {"trade_seq": 1054, "trade_id": "2591956", "timestamp": 1513058274149, "tick_direction": 0, "price": 0.4341, "mark_price": 0.43139613, "iv": 165.87, "instrument_name": "BTC-29DEC17-10000-C", "index_price": 16609.98, "direction": "sell", "amount": 0.2}, {"trade_seq": 1053, "trade_id": "2591014", "timestamp": 1513055725407, "tick_direction": 2, "price": 0.4293, "mark_price": 0.42568742, "iv": 165.98, "instrument_name": "BTC-29DEC17-10000-C", "index_price": 14353.77, "direction": "sell", "amount": 0.1}, {"trade_seq": 1052, "trade_id": "2579923", "timestamp": 1513029530098, "tick_direction": 2, "price": 0.4509, "mark_price": 0.44734214, "iv": 169.12, "instrument_name": "BTC-29DEC17-10000-C", "index_price": 17204.14, "direction": "buy", "amount": 0.1}, {"trade_seq": 1051, "trade_id": "2579919", "timestamp": 1513029521037, "tick_direction": 0, "price": 0.4513, "mark_price": 0.44734273, "iv": 171.31, "instrument_name": "BTC-29DEC17-10000-C", "index_price": 17201.94, "direction": "sell", "amount": 0.1}, {"trade_seq": 1050, "trade_id": "2579914", "timestamp": 1513029514170, "tick_direction": 2, "price": 0.4509, "mark_price": 0.44631305, "iv": 174.38, "instrument_name": "BTC-29DEC17-10000-C", "index_price": 17201.05, "direction": "sell", "amount": 0.1}, {"trade_seq": 1049, "trade_id": "2576060", "timestamp": 1513023999611, "tick_direction": 0, "price": 0.4559, "mark_price": 0.45215464, "iv": 171.03, "instrument_name": "BTC-29DEC17-10000-C", "index_price": 17327.98, "direction": "sell", "amount": 0.3}, {"trade_seq": 1048, "trade_id": "2570880", "timestamp": 1513021394227, "tick_direction": 0, "price": 0.44, "mark_price": 0.43515157, "iv": 172.9, "instrument_name": "BTC-29DEC17-10000-C", "index_price": 16679.27, "direction": "buy", "amount": 0.1}, {"trade_seq": 1047, "trade_id": "2561751", "timestamp": 1512994825283, "tick_direction": 0, "price": 0.4398, "mark_price": 0.42471998, "iv": 206.91, "instrument_name": "BTC-29DEC17-10000-C", "index_price": 16629.77, "direction": "buy", "amount": 0.2}, {"trade_seq": 1046, "trade_id": "2500211", "timestamp": 1512926481643, "tick_direction": 0, "price": 0.3858, "mark_price": 0.37647733, "iv": 165.0, "instrument_name": "BTC-29DEC17-10000-C", "index_price": 15598.76, "direction": "sell", "amount": 1.1}, {"trade_seq": 1045, "trade_id": "2475767", "timestamp": 1512911640559, "tick_direction": 0, "price": 0.3666, "mark_price": 0.33719199, "iv": 196.89, "instrument_name": "BTC-29DEC17-10000-C", "index_price": 14512.4, "direction": "buy", "amount": 1.0}, {"trade_seq": 1044, "trade_id": "2475539", "timestamp": 1512911377906, "tick_direction": 0, "price": 0.3552, "mark_price": 0.33301811, "iv": 180.11, "instrument_name": "BTC-29DEC17-10000-C", "index_price": 14381.44, "direction": "buy", "amount": 0.1}, {"trade_seq": 1043, "trade_id": "2466439", "timestamp": 1512894295242, "tick_direction": 3, "price": 0.3107, "mark_price": 0.28250799, "iv": 176.79, "instrument_name": "BTC-29DEC17-10000-C", "index_price": 13785.88, "direction": "sell", "amount": 1.0}, {"trade_seq": 1042, "trade_id": "2466430", "timestamp": 1512894285093, "tick_direction": 3, "price": 0.3107, "mark_price": 0.28421513, "iv": 174.19, "instrument_name": "BTC-29DEC17-10000-C", "index_price": 13584.22, "direction": "sell", "amount": 0.1}, {"trade_seq": 1041, "trade_id": "2466355", "timestamp": 1512894265533, "tick_direction": 2, "price": 0.3107, "mark_price": 0.28466379, "iv": 173.5, "instrument_name": "BTC-29DEC17-10000-C", "index_price": 13652.92, "direction": "sell", "amount": 0.1}, {"trade_seq": 1040, "trade_id": "2455610", "timestamp": 1512881930769, "tick_direction": 2, "price": 0.33, "mark_price": 0.31275723, "iv": 162.94, "instrument_name": "BTC-29DEC17-10000-C", "index_price": 13898.66, "direction": "sell", "amount": 0.5}, {"trade_seq": 1039, "trade_id": "2441117", "timestamp": 1512865475613, "tick_direction": 2, "price": 0.3456, "mark_price": 0.3260462, "iv": 170.78, "instrument_name": "BTC-29DEC17-10000-C", "index_price": 14496.57, "direction": "sell", "amount": 1.1}, {"trade_seq": 1038, "trade_id": "2416733", "timestamp": 1512835991787, "tick_direction": 2, "price": 0.3466, "mark_price": 0.33437818, "iv": 152.86, "instrument_name": "BTC-29DEC17-10000-C", "index_price": 14890.19, "direction": "buy", "amount": 0.3}, {"trade_seq": 1037, "trade_id": "2412941", "timestamp": 1512829301946, "tick_direction": 2, "price": 0.363, "mark_price": 0.35105099, "iv": 155.97, "instrument_name": "BTC-29DEC17-10000-C", "index_price": 15227.62, "direction": "sell", "amount": 1.0}, {"trade_seq": 1036, "trade_id": "2343884", "timestamp": 1512734350458, "tick_direction": 2, "price": 0.3974, "mark_price": 0.35980226, "iv": 211.09, "instrument_name": "BTC-29DEC17-10000-C", "index_price": 14920.26, "direction": "buy", "amount": 1.3}, {"trade_seq": 1035, "trade_id": "2327834", "timestamp": 1512723390216, "tick_direction": 2, "price": 0.41, "mark_price": 0.39401003, "iv": 174.78, "instrument_name": "BTC-29DEC17-10000-C", "index_price": 15921.52, "direction": "sell", "amount": 1.0}, {"trade_seq": 1034, "trade_id": "2290919", "timestamp": 1512701657221, "tick_direction": 2, "price": 0.4364, "mark_price": 0.43080568, "iv": 149.82, "instrument_name": "BTC-29DEC17-10000-C", "index_price": 16817.49, "direction": "buy", "amount": 0.1}, {"trade_seq": 1033, "trade_id": "2284016", "timestamp": 1512698448028, "tick_direction": 0, "price": 0.438, "mark_price": 0.43212525, "iv": 151.4, "instrument_name": "BTC-29DEC17-10000-C", "index_price": 17064.07, "direction": "buy", "amount": 0.1}, {"trade_seq": 1032, "trade_id": "2284014", "timestamp": 1512698447324, "tick_direction": 2, "price": 0.4367, "mark_price": 0.43212525, "iv": 145.11, "instrument_name": "BTC-29DEC17-10000-C", "index_price": 17064.07, "direction": "sell", "amount": 0.1}, {"trade_seq": 1031, "trade_id": "2283351", "timestamp": 1512698272349, "tick_direction": 0, "price": 0.4422, "mark_price": 0.43685657, "iv": 150.24, "instrument_name": "BTC-29DEC17-10000-C", "index_price": 17113.8, "direction": "buy", "amount": 0.1}, {"trade_seq": 1030, "trade_id": "2279977", "timestamp": 1512695195371, "tick_direction": 2, "price": 0.4343, "mark_price": 0.43518979, "iv": 96.1, "instrument_name": "BTC-29DEC17-10000-C", "index_price": 16877.01, "direction": "sell", "amount": 1.0}, {"trade_seq": 1029, "trade_id": "2279715", "timestamp": 1512694321789, "tick_direction": 0, "price": 0.4436, "mark_price": 0.43731382, "iv": 154.7, "instrument_name": "BTC-29DEC17-10000-C", "index_price": 16920.55, "direction": "sell", "amount": 0.1}, {"trade_seq": 1028, "trade_id": "2274607", "timestamp": 1512691088254, "tick_direction": 0, "price": 0.4394, "mark_price": 0.43140867, "iv": 160.02, "instrument_name": "BTC-29DEC17-10000-C", "index_price": 16678.38, "direction": "sell", "amount": 0.1}, {"trade_seq": 1027, "trade_id": "2265403", "timestamp": 1512684941298, "tick_direction": 1, "price": 0.42, "mark_price": 0.40613025, "iv": 171.48, "instrument_name": "BTC-29DEC17-10000-C", "index_price": 16157.37, "direction": "sell", "amount": 0.3}, {"trade_seq": 1026, "trade_id": "2265400", "timestamp": 1512684940632, "tick_direction": 1, "price": 0.42, "mark_price": 0.40613025, "iv": 171.48, "instrument_name": "BTC-29DEC17-10000-C", "index_price": 16157.37, "direction": "sell", "amount": 1.5}, {"trade_seq": 1025, "trade_id": "2265398", "timestamp": 1512684939312, "tick_direction": 0, "price": 0.42, "mark_price": 0.40613025, "iv": 171.48, "instrument_name": "BTC-29DEC17-10000-C", "index_price": 16157.37, "direction": "buy", "amount": 0.1}, {"trade_seq": 1024, "trade_id": "2265397", "timestamp": 1512684939312, "tick_direction": 1, "price": 0.4197, "mark_price": 0.40613025, "iv": 170.58, "instrument_name": "BTC-29DEC17-10000-C", "index_price": 16157.37, "direction": "sell", "amount": 0.1}, {"trade_seq": 1023, "trade_id": "2265387", "timestamp": 1512684908527, "tick_direction": 1, "price": 0.4197, "mark_price": 0.40677104, "iv": 168.85, "instrument_name": "BTC-29DEC17-10000-C", "index_price": 16152.98, "direction": "sell", "amount": 2.0}, {"trade_seq": 1022, "trade_id": "2265377", "timestamp": 1512684892616, "tick_direction": 0, "price": 0.4197, "mark_price": 0.40625, "iv": 170.25, "instrument_name": "BTC-29DEC17-10000-C", "index_price": 16151.15, "direction": "sell", "amount": 0.1}, {"trade_seq": 1021, "trade_id": "2262211", "timestamp": 1512682092554, "tick_direction": 0, "price": 0.4087, "mark_price": 0.39581716, "iv": 165.03, "instrument_name": "BTC-29DEC17-10000-C", "index_price": 15955.91, "direction": "sell", "amount": 0.1}, {"trade_seq": 1020, "trade_id": "2219306", "timestamp": 1512665748383, "tick_direction": 0, "price": 0.3653, "mark_price": 0.33900639, "iv": 176.37, "instrument_name": "BTC-29DEC17-10000-C", "index_price": 15094.42, "direction": "buy", "amount": 1.0}, {"trade_seq": 1019, "trade_id": "2217689", "timestamp": 1512665658542, "tick_direction": 2, "price": 0.3542, "mark_price": 0.35708829, "iv": 88.57, "instrument_name": "BTC-29DEC17-10000-C", "index_price": 15413.2, "direction": "buy", "amount": 0.5}, {"trade_seq": 1018, "trade_id": "2211916", "timestamp": 1512664739681, "tick_direction": 2, "price": 0.3781, "mark_price": 0.37474125, "iv": 124.87, "instrument_name": "BTC-29DEC17-10000-C", "index_price": 15620.74, "direction": "buy", "amount": 0.5}, {"trade_seq": 1017, "trade_id": "2211914", "timestamp": 1512664738981, "tick_direction": 0, "price": 0.3789, "mark_price": 0.37474125, "iv": 128.15, "instrument_name": "BTC-29DEC17-10000-C", "index_price": 15620.74, "direction": "sell", "amount": 2.5}, {"trade_seq": 1016, "trade_id": "2195919", "timestamp": 1512661266542, "tick_direction": 0, "price": 0.3742, "mark_price": 0.35304935, "iv": 170.0, "instrument_name": "BTC-29DEC17-10000-C", "index_price": 14790.48, "direction": "buy", "amount": 0.9}, {"trade_seq": 1015, "trade_id": "2195918", "timestamp": 1512661266542, "tick_direction": 0, "price": 0.3678, "mark_price": 0.35304935, "iv": 155.06, "instrument_name": "BTC-29DEC17-10000-C", "index_price": 14790.48, "direction": "sell", "amount": 0.1}, {"trade_seq": 1014, "trade_id": "2190443", "timestamp": 1512655651227, "tick_direction": 0, "price": 0.36, "mark_price": 0.34942977, "iv": 141.74, "instrument_name": "BTC-29DEC17-10000-C", "index_price": 15189.54, "direction": "buy", "amount": 0.1}, {"trade_seq": 1013, "trade_id": "2190441", "timestamp": 1512655650373, "tick_direction": 0, "price": 0.3594, "mark_price": 0.34942977, "iv": 140.1, "instrument_name": "BTC-29DEC17-10000-C", "index_price": 15189.54, "direction": "sell", "amount": 0.1}, {"trade_seq": 1012, "trade_id": "2190440", "timestamp": 1512655649600, "tick_direction": 1, "price": 0.3586, "mark_price": 0.34934947, "iv": 138.06, "instrument_name": "BTC-29DEC17-10000-C", "index_price": 15186.31, "direction": "sell", "amount": 0.1}, {"trade_seq": 1011, "trade_id": "2190439", "timestamp": 1512655648853, "tick_direction": 0, "price": 0.3586, "mark_price": 0.34934947, "iv": 138.06, "instrument_name": "BTC-29DEC17-10000-C", "index_price": 15186.31, "direction": "sell", "amount": 0.1}, {"trade_seq": 1010, "trade_id": "2188801", "timestamp": 1512652731169, "tick_direction": 0, "price": 0.3579, "mark_price": 0.34106303, "iv": 155.06, "instrument_name": "BTC-29DEC17-10000-C", "index_price": 14972.35, "direction": "sell", "amount": 0.2}, {"trade_seq": 1009, "trade_id": "2179856", "timestamp": 1512645768414, "tick_direction": 2, "price": 0.3202, "mark_price": 0.32635825, "iv": 0.0, "instrument_name": "BTC-29DEC17-10000-C", "index_price": 14883.49, "direction": "buy", "amount": 1.1}, {"trade_seq": 1008, "trade_id": "2179343", "timestamp": 1512645260132, "tick_direction": 0, "price": 0.3452, "mark_price": 0.32170518, "iv": 163.32, "instrument_name": "BTC-29DEC17-10000-C", "index_price": 14777.32, "direction": "buy", "amount": 0.8}, {"trade_seq": 1007, "trade_id": "2179342", "timestamp": 1512645260132, "tick_direction": 2, "price": 0.3411, "mark_price": 0.32170518, "iv": 155.02, "instrument_name": "BTC-29DEC17-10000-C", "index_price": 14777.32, "direction": "sell", "amount": 0.2}, {"trade_seq": 1006, "trade_id": "2177715", "timestamp": 1512644836286, "tick_direction": 2, "price": 0.3494, "mark_price": 0.33318801, "iv": 151.24, "instrument_name": "BTC-29DEC17-10000-C", "index_price": 15011.33, "direction": "sell", "amount": 0.1}, {"trade_seq": 1005, "trade_id": "2176931", "timestamp": 1512644420844, "tick_direction": 0, "price": 0.362, "mark_price": 0.33873576, "iv": 168.13, "instrument_name": "BTC-29DEC17-10000-C", "index_price": 15105.7, "direction": "buy", "amount": 0.4}, {"trade_seq": 1004, "trade_id": "2176930", "timestamp": 1512644420844, "tick_direction": 1, "price": 0.3544, "mark_price": 0.33873576, "iv": 151.47, "instrument_name": "BTC-29DEC17-10000-C", "index_price": 15105.7, "direction": "sell", "amount": 0.6}, {"trade_seq": 1003, "trade_id": "2176925", "timestamp": 1512644410184, "tick_direction": 0, "price": 0.3544, "mark_price": 0.33873576, "iv": 151.47, "instrument_name": "BTC-29DEC17-10000-C", "index_price": 15104.38, "direction": "sell", "amount": 1.0}, {"trade_seq": 1002, "trade_id": "2174464", "timestamp": 1512641368019, "tick_direction": 2, "price": 0.345, "mark_price": 0.33391428, "iv": 139.18, "instrument_name": "BTC-29DEC17-10000-C", "index_price": 14927.0, "direction": "sell", "amount": 1.0}, {"trade_seq": 1001, "trade_id": "2174361", "timestamp": 1512641317220, "tick_direction": 0, "price": 0.352, "mark_price": 0.33571965, "iv": 151.9, "instrument_name": "BTC-29DEC17-10000-C", "index_price": 14936.53, "direction": "sell", "amount": 1.0}, {"trade_seq": 1000, "trade_id": "2172996", "timestamp": 1512638427153, "tick_direction": 2, "price": 0.3263, "mark_price": 0.32786482, "iv": 98.42, "instrument_name": "BTC-29DEC17-10000-C", "index_price": 14710.23, "direction": "buy", "amount": 1.0}, {"trade_seq": 999, "trade_id": "2172817", "timestamp": 1512638165128, "tick_direction": 0, "price": 0.3275, "mark_price": 0.32782438, "iv": 103.72, "instrument_name": "BTC-29DEC17-10000-C", "index_price": 14693.43, "direction": "buy", "amount": 1.0}, {"trade_seq": 998, "trade_id": "2172700", "timestamp": 1512638014213, "tick_direction": 1, "price": 0.325, "mark_price": 0.3263, "iv": 97.81, "instrument_name": "BTC-29DEC17-10000-C", "index_price": 14675.89, "direction": "buy", "amount": 1.0}, {"trade_seq": 997, "trade_id": "2172673", "timestamp": 1512637992502, "tick_direction": 0, "price": 0.325, "mark_price": 0.32645, "iv": 96.28, "instrument_name": "BTC-29DEC17-10000-C", "index_price": 14679.62, "direction": "buy", "amount": 1.0}, {"trade_seq": 996, "trade_id": "2172533", "timestamp": 1512637783625, "tick_direction": 3, "price": 0.3196, "mark_price": 0.32584212, "iv": 47.2, "instrument_name": "BTC-29DEC17-10000-C", "index_price": 14676.66, "direction": "buy", "amount": 0.7}, {"trade_seq": 995, "trade_id": "2172529", "timestamp": 1512637773347, "tick_direction": 2, "price": 0.3196, "mark_price": 0.32507487, "iv": 0.0, "instrument_name": "BTC-29DEC17-10000-C", "index_price": 14699.33, "direction": "buy", "amount": 1.0}, {"trade_seq": 994, "trade_id": "2172528", "timestamp": 1512637772742, "tick_direction": 2, "price": 0.3216, "mark_price": 0.32507487, "iv": 80.05, "instrument_name": "BTC-29DEC17-10000-C", "index_price": 14673.68, "direction": "buy", "amount": 0.3}, {"trade_seq": 993, "trade_id": "2172001", "timestamp": 1512637112561, "tick_direction": 2, "price": 0.328, "mark_price": 0.32705, "iv": 107.17, "instrument_name": "BTC-29DEC17-10000-C", "index_price": 14714.75, "direction": "buy", "amount": 2.0}, {"trade_seq": 992, "trade_id": "2171231", "timestamp": 1512636517453, "tick_direction": 2, "price": 0.33, "mark_price": 0.32760112, "iv": 109.5, "instrument_name": "BTC-29DEC17-10000-C", "index_price": 14653.6, "direction": "buy", "amount": 1.0}, {"trade_seq": 991, "trade_id": "2169848", "timestamp": 1512635836565, "tick_direction": 0, "price": 0.335, "mark_price": 0.33074115, "iv": 119.78, "instrument_name": "BTC-29DEC17-10000-C", "index_price": 14641.99, "direction": "buy", "amount": 1.0}, {"trade_seq": 990, "trade_id": "2168897", "timestamp": 1512634822767, "tick_direction": 0, "price": 0.3225, "mark_price": 0.32114842, "iv": 109.69, "instrument_name": "BTC-29DEC17-10000-C", "index_price": 14539.53, "direction": "buy", "amount": 1.0}, {"trade_seq": 989, "trade_id": "2168880", "timestamp": 1512634793115, "tick_direction": 1, "price": 0.3223, "mark_price": 0.32001253, "iv": 108.47, "instrument_name": "BTC-29DEC17-10000-C", "index_price": 14524.52, "direction": "buy", "amount": 0.4}, {"trade_seq": 988, "trade_id": "2168497", "timestamp": 1512633942457, "tick_direction": 0, "price": 0.3223, "mark_price": 0.31635, "iv": 122.61, "instrument_name": "BTC-29DEC17-10000-C", "index_price": 14388.05, "direction": "buy", "amount": 1.6}, {"trade_seq": 987, "trade_id": "2168496", "timestamp": 1512633942457, "tick_direction": 0, "price": 0.3217, "mark_price": 0.31635, "iv": 121.01, "instrument_name": "BTC-29DEC17-10000-C", "index_price": 14388.05, "direction": "sell", "amount": 0.4}, {"trade_seq": 986, "trade_id": "2168267", "timestamp": 1512633546483, "tick_direction": 2, "price": 0.3175, "mark_price": 0.3119892, "iv": 121.04, "instrument_name": "BTC-29DEC17-10000-C", "index_price": 14345.29, "direction": "buy", "amount": 1.0}, {"trade_seq": 985, "trade_id": "2166135", "timestamp": 1512627323077, "tick_direction": 1, "price": 0.32, "mark_price": 0.31572215, "iv": 115.78, "instrument_name": "BTC-29DEC17-10000-C", "index_price": 14363.45, "direction": "buy", "amount": 0.4}, {"trade_seq": 984, "trade_id": "2165978", "timestamp": 1512626994016, "tick_direction": 0, "price": 0.32, "mark_price": 0.31478203, "iv": 118.31, "instrument_name": "BTC-29DEC17-10000-C", "index_price": 14332.76, "direction": "buy", "amount": 0.6}, {"trade_seq": 983, "trade_id": "2165977", "timestamp": 1512626994016, "tick_direction": 2, "price": 0.3191, "mark_price": 0.31478203, "iv": 115.78, "instrument_name": "BTC-29DEC17-10000-C", "index_price": 14332.76, "direction": "sell", "amount": 0.4}, {"trade_seq": 982, "trade_id": "2165732", "timestamp": 1512626326327, "tick_direction": 0, "price": 0.3248, "mark_price": 0.31037055, "iv": 139.68, "instrument_name": "BTC-29DEC17-10000-C", "index_price": 14293.85, "direction": "buy", "amount": 1.0}, {"trade_seq": 981, "trade_id": "2165635", "timestamp": 1512625867066, "tick_direction": 3, "price": 0.3129, "mark_price": 0.31115471, "iv": 107.78, "instrument_name": "BTC-29DEC17-10000-C", "index_price": 14289.1, "direction": "buy", "amount": 1.5}, {"trade_seq": 980, "trade_id": "2165629", "timestamp": 1512625858751, "tick_direction": 3, "price": 0.3129, "mark_price": 0.31174813, "iv": 105.9, "instrument_name": "BTC-29DEC17-10000-C", "index_price": 14293.38, "direction": "buy", "amount": 1.5}, {"trade_seq": 979, "trade_id": "2165626", "timestamp": 1512625857666, "tick_direction": 3, "price": 0.3129, "mark_price": 0.31189188, "iv": 105.44, "instrument_name": "BTC-29DEC17-10000-C", "index_price": 14293.38, "direction": "buy", "amount": 1.5}, {"trade_seq": 978, "trade_id": "2165624", "timestamp": 1512625856635, "tick_direction": 3, "price": 0.3129, "mark_price": 0.31189188, "iv": 105.44, "instrument_name": "BTC-29DEC17-10000-C", "index_price": 14293.38, "direction": "buy", "amount": 1.5}, {"trade_seq": 977, "trade_id": "2165623", "timestamp": 1512625855961, "tick_direction": 3, "price": 0.3129, "mark_price": 0.31189188, "iv": 105.44, "instrument_name": "BTC-29DEC17-10000-C", "index_price": 14293.38, "direction": "buy", "amount": 1.5}, {"trade_seq": 976, "trade_id": "2165616", "timestamp": 1512625853654, "tick_direction": 2, "price": 0.3129, "mark_price": 0.31189232, "iv": 105.43, "instrument_name": "BTC-29DEC17-10000-C", "index_price": 14291.9, "direction": "sell", "amount": 2.5}, {"trade_seq": 975, "trade_id": "2164706", "timestamp": 1512624146736, "tick_direction": 1, "price": 0.3225, "mark_price": 0.30526726, "iv": 144.29, "instrument_name": "BTC-29DEC17-10000-C", "index_price": 14156.05, "direction": "buy", "amount": 0.5}, {"trade_seq": 974, "trade_id": "2164657", "timestamp": 1512624125140, "tick_direction": 0, "price": 0.3225, "mark_price": 0.30506878, "iv": 144.64, "instrument_name": "BTC-29DEC17-10000-C", "index_price": 14155.79, "direction": "buy", "amount": 0.5}, {"trade_seq": 973, "trade_id": "2164656", "timestamp": 1512624125140, "tick_direction": 0, "price": 0.3168, "mark_price": 0.30506878, "iv": 132.63, "instrument_name": "BTC-29DEC17-10000-C", "index_price": 14155.79, "direction": "sell", "amount": 0.5}, {"trade_seq": 972, "trade_id": "2161632", "timestamp": 1512619697403, "tick_direction": 0, "price": 0.3, "mark_price": 0.29306285, "iv": 119.82, "instrument_name": "BTC-29DEC17-10000-C", "index_price": 13933.6, "direction": "buy", "amount": 1.0}, {"trade_seq": 971, "trade_id": "2157093", "timestamp": 1512613302002, "tick_direction": 2, "price": 0.29, "mark_price": 0.28758784, "iv": 108.38, "instrument_name": "BTC-29DEC17-10000-C", "index_price": 13765.89, "direction": "buy", "amount": 1.0}, {"trade_seq": 970, "trade_id": "2156120", "timestamp": 1512612658553, "tick_direction": 0, "price": 0.305, "mark_price": 0.30007668, "iv": 115.69, "instrument_name": "BTC-29DEC17-10000-C", "index_price": 14051.86, "direction": "buy", "amount": 1.0}, {"trade_seq": 969, "trade_id": "2156085", "timestamp": 1512612576614, "tick_direction": 0, "price": 0.3, "mark_price": 0.29951732, "iv": 103.47, "instrument_name": "BTC-29DEC17-10000-C", "index_price": 14076.76, "direction": "buy", "amount": 1.0}, {"trade_seq": 968, "trade_id": "2155704", "timestamp": 1512612168673, "tick_direction": 2, "price": 0.2997, "mark_price": 0.303008, "iv": 90.02, "instrument_name": "BTC-29DEC17-10000-C", "index_price": 14089.15, "direction": "buy", "amount": 0.2}, {"trade_seq": 967, "trade_id": "2155703", "timestamp": 1512612165676, "tick_direction": 0, "price": 0.3116, "mark_price": 0.303008, "iv": 124.96, "instrument_name": "BTC-29DEC17-10000-C", "index_price": 14089.32, "direction": "sell", "amount": 0.1}, {"trade_seq": 966, "trade_id": "2154747", "timestamp": 1512610942064, "tick_direction": 0, "price": 0.3101, "mark_price": 0.30361952, "iv": 119.98, "instrument_name": "BTC-29DEC17-10000-C", "index_price": 14233.4, "direction": "sell", "amount": 0.3}, {"trade_seq": 965, "trade_id": "2154313", "timestamp": 1512610219430, "tick_direction": 2, "price": 0.305, "mark_price": 0.30350042, "iv": 106.61, "instrument_name": "BTC-29DEC17-10000-C", "index_price": 14149.34, "direction": "buy", "amount": 1.0}, {"trade_seq": 964, "trade_id": "2153912", "timestamp": 1512609742575, "tick_direction": 2, "price": 0.3053, "mark_price": 0.30110281, "iv": 113.91, "instrument_name": "BTC-29DEC17-10000-C", "index_price": 13946.95, "direction": "buy", "amount": 0.1}, {"trade_seq": 963, "trade_id": "2151338", "timestamp": 1512607410190, "tick_direction": 0, "price": 0.3114, "mark_price": 0.30061503, "iv": 129.43, "instrument_name": "BTC-29DEC17-10000-C", "index_price": 14133.24, "direction": "sell", "amount": 1.0}, {"trade_seq": 962, "trade_id": "2151233", "timestamp": 1512607289344, "tick_direction": 3, "price": 0.295, "mark_price": 0.29711487, "iv": 95.21, "instrument_name": "BTC-29DEC17-10000-C", "index_price": 14131.72, "direction": "buy", "amount": 0.5}, {"trade_seq": 961, "trade_id": "2151215", "timestamp": 1512607244233, "tick_direction": 3, "price": 0.295, "mark_price": 0.29413379, "iv": 99.76, "instrument_name": "BTC-29DEC17-10000-C", "index_price": 14108.92, "direction": "buy", "amount": 0.5}, {"trade_seq": 960, "trade_id": "2151142", "timestamp": 1512607073239, "tick_direction": 2, "price": 0.295, "mark_price": 0.29451049, "iv": 98.58, "instrument_name": "BTC-29DEC17-10000-C", "index_price": 14125.15, "direction": "buy", "amount": 1.0}, {"trade_seq": 959, "trade_id": "2150270", "timestamp": 1512606095176, "tick_direction": 1, "price": 0.3, "mark_price": 0.29887995, "iv": 105.33, "instrument_name": "BTC-29DEC17-10000-C", "index_price": 13988.5, "direction": "buy", "amount": 0.5}, {"trade_seq": 958, "trade_id": "2149573", "timestamp": 1512605791335, "tick_direction": 0, "price": 0.3, "mark_price": 0.2948, "iv": 115.72, "instrument_name": "BTC-29DEC17-10000-C", "index_price": 13945.22, "direction": "buy", "amount": 1.5}, {"trade_seq": 957, "trade_id": "2148383", "timestamp": 1512605012024, "tick_direction": 0, "price": 0.2998, "mark_price": 0.28323219, "iv": 137.72, "instrument_name": "BTC-29DEC17-10000-C", "index_price": 13728.77, "direction": "buy", "amount": 0.3}, {"trade_seq": 956, "trade_id": "2148382", "timestamp": 1512605012024, "tick_direction": 0, "price": 0.2972, "mark_price": 0.28323219, "iv": 132.79, "instrument_name": "BTC-29DEC17-10000-C", "index_price": 13728.77, "direction": "sell", "amount": 0.7}, {"trade_seq": 955, "trade_id": "2148239", "timestamp": 1512604909058, "tick_direction": 1, "price": 0.2825, "mark_price": 0.28106152, "iv": 105.65, "instrument_name": "BTC-29DEC17-10000-C", "index_price": 13722.14, "direction": "buy", "amount": 1.0}, {"trade_seq": 954, "trade_id": "2148231", "timestamp": 1512604901116, "tick_direction": 1, "price": 0.2825, "mark_price": 0.27985, "iv": 105.65, "instrument_name": "BTC-29DEC17-10000-C", "index_price": 13719.83, "direction": "buy", "amount": 0.5}, {"trade_seq": 953, "trade_id": "2148097", "timestamp": 1512604649603, "tick_direction": 0, "price": 0.2825, "mark_price": 0.27985, "iv": 105.75, "instrument_name": "BTC-29DEC17-10000-C", "index_price": 13700.19, "direction": "buy", "amount": 0.5}, {"trade_seq": 952, "trade_id": "2147165", "timestamp": 1512603797898, "tick_direction": 2, "price": 0.2718, "mark_price": 0.27222766, "iv": 95.86, "instrument_name": "BTC-29DEC17-10000-C", "index_price": 13558.63, "direction": "sell", "amount": 1.0}, {"trade_seq": 951, "trade_id": "2147164", "timestamp": 1512603797898, "tick_direction": 2, "price": 0.272, "mark_price": 0.27222766, "iv": 96.39, "instrument_name": "BTC-29DEC17-10000-C", "index_price": 13558.63, "direction": "sell", "amount": 2.5}, {"trade_seq": 950, "trade_id": "2147163", "timestamp": 1512603797898, "tick_direction": 2, "price": 0.2732, "mark_price": 0.27222766, "iv": 99.53, "instrument_name": "BTC-29DEC17-10000-C", "index_price": 13558.63, "direction": "buy", "amount": 1.5}, {"trade_seq": 949, "trade_id": "2146203", "timestamp": 1512602201702, "tick_direction": 1, "price": 0.279, "mark_price": 0.27359872, "iv": 114.21, "instrument_name": "BTC-29DEC17-10000-C", "index_price": 13528.94, "direction": "buy", "amount": 1.1}, {"trade_seq": 948, "trade_id": "2145930", "timestamp": 1512601850983, "tick_direction": 1, "price": 0.279, "mark_price": 0.27556973, "iv": 110.07, "instrument_name": "BTC-29DEC17-10000-C", "index_price": 13212.42, "direction": "buy", "amount": 1.0}, {"trade_seq": 947, "trade_id": "2145927", "timestamp": 1512601845769, "tick_direction": 1, "price": 0.279, "mark_price": 0.27538575, "iv": 110.47, "instrument_name": "BTC-29DEC17-10000-C", "index_price": 13572.39, "direction": "buy", "amount": 1.8}, {"trade_seq": 946, "trade_id": "2145885", "timestamp": 1512601768665, "tick_direction": 0, "price": 0.279, "mark_price": 0.27525859, "iv": 110.74, "instrument_name": "BTC-29DEC17-10000-C", "index_price": 13586.93, "direction": "sell", "amount": 1.1}, {"trade_seq": 945, "trade_id": "2145698", "timestamp": 1512601616864, "tick_direction": 0, "price": 0.2775, "mark_price": 0.27518981, "iv": 107.51, "instrument_name": "BTC-29DEC17-10000-C", "index_price": 13498.02, "direction": "buy", "amount": 1.0}, {"trade_seq": 944, "trade_id": "2145565", "timestamp": 1512601536452, "tick_direction": 2, "price": 0.2731, "mark_price": 0.26035566, "iv": 126.76, "instrument_name": "BTC-29DEC17-10000-C", "index_price": 12889.53, "direction": "sell", "amount": 0.5}, {"trade_seq": 943, "trade_id": "2145408", "timestamp": 1512601466275, "tick_direction": 2, "price": 0.2765, "mark_price": 0.27280451, "iv": 110.49, "instrument_name": "BTC-29DEC17-10000-C", "index_price": 13396.25, "direction": "buy", "amount": 1.0}, {"trade_seq": 942, "trade_id": "2145288", "timestamp": 1512601442930, "tick_direction": 0, "price": 0.2787, "mark_price": 0.27532765, "iv": 109.92, "instrument_name": "BTC-29DEC17-10000-C", "index_price": 13370.47, "direction": "buy", "amount": 1.0}, {"trade_seq": 941, "trade_id": "2145253", "timestamp": 1512601427047, "tick_direction": 2, "price": 0.2779, "mark_price": 0.27369003, "iv": 111.66, "instrument_name": "BTC-29DEC17-10000-C", "index_price": 13510.83, "direction": "buy", "amount": 1.0}, {"trade_seq": 940, "trade_id": "2143103", "timestamp": 1512600314252, "tick_direction": 0, "price": 0.2963, "mark_price": 0.27916184, "iv": 137.87, "instrument_name": "BTC-29DEC17-10000-C", "index_price": 13699.98, "direction": "sell", "amount": 0.1}, {"trade_seq": 939, "trade_id": "2143102", "timestamp": 1512600314252, "tick_direction": 0, "price": 0.2905, "mark_price": 0.27916184, "iv": 126.93, "instrument_name": "BTC-29DEC17-10000-C", "index_price": 13699.98, "direction": "sell", "amount": 0.2}, {"trade_seq": 938, "trade_id": "2140692", "timestamp": 1512598712441, "tick_direction": 0, "price": 0.2762, "mark_price": 0.27090979, "iv": 113.73, "instrument_name": "BTC-29DEC17-10000-C", "index_price": 13341.73, "direction": "buy", "amount": 0.1}, {"trade_seq": 937, "trade_id": "2140691", "timestamp": 1512598711796, "tick_direction": 0, "price": 0.2754, "mark_price": 0.27090979, "iv": 112.05, "instrument_name": "BTC-29DEC17-10000-C", "index_price": 13335.05, "direction": "sell", "amount": 0.1}, {"trade_seq": 936, "trade_id": "2138677", "timestamp": 1512597482732, "tick_direction": 2, "price": 0.275, "mark_price": 0.26740445, "iv": 118.04, "instrument_name": "BTC-29DEC17-10000-C", "index_price": 13255.55, "direction": "buy", "amount": 2.0}, {"trade_seq": 935, "trade_id": "2133477", "timestamp": 1512592369708, "tick_direction": 0, "price": 0.2819, "mark_price": 0.2651594, "iv": 134.38, "instrument_name": "BTC-29DEC17-10000-C", "index_price": 13218.07, "direction": "buy", "amount": 1.0}, {"trade_seq": 934, "trade_id": "2133476", "timestamp": 1512592369708, "tick_direction": 0, "price": 0.2803, "mark_price": 0.2651594, "iv": 131.6, "instrument_name": "BTC-29DEC17-10000-C", "index_price": 13218.07, "direction": "sell", "amount": 0.4}, {"trade_seq": 933, "trade_id": "2131138", "timestamp": 1512589442327, "tick_direction": 0, "price": 0.2758, "mark_price": 0.25852618, "iv": 134.08, "instrument_name": "BTC-29DEC17-10000-C", "index_price": 13036.75, "direction": "buy", "amount": 0.5}, {"trade_seq": 932, "trade_id": "2131137", "timestamp": 1512589442327, "tick_direction": 0, "price": 0.2732, "mark_price": 0.25852618, "iv": 129.68, "instrument_name": "BTC-29DEC17-10000-C", "index_price": 13036.75, "direction": "sell", "amount": 0.5}, {"trade_seq": 931, "trade_id": "2129102", "timestamp": 1512586871708, "tick_direction": 0, "price": 0.26, "mark_price": 0.25327008, "iv": 115.0, "instrument_name": "BTC-29DEC17-10000-C", "index_price": 12889.6, "direction": "buy", "amount": 0.1}, {"trade_seq": 930, "trade_id": "2129001", "timestamp": 1512586811285, "tick_direction": 0, "price": 0.258, "mark_price": 0.25169285, "iv": 114.1, "instrument_name": "BTC-29DEC17-10000-C", "index_price": 12869.2, "direction": "buy", "amount": 0.1}, {"trade_seq": 929, "trade_id": "2128720", "timestamp": 1512586552077, "tick_direction": 0, "price": 0.2499, "mark_price": 0.24847006, "iv": 104.8, "instrument_name": "BTC-29DEC17-10000-C", "index_price": 12842.6, "direction": "sell", "amount": 0.1}, {"trade_seq": 928, "trade_id": "2128389", "timestamp": 1512585336844, "tick_direction": 0, "price": 0.2497, "mark_price": 0.24386869, "iv": 112.68, "instrument_name": "BTC-29DEC17-10000-C", "index_price": 12775.04, "direction": "sell", "amount": 0.1}, {"trade_seq": 927, "trade_id": "2128341", "timestamp": 1512584772143, "tick_direction": 1, "price": 0.2438, "mark_price": 0.24502811, "iv": 99.59, "instrument_name": "BTC-29DEC17-10000-C", "index_price": 12779.02, "direction": "buy", "amount": 1.6}, {"trade_seq": 926, "trade_id": "2127309", "timestamp": 1512580245008, "tick_direction": 1, "price": 0.2438, "mark_price": 0.24323894, "iv": 103.06, "instrument_name": "BTC-29DEC17-10000-C", "index_price": 12725.43, "direction": "sell", "amount": 0.5}, {"trade_seq": 925, "trade_id": "2127308", "timestamp": 1512580236408, "tick_direction": 0, "price": 0.2438, "mark_price": 0.24336637, "iv": 102.82, "instrument_name": "BTC-29DEC17-10000-C", "index_price": 12725.56, "direction": "sell", "amount": 0.1}, {"trade_seq": 924, "trade_id": "2117512", "timestamp": 1512558583498, "tick_direction": 2, "price": 0.24, "mark_price": 0.23132048, "iv": 116.31, "instrument_name": "BTC-29DEC17-10000-C", "index_price": 12556.99, "direction": "sell", "amount": 0.1}, {"trade_seq": 923, "trade_id": "2116092", "timestamp": 1512558133694, "tick_direction": 1, "price": 0.2577, "mark_price": 0.25236716, "iv": 112.19, "instrument_name": "BTC-29DEC17-10000-C", "index_price": 12840.14, "direction": "sell", "amount": 0.1}, {"trade_seq": 922, "trade_id": "2116073", "timestamp": 1512558102077, "tick_direction": 1, "price": 0.2577, "mark_price": 0.25149313, "iv": 113.71, "instrument_name": "BTC-29DEC17-10000-C", "index_price": 12832.39, "direction": "sell", "amount": 2.0}, {"trade_seq": 921, "trade_id": "2116026", "timestamp": 1512557983418, "tick_direction": 0, "price": 0.2577, "mark_price": 0.25175295, "iv": 113.27, "instrument_name": "BTC-29DEC17-10000-C", "index_price": 12822.28, "direction": "sell", "amount": 0.1}, {"trade_seq": 920, "trade_id": "2107743", "timestamp": 1512539349303, "tick_direction": 0, "price": 0.225, "mark_price": 0.22146802, "iv": 107.59, "instrument_name": "BTC-29DEC17-10000-C", "index_price": 12219.97, "direction": "buy", "amount": 0.1}, {"trade_seq": 919, "trade_id": "2107437", "timestamp": 1512538592152, "tick_direction": 1, "price": 0.222, "mark_price": 0.21932374, "iv": 106.2, "instrument_name": "BTC-29DEC17-10000-C", "index_price": 12198.05, "direction": "buy", "amount": 0.1}, {"trade_seq": 918, "trade_id": "2107432", "timestamp": 1512538549925, "tick_direction": 1, "price": 0.222, "mark_price": 0.21925837, "iv": 106.3, "instrument_name": "BTC-29DEC17-10000-C", "index_price": 12198.02, "direction": "buy", "amount": 0.2}, {"trade_seq": 917, "trade_id": "2107354", "timestamp": 1512538065570, "tick_direction": 1, "price": 0.222, "mark_price": 0.21949972, "iv": 105.93, "instrument_name": "BTC-29DEC17-10000-C", "index_price": 12206.19, "direction": "buy", "amount": 0.3}, {"trade_seq": 916, "trade_id": "2107322", "timestamp": 1512537949459, "tick_direction": 0, "price": 0.222, "mark_price": 0.21940068, "iv": 106.08, "instrument_name": "BTC-29DEC17-10000-C", "index_price": 12214.87, "direction": "buy", "amount": 1.3}, {"trade_seq": 915, "trade_id": "2101865", "timestamp": 1512525541180, "tick_direction": 0, "price": 0.21, "mark_price": 0.20909341, "iv": 103.34, "instrument_name": "BTC-29DEC17-10000-C", "index_price": 11953.53, "direction": "buy", "amount": 0.1}, {"trade_seq": 914, "trade_id": "2100633", "timestamp": 1512522259209, "tick_direction": 0, "price": 0.205, "mark_price": 0.20323159, "iv": 104.52, "instrument_name": "BTC-29DEC17-10000-C", "index_price": 11854.86, "direction": "buy", "amount": 0.1}, {"trade_seq": 913, "trade_id": "2096382", "timestamp": 1512507421448, "tick_direction": 2, "price": 0.1956, "mark_price": 0.19719398, "iv": 99.79, "instrument_name": "BTC-29DEC17-10000-C", "index_price": 11792.05, "direction": "buy", "amount": 1.0}, {"trade_seq": 912, "trade_id": "2085869", "timestamp": 1512479698823, "tick_direction": 0, "price": 0.2034, "mark_price": 0.19911131, "iv": 107.83, "instrument_name": "BTC-29DEC17-10000-C", "index_price": 11763.82, "direction": "buy", "amount": 0.5}, {"trade_seq": 911, "trade_id": "2085646", "timestamp": 1512479046703, "tick_direction": 0, "price": 0.2007, "mark_price": 0.19720863, "iv": 106.71, "instrument_name": "BTC-29DEC17-10000-C", "index_price": 11753.59, "direction": "buy", "amount": 2.7}, {"trade_seq": 910, "trade_id": "2085645", "timestamp": 1512479046045, "tick_direction": 2, "price": 0.1983, "mark_price": 0.19720863, "iv": 103.48, "instrument_name": "BTC-29DEC17-10000-C", "index_price": 11753.59, "direction": "buy", "amount": 2.0}, {"trade_seq": 909, "trade_id": "2085483", "timestamp": 1512477999731, "tick_direction": 1, "price": 0.2007, "mark_price": 0.19613287, "iv": 108.11, "instrument_name": "BTC-29DEC17-10000-C", "index_price": 11730.4, "direction": "buy", "amount": 0.1}, {"trade_seq": 908, "trade_id": "2085423", "timestamp": 1512477695593, "tick_direction": 0, "price": 0.2007, "mark_price": 0.19648509, "iv": 107.65, "instrument_name": "BTC-29DEC17-10000-C", "index_price": 11739.02, "direction": "buy", "amount": 0.2}, {"trade_seq": 907, "trade_id": "2081958", "timestamp": 1512467400937, "tick_direction": 2, "price": 0.2004, "mark_price": 0.1957492, "iv": 108.18, "instrument_name": "BTC-29DEC17-10000-C", "index_price": 11715.35, "direction": "buy", "amount": 1.0}, {"trade_seq": 906, "trade_id": "2081244", "timestamp": 1512464663418, "tick_direction": 0, "price": 0.2038, "mark_price": 0.19915322, "iv": 108.27, "instrument_name": "BTC-29DEC17-10000-C", "index_price": 11771.64, "direction": "sell", "amount": 2.0}, {"trade_seq": 905, "trade_id": "2079377", "timestamp": 1512459224053, "tick_direction": 0, "price": 0.2, "mark_price": 0.19620613, "iv": 105.12, "instrument_name": "BTC-29DEC17-10000-C", "index_price": 11703.0, "direction": "buy", "amount": 0.2}, {"trade_seq": 904, "trade_id": "2072721", "timestamp": 1512432663664, "tick_direction": 2, "price": 0.1994, "mark_price": 0.19333913, "iv": 107.94, "instrument_name": "BTC-29DEC17-10000-C", "index_price": 11635.5, "direction": "sell", "amount": 0.1}, {"trade_seq": 903, "trade_id": "2072718", "timestamp": 1512432631415, "tick_direction": 0, "price": 0.1998, "mark_price": 0.19238225, "iv": 109.64, "instrument_name": "BTC-29DEC17-10000-C", "index_price": 11633.52, "direction": "sell", "amount": 0.1}, {"trade_seq": 902, "trade_id": "2069577", "timestamp": 1512423266114, "tick_direction": 0, "price": 0.19, "mark_price": 0.18721899, "iv": 103.55, "instrument_name": "BTC-29DEC17-10000-C", "index_price": 11556.06, "direction": "buy", "amount": 0.1}, {"trade_seq": 901, "trade_id": "2058720", "timestamp": 1512395773772, "tick_direction": 0, "price": 0.1812, "mark_price": 0.16722895, "iv": 115.97, "instrument_name": "BTC-29DEC17-10000-C", "index_price": 11276.22, "direction": "buy", "amount": 0.2}, {"trade_seq": 900, "trade_id": "2058719", "timestamp": 1512395773772, "tick_direction": 0, "price": 0.1801, "mark_price": 0.16722895, "iv": 114.73, "instrument_name": "BTC-29DEC17-10000-C", "index_price": 11276.22, "direction": "sell", "amount": 0.8}, {"trade_seq": 899, "trade_id": "2055535", "timestamp": 1512385061497, "tick_direction": 2, "price": 0.18, "mark_price": 0.17528653, "iv": 105.6, "instrument_name": "BTC-29DEC17-10000-C", "index_price": 11352.16, "direction": "buy", "amount": 1.0}, {"trade_seq": 898, "trade_id": "2041316", "timestamp": 1512348809366, "tick_direction": 0, "price": 0.1849, "mark_price": 0.17048055, "iv": 116.41, "instrument_name": "BTC-29DEC17-10000-C", "index_price": 11221.26, "direction": "buy", "amount": 1.0}, {"trade_seq": 897, "trade_id": "2037088", "timestamp": 1512341240233, "tick_direction": 0, "price": 0.1716, "mark_price": 0.15678488, "iv": 116.03, "instrument_name": "BTC-29DEC17-10000-C", "index_price": 10752.79, "direction": "buy", "amount": 0.7}, {"trade_seq": 896, "trade_id": "2037087", "timestamp": 1512341240233, "tick_direction": 0, "price": 0.1706, "mark_price": 0.15678488, "iv": 114.95, "instrument_name": "BTC-29DEC17-10000-C", "index_price": 10752.79, "direction": "sell", "amount": 0.5}, {"trade_seq": 895, "trade_id": "2031528", "timestamp": 1512338935552, "tick_direction": 2, "price": 0.147, "mark_price": 0.13438666, "iv": 112.78, "instrument_name": "BTC-29DEC17-10000-C", "index_price": 10668.26, "direction": "sell", "amount": 1.1}, {"trade_seq": 894, "trade_id": "2028905", "timestamp": 1512338186435, "tick_direction": 2, "price": 0.1492, "mark_price": 0.14660749, "iv": 102.7, "instrument_name": "BTC-29DEC17-10000-C", "index_price": 10834.2, "direction": "buy", "amount": 0.1}, {"trade_seq": 893, "trade_id": "2017693", "timestamp": 1512333737488, "tick_direction": 0, "price": 0.1892, "mark_price": 0.17544687, "iv": 115.87, "instrument_name": "BTC-29DEC17-10000-C", "index_price": 11299.19, "direction": "sell", "amount": 0.4}, {"trade_seq": 892, "trade_id": "2017692", "timestamp": 1512333737488, "tick_direction": 2, "price": 0.1878, "mark_price": 0.17544687, "iv": 114.28, "instrument_name": "BTC-29DEC17-10000-C", "index_price": 11299.19, "direction": "sell", "amount": 0.5}, {"trade_seq": 891, "trade_id": "2015943", "timestamp": 1512333277751, "tick_direction": 1, "price": 0.2059, "mark_price": 0.19359832, "iv": 115.31, "instrument_name": "BTC-29DEC17-10000-C", "index_price": 11732.32, "direction": "sell", "amount": 0.5}, {"trade_seq": 890, "trade_id": "2015909", "timestamp": 1512333275271, "tick_direction": 1, "price": 0.2059, "mark_price": 0.19411366, "iv": 114.72, "instrument_name": "BTC-29DEC17-10000-C", "index_price": 11770.34, "direction": "sell", "amount": 0.4}, {"trade_seq": 889, "trade_id": "2015432", "timestamp": 1512332899756, "tick_direction": 0, "price": 0.2059, "mark_price": 0.19829677, "iv": 109.76, "instrument_name": "BTC-29DEC17-10000-C", "index_price": 11776.55, "direction": "buy", "amount": 0.1}, {"trade_seq": 888, "trade_id": "2014355", "timestamp": 1512331140788, "tick_direction": 2, "price": 0.1999, "mark_price": 0.19702277, "iv": 103.71, "instrument_name": "BTC-29DEC17-10000-C", "index_price": 11711.02, "direction": "buy", "amount": 2.2}, {"trade_seq": 887, "trade_id": "2012315", "timestamp": 1512321773406, "tick_direction": 0, "price": 0.2001, "mark_price": 0.19727077, "iv": 103.64, "instrument_name": "BTC-29DEC17-10000-C", "index_price": 11709.17, "direction": "buy", "amount": 0.3}, {"trade_seq": 886, "trade_id": "2012221", "timestamp": 1512321431729, "tick_direction": 1, "price": 0.1999, "mark_price": 0.19683322, "iv": 103.93, "instrument_name": "BTC-29DEC17-10000-C", "index_price": 11570.22, "direction": "buy", "amount": 0.1}, {"trade_seq": 885, "trade_id": "2012134", "timestamp": 1512320817053, "tick_direction": 0, "price": 0.1999, "mark_price": 0.1960667, "iv": 104.89, "instrument_name": "BTC-29DEC17-10000-C", "index_price": 11686.25, "direction": "buy", "amount": 0.1}, {"trade_seq": 884, "trade_id": "2011985", "timestamp": 1512320120075, "tick_direction": 0, "price": 0.1995, "mark_price": 0.19554103, "iv": 105.03, "instrument_name": "BTC-29DEC17-10000-C", "index_price": 11653.61, "direction": "buy", "amount": 0.1}, {"trade_seq": 883, "trade_id": "2011938", "timestamp": 1512319940184, "tick_direction": 2, "price": 0.199, "mark_price": 0.19452479, "iv": 105.65, "instrument_name": "BTC-29DEC17-10000-C", "index_price": 11657.97, "direction": "buy", "amount": 0.1}, {"trade_seq": 882, "trade_id": "2011223", "timestamp": 1512318205089, "tick_direction": 0, "price": 0.2, "mark_price": 0.19908718, "iv": 101.19, "instrument_name": "BTC-29DEC17-10000-C", "index_price": 11742.26, "direction": "buy", "amount": 0.2}, {"trade_seq": 881, "trade_id": "2007611", "timestamp": 1512310882002, "tick_direction": 3, "price": 0.1939, "mark_price": 0.19268088, "iv": 101.53, "instrument_name": "BTC-29DEC17-10000-C", "index_price": 11568.59, "direction": "buy", "amount": 1.5}, {"trade_seq": 880, "trade_id": "2007610", "timestamp": 1512310882002, "tick_direction": 2, "price": 0.1939, "mark_price": 0.19268088, "iv": 101.53, "instrument_name": "BTC-29DEC17-10000-C", "index_price": 11568.59, "direction": "sell", "amount": 1.3}, {"trade_seq": 879, "trade_id": "2007609", "timestamp": 1512310882002, "tick_direction": 3, "price": 0.194, "mark_price": 0.19268088, "iv": 101.66, "instrument_name": "BTC-29DEC17-10000-C", "index_price": 11568.59, "direction": "buy", "amount": 0.2}, {"trade_seq": 878, "trade_id": "2007607", "timestamp": 1512310858677, "tick_direction": 2, "price": 0.194, "mark_price": 0.19280739, "iv": 101.5, "instrument_name": "BTC-29DEC17-10000-C", "index_price": 11574.34, "direction": "buy", "amount": 2.0}, {"trade_seq": 877, "trade_id": "2000963", "timestamp": 1512301512436, "tick_direction": 0, "price": 0.2, "mark_price": 0.1978851, "iv": 102.71, "instrument_name": "BTC-29DEC17-10000-C", "index_price": 11511.44, "direction": "buy", "amount": 1.0}, {"trade_seq": 876, "trade_id": "1999319", "timestamp": 1512300064814, "tick_direction": 0, "price": 0.1875, "mark_price": 0.18693717, "iv": 100.69, "instrument_name": "BTC-29DEC17-10000-C", "index_price": 11315.36, "direction": "buy", "amount": 1.0}, {"trade_seq": 875, "trade_id": "1979431", "timestamp": 1512241332831, "tick_direction": 0, "price": 0.1591, "mark_price": 0.15430908, "iv": 105.01, "instrument_name": "BTC-29DEC17-10000-C", "index_price": 10882.17, "direction": "sell", "amount": 0.5}, {"trade_seq": 874, "trade_id": "1979409", "timestamp": 1512241322756, "tick_direction": 2, "price": 0.1589, "mark_price": 0.15463589, "iv": 104.46, "instrument_name": "BTC-29DEC17-10000-C", "index_price": 10882.67, "direction": "sell", "amount": 1.2}, {"trade_seq": 873, "trade_id": "1979111", "timestamp": 1512240830202, "tick_direction": 2, "price": 0.1633, "mark_price": 0.15859034, "iv": 104.99, "instrument_name": "BTC-29DEC17-10000-C", "index_price": 10964.69, "direction": "sell", "amount": 1.2}, {"trade_seq": 872, "trade_id": "1979059", "timestamp": 1512240561416, "tick_direction": 2, "price": 0.1659, "mark_price": 0.16005, "iv": 106.01, "instrument_name": "BTC-29DEC17-10000-C", "index_price": 10972.45, "direction": "sell", "amount": 1.1}, {"trade_seq": 871, "trade_id": "1979058", "timestamp": 1512240561416, "tick_direction": 0, "price": 0.1661, "mark_price": 0.16005, "iv": 106.22, "instrument_name": "BTC-29DEC17-10000-C", "index_price": 10972.45, "direction": "sell", "amount": 1.0}, {"trade_seq": 870, "trade_id": "1978064", "timestamp": 1512238078803, "tick_direction": 0, "price": 0.166, "mark_price": 0.16143257, "iv": 104.89, "instrument_name": "BTC-29DEC17-10000-C", "index_price": 11000.7, "direction": "buy", "amount": 0.1}, {"trade_seq": 869, "trade_id": "1973104", "timestamp": 1512224602212, "tick_direction": 2, "price": 0.1625, "mark_price": 0.15277031, "iv": 110.05, "instrument_name": "BTC-29DEC17-10000-C", "index_price": 10892.52, "direction": "sell", "amount": 0.1}, {"trade_seq": 868, "trade_id": "1965938", "timestamp": 1512209025242, "tick_direction": 1, "price": 0.18, "mark_price": 0.17688492, "iv": 103.51, "instrument_name": "BTC-29DEC17-10000-C", "index_price": 11150.78, "direction": "buy", "amount": 0.2}, {"trade_seq": 867, "trade_id": "1965860", "timestamp": 1512208999796, "tick_direction": 1, "price": 0.18, "mark_price": 0.17497721, "iv": 105.6, "instrument_name": "BTC-29DEC17-10000-C", "index_price": 11139.4, "direction": "buy", "amount": 0.2}, {"trade_seq": 866, "trade_id": "1965854", "timestamp": 1512208981586, "tick_direction": 1, "price": 0.18, "mark_price": 0.17485443, "iv": 105.73, "instrument_name": "BTC-29DEC17-10000-C", "index_price": 11135.02, "direction": "buy", "amount": 0.1}, {"trade_seq": 865, "trade_id": "1965853", "timestamp": 1512208979838, "tick_direction": 1, "price": 0.18, "mark_price": 0.17471208, "iv": 105.88, "instrument_name": "BTC-29DEC17-10000-C", "index_price": 11135.02, "direction": "buy", "amount": 0.1}, {"trade_seq": 864, "trade_id": "1965826", "timestamp": 1512208924320, "tick_direction": 1, "price": 0.18, "mark_price": 0.17342557, "iv": 107.27, "instrument_name": "BTC-29DEC17-10000-C", "index_price": 11126.37, "direction": "buy", "amount": 0.1}, {"trade_seq": 863, "trade_id": "1965707", "timestamp": 1512208771857, "tick_direction": 0, "price": 0.18, "mark_price": 0.17427877, "iv": 106.35, "instrument_name": "BTC-29DEC17-10000-C", "index_price": 11134.06, "direction": "buy", "amount": 0.3}, {"trade_seq": 862, "trade_id": "1953138", "timestamp": 1512182910861, "tick_direction": 2, "price": 0.1735, "mark_price": 0.1696526, "iv": 104.17, "instrument_name": "BTC-29DEC17-10000-C", "index_price": 11027.48, "direction": "buy", "amount": 2.0}, {"trade_seq": 861, "trade_id": "1951267", "timestamp": 1512178940565, "tick_direction": 0, "price": 0.175, "mark_price": 0.17137227, "iv": 103.95, "instrument_name": "BTC-29DEC17-10000-C", "index_price": 11047.11, "direction": "buy", "amount": 1.0}, {"trade_seq": 860, "trade_id": "1948088", "timestamp": 1512174780377, "tick_direction": 0, "price": 0.1681, "mark_price": 0.16327843, "iv": 105.09, "instrument_name": "BTC-29DEC17-10000-C", "index_price": 10116.22, "direction": "buy", "amount": 0.1}, {"trade_seq": 859, "trade_id": "1943825", "timestamp": 1512167992494, "tick_direction": 2, "price": 0.1613, "mark_price": 0.15579739, "iv": 105.65, "instrument_name": "BTC-29DEC17-10000-C", "index_price": 10826.04, "direction": "sell", "amount": 0.5}, {"trade_seq": 858, "trade_id": "1938528", "timestamp": 1512160519660, "tick_direction": 0, "price": 0.1625, "mark_price": 0.15219984, "iv": 110.42, "instrument_name": "BTC-29DEC17-10000-C", "index_price": 10718.3, "direction": "buy", "amount": 1.0}, {"trade_seq": 857, "trade_id": "1936361", "timestamp": 1512155687838, "tick_direction": 1, "price": 0.153, "mark_price": 0.14467177, "iv": 108.24, "instrument_name": "BTC-29DEC17-10000-C", "index_price": 10602.39, "direction": "sell", "amount": 2.0}, {"trade_seq": 856, "trade_id": "1935714", "timestamp": 1512154938287, "tick_direction": 0, "price": 0.153, "mark_price": 0.1422334, "iv": 110.57, "instrument_name": "BTC-29DEC17-10000-C", "index_price": 10511.94, "direction": "sell", "amount": 2.0}, {"trade_seq": 855, "trade_id": "1934290", "timestamp": 1512150887876, "tick_direction": 2, "price": 0.15, "mark_price": 0.13422168, "iv": 110.38, "instrument_name": "BTC-29DEC17-10000-C", "index_price": 10464.43, "direction": "buy", "amount": 2.0}, {"trade_seq": 854, "trade_id": "1932483", "timestamp": 1512146929596, "tick_direction": 0, "price": 0.158, "mark_price": 0.14298961, "iv": 109.97, "instrument_name": "BTC-29DEC17-10000-C", "index_price": 10662.57, "direction": "sell", "amount": 1.0}, {"trade_seq": 853, "trade_id": "1930521", "timestamp": 1512143448656, "tick_direction": 0, "price": 0.1385, "mark_price": 0.13719049, "iv": 96.29, "instrument_name": "BTC-29DEC17-10000-C", "index_price": 10542.64, "direction": "buy", "amount": 3.8}, {"trade_seq": 852, "trade_id": "1925697", "timestamp": 1512137390577, "tick_direction": 2, "price": 0.1384, "mark_price": 0.14050481, "iv": 92.91, "instrument_name": "BTC-29DEC17-10000-C", "index_price": 10629.56, "direction": "buy", "amount": 0.5}, {"trade_seq": 851, "trade_id": "1925681", "timestamp": 1512137382515, "tick_direction": 2, "price": 0.1386, "mark_price": 0.13846733, "iv": 93.13, "instrument_name": "BTC-29DEC17-10000-C", "index_price": 10630.74, "direction": "sell", "amount": 2.0}, {"trade_seq": 850, "trade_id": "1925680", "timestamp": 1512137382515, "tick_direction": 2, "price": 0.1388, "mark_price": 0.13846733, "iv": 93.33, "instrument_name": "BTC-29DEC17-10000-C", "index_price": 10630.74, "direction": "sell", "amount": 2.5}, {"trade_seq": 849, "trade_id": "1925679", "timestamp": 1512137382515, "tick_direction": 0, "price": 0.1396, "mark_price": 0.13846733, "iv": 94.12, "instrument_name": "BTC-29DEC17-10000-C", "index_price": 10630.74, "direction": "buy", "amount": 4.0}, {"trade_seq": 848, "trade_id": "1925655", "timestamp": 1512137348564, "tick_direction": 2, "price": 0.1389, "mark_price": 0.13903203, "iv": 94.87, "instrument_name": "BTC-29DEC17-10000-C", "index_price": 10627.16, "direction": "buy", "amount": 1.0}, {"trade_seq": 847, "trade_id": "1923840", "timestamp": 1512136118788, "tick_direction": 1, "price": 0.15, "mark_price": 0.14457173, "iv": 100.44, "instrument_name": "BTC-29DEC17-10000-C", "index_price": 10651.47, "direction": "buy", "amount": 0.8}, {"trade_seq": 846, "trade_id": "1923674", "timestamp": 1512135986678, "tick_direction": 0, "price": 0.15, "mark_price": 0.14372992, "iv": 101.26, "instrument_name": "BTC-29DEC17-10000-C", "index_price": 10594.36, "direction": "buy", "amount": 0.2}, {"trade_seq": 845, "trade_id": "1922183", "timestamp": 1512133919626, "tick_direction": 0, "price": 0.1375, "mark_price": 0.13299837, "iv": 99.36, "instrument_name": "BTC-29DEC17-10000-C", "index_price": 10399.42, "direction": "buy", "amount": 1.0}, {"trade_seq": 844, "trade_id": "1920224", "timestamp": 1512130491300, "tick_direction": 0, "price": 0.125, "mark_price": 0.12243036, "iv": 97.43, "instrument_name": "BTC-29DEC17-10000-C", "index_price": 10226.64, "direction": "buy", "amount": 1.0}, {"trade_seq": 843, "trade_id": "1915259", "timestamp": 1512121682562, "tick_direction": 0, "price": 0.11, "mark_price": 0.10574338, "iv": 96.91, "instrument_name": "BTC-29DEC17-10000-C", "index_price": 9963.56, "direction": "buy", "amount": 0.2}, {"trade_seq": 842, "trade_id": "1913680", "timestamp": 1512120336739, "tick_direction": 0, "price": 0.1017, "mark_price": 0.09734644, "iv": 96.96, "instrument_name": "BTC-29DEC17-10000-C", "index_price": 9817.59, "direction": "sell", "amount": 0.3}, {"trade_seq": 841, "trade_id": "1913422", "timestamp": 1512119230780, "tick_direction": 3, "price": 0.1012, "mark_price": 0.09636573, "iv": 97.39, "instrument_name": "BTC-29DEC17-10000-C", "index_price": 9790.75, "direction": "buy", "amount": 0.1}, {"trade_seq": 840, "trade_id": "1913408", "timestamp": 1512119192502, "tick_direction": 2, "price": 0.1012, "mark_price": 0.09642071, "iv": 97.34, "instrument_name": "BTC-29DEC17-10000-C", "index_price": 9785.82, "direction": "sell", "amount": 0.8}, {"trade_seq": 839, "trade_id": "1912593", "timestamp": 1512118301137, "tick_direction": 1, "price": 0.11, "mark_price": 0.0965788, "iv": 105.2, "instrument_name": "BTC-29DEC17-10000-C", "index_price": 9776.4, "direction": "sell", "amount": 0.1}, {"trade_seq": 838, "trade_id": "1912563", "timestamp": 1512118255676, "tick_direction": 1, "price": 0.11, "mark_price": 0.09645777, "iv": 105.31, "instrument_name": "BTC-29DEC17-10000-C", "index_price": 9769.0, "direction": "sell", "amount": 0.1}, {"trade_seq": 837, "trade_id": "1912534", "timestamp": 1512118229341, "tick_direction": 0, "price": 0.11, "mark_price": 0.09547028, "iv": 106.2, "instrument_name": "BTC-29DEC17-10000-C", "index_price": 9762.58, "direction": "sell", "amount": 0.2}, {"trade_seq": 836, "trade_id": "1910470", "timestamp": 1512114299555, "tick_direction": 1, "price": 0.108, "mark_price": 0.08367416, "iv": 115.02, "instrument_name": "BTC-29DEC17-10000-C", "index_price": 9565.08, "direction": "sell", "amount": 0.5}, {"trade_seq": 835, "trade_id": "1910463", "timestamp": 1512114297903, "tick_direction": 1, "price": 0.108, "mark_price": 0.08367416, "iv": 115.02, "instrument_name": "BTC-29DEC17-10000-C", "index_price": 9565.08, "direction": "sell", "amount": 1.1}, {"trade_seq": 834, "trade_id": "1910454", "timestamp": 1512114296991, "tick_direction": 1, "price": 0.108, "mark_price": 0.08367416, "iv": 115.02, "instrument_name": "BTC-29DEC17-10000-C", "index_price": 9574.63, "direction": "sell", "amount": 1.3}, {"trade_seq": 833, "trade_id": "1910452", "timestamp": 1512114296313, "tick_direction": 1, "price": 0.108, "mark_price": 0.08367416, "iv": 115.02, "instrument_name": "BTC-29DEC17-10000-C", "index_price": 9574.63, "direction": "sell", "amount": 1.2}, {"trade_seq": 832, "trade_id": "1910450", "timestamp": 1512114296024, "tick_direction": 0, "price": 0.108, "mark_price": 0.08367416, "iv": 115.02, "instrument_name": "BTC-29DEC17-10000-C", "index_price": 9574.63, "direction": "sell", "amount": 0.5}, {"trade_seq": 831, "trade_id": "1910355", "timestamp": 1512114105970, "tick_direction": 1, "price": 0.0997, "mark_price": 0.08423262, "iv": 107.0, "instrument_name": "BTC-29DEC17-10000-C", "index_price": 9574.16, "direction": "sell", "amount": 0.5}, {"trade_seq": 830, "trade_id": "1910310", "timestamp": 1512114100277, "tick_direction": 1, "price": 0.0997, "mark_price": 0.08403783, "iv": 107.17, "instrument_name": "BTC-29DEC17-10000-C", "index_price": 9574.53, "direction": "sell", "amount": 0.5}, {"trade_seq": 829, "trade_id": "1910282", "timestamp": 1512114097524, "tick_direction": 1, "price": 0.0997, "mark_price": 0.08403783, "iv": 107.17, "instrument_name": "BTC-29DEC17-10000-C", "index_price": 9574.53, "direction": "sell", "amount": 1.0}, {"trade_seq": 828, "trade_id": "1910281", "timestamp": 1512114097438, "tick_direction": 0, "price": 0.0997, "mark_price": 0.08403783, "iv": 107.17, "instrument_name": "BTC-29DEC17-10000-C", "index_price": 9574.53, "direction": "sell", "amount": 0.5}, {"trade_seq": 827, "trade_id": "1909928", "timestamp": 1512112929351, "tick_direction": 0, "price": 0.0938, "mark_price": 0.0805409, "iv": 105.01, "instrument_name": "BTC-29DEC17-10000-C", "index_price": 9486.91, "direction": "buy", "amount": 2.0}, {"trade_seq": 826, "trade_id": "1909697", "timestamp": 1512112198418, "tick_direction": 2, "price": 0.085, "mark_price": 0.07626754, "iv": 100.94, "instrument_name": "BTC-29DEC17-10000-C", "index_price": 9386.6, "direction": "sell", "amount": 0.2}, {"trade_seq": 825, "trade_id": "1909628", "timestamp": 1512112094260, "tick_direction": 2, "price": 0.0851, "mark_price": 0.07863354, "iv": 98.87, "instrument_name": "BTC-29DEC17-10000-C", "index_price": 9435.53, "direction": "sell", "amount": 0.5}, {"trade_seq": 824, "trade_id": "1909491", "timestamp": 1512111654240, "tick_direction": 2, "price": 0.0902, "mark_price": 0.07810672, "iv": 103.97, "instrument_name": "BTC-29DEC17-10000-C", "index_price": 9479.5, "direction": "buy", "amount": 0.9}, {"trade_seq": 823, "trade_id": "1906137", "timestamp": 1512102874283, "tick_direction": 0, "price": 0.1053, "mark_price": 0.09880838, "iv": 98.89, "instrument_name": "BTC-29DEC17-10000-C", "index_price": 9876.29, "direction": "buy", "amount": 0.5}, {"trade_seq": 822, "trade_id": "1904225", "timestamp": 1512098310953, "tick_direction": 3, "price": 0.093, "mark_price": 0.09235087, "iv": 93.59, "instrument_name": "BTC-29DEC17-10000-C", "index_price": 9733.09, "direction": "buy", "amount": 0.1}, {"trade_seq": 821, "trade_id": "1904224", "timestamp": 1512098310763, "tick_direction": 2, "price": 0.093, "mark_price": 0.09235087, "iv": 93.59, "instrument_name": "BTC-29DEC17-10000-C", "index_price": 9728.72, "direction": "sell", "amount": 0.9}, {"trade_seq": 820, "trade_id": "1901411", "timestamp": 1512091052127, "tick_direction": 0, "price": 0.1029, "mark_price": 0.10083869, "iv": 94.87, "instrument_name": "BTC-29DEC17-10000-C", "index_price": 9856.43, "direction": "buy", "amount": 0.1}, {"trade_seq": 819, "trade_id": "1901399", "timestamp": 1512091027024, "tick_direction": 0, "price": 0.1028, "mark_price": 0.1007117, "iv": 94.89, "instrument_name": "BTC-29DEC17-10000-C", "index_price": 9851.28, "direction": "buy", "amount": 0.2}, {"trade_seq": 818, "trade_id": "1883694", "timestamp": 1512068583337, "tick_direction": 1, "price": 0.0893, "mark_price": 0.08522764, "iv": 95.65, "instrument_name": "BTC-29DEC17-10000-C", "index_price": 9730.18, "direction": "sell", "amount": 1.0}, {"trade_seq": 817, "trade_id": "1883687", "timestamp": 1512068556080, "tick_direction": 0, "price": 0.0893, "mark_price": 0.08568802, "iv": 95.24, "instrument_name": "BTC-29DEC17-10000-C", "index_price": 9734.18, "direction": "sell", "amount": 1.0}, {"trade_seq": 816, "trade_id": "1876682", "timestamp": 1512059021188, "tick_direction": 2, "price": 0.079, "mark_price": 0.07417135, "iv": 94.35, "instrument_name": "BTC-29DEC17-10000-C", "index_price": 9487.54, "direction": "sell", "amount": 0.3}, {"trade_seq": 815, "trade_id": "1876438", "timestamp": 1512058874108, "tick_direction": 0, "price": 0.0887, "mark_price": 0.07667019, "iv": 100.8, "instrument_name": "BTC-29DEC17-10000-C", "index_price": 9520.0, "direction": "sell", "amount": 0.1}, {"trade_seq": 814, "trade_id": "1867634", "timestamp": 1512050147674, "tick_direction": 0, "price": 0.077, "mark_price": 0.06381843, "iv": 102.04, "instrument_name": "BTC-29DEC17-10000-C", "index_price": 9224.96, "direction": "sell", "amount": 0.1}, {"trade_seq": 813, "trade_id": "1865969", "timestamp": 1512049801838, "tick_direction": 2, "price": 0.07, "mark_price": 0.06050781, "iv": 98.76, "instrument_name": "BTC-29DEC17-10000-C", "index_price": 9219.64, "direction": "sell", "amount": 0.2}, {"trade_seq": 812, "trade_id": "1864766", "timestamp": 1512049200406, "tick_direction": 2, "price": 0.0802, "mark_price": 0.06919142, "iv": 99.95, "instrument_name": "BTC-29DEC17-10000-C", "index_price": 9369.15, "direction": "buy", "amount": 0.5}, {"trade_seq": 811, "trade_id": "1861603", "timestamp": 1512047728977, "tick_direction": 2, "price": 0.095, "mark_price": 0.09021133, "iv": 94.28, "instrument_name": "BTC-29DEC17-10000-C", "index_price": 9787.45, "direction": "buy", "amount": 1.0}, {"trade_seq": 810, "trade_id": "1858654", "timestamp": 1512042522351, "tick_direction": 2, "price": 0.1072, "mark_price": 0.09453101, "iv": 101.34, "instrument_name": "BTC-29DEC17-10000-C", "index_price": 9892.73, "direction": "buy", "amount": 0.6}, {"trade_seq": 809, "trade_id": "1858653", "timestamp": 1512042504929, "tick_direction": 0, "price": 0.108, "mark_price": 0.09437339, "iv": 102.19, "instrument_name": "BTC-29DEC17-10000-C", "index_price": 9884.72, "direction": "buy", "amount": 0.6}, {"trade_seq": 808, "trade_id": "1858652", "timestamp": 1512042504929, "tick_direction": 2, "price": 0.1058, "mark_price": 0.09437339, "iv": 100.2, "instrument_name": "BTC-29DEC17-10000-C", "index_price": 9884.72, "direction": "sell", "amount": 1.4}, {"trade_seq": 807, "trade_id": "1848140", "timestamp": 1512028728119, "tick_direction": 2, "price": 0.1196, "mark_price": 0.12113372, "iv": 88.58, "instrument_name": "BTC-29DEC17-10000-C", "index_price": 10331.18, "direction": "buy", "amount": 1.0}, {"trade_seq": 806, "trade_id": "1848065", "timestamp": 1512028458382, "tick_direction": 2, "price": 0.1202, "mark_price": 0.12129985, "iv": 88.98, "instrument_name": "BTC-29DEC17-10000-C", "index_price": 10338.27, "direction": "buy", "amount": 4.0}, {"trade_seq": 805, "trade_id": "1846390", "timestamp": 1512024756431, "tick_direction": 1, "price": 0.13, "mark_price": 0.11903734, "iv": 100.12, "instrument_name": "BTC-29DEC17-10000-C", "index_price": 10293.31, "direction": "buy", "amount": 0.5}, {"trade_seq": 804, "trade_id": "1846378", "timestamp": 1512024750555, "tick_direction": 0, "price": 0.13, "mark_price": 0.120566, "iv": 98.74, "instrument_name": "BTC-29DEC17-10000-C", "index_price": 10293.31, "direction": "buy", "amount": 0.4}, {"trade_seq": 803, "trade_id": "1846377", "timestamp": 1512024750555, "tick_direction": 0, "price": 0.1292, "mark_price": 0.120566, "iv": 98.0, "instrument_name": "BTC-29DEC17-10000-C", "index_price": 10293.31, "direction": "sell", "amount": 0.5}, {"trade_seq": 802, "trade_id": "1844460", "timestamp": 1512023662489, "tick_direction": 1, "price": 0.121, "mark_price": 0.10638008, "iv": 103.2, "instrument_name": "BTC-29DEC17-10000-C", "index_price": 10029.8, "direction": "buy", "amount": 0.1}, {"trade_seq": 801, "trade_id": "1844339", "timestamp": 1512023607920, "tick_direction": 0, "price": 0.121, "mark_price": 0.10454247, "iv": 104.82, "instrument_name": "BTC-29DEC17-10000-C", "index_price": 10066.91, "direction": "buy", "amount": 1.1}, {"trade_seq": 800, "trade_id": "1844338", "timestamp": 1512023607920, "tick_direction": 2, "price": 0.1198, "mark_price": 0.10454247, "iv": 103.74, "instrument_name": "BTC-29DEC17-10000-C", "index_price": 10066.91, "direction": "sell", "amount": 0.9}, {"trade_seq": 799, "trade_id": "1842791", "timestamp": 1512022433552, "tick_direction": 2, "price": 0.126, "mark_price": 0.11135394, "iv": 103.32, "instrument_name": "BTC-29DEC17-10000-C", "index_price": 10210.4, "direction": "sell", "amount": 0.2}, {"trade_seq": 798, "trade_id": "1841527", "timestamp": 1512021370004, "tick_direction": 2, "price": 0.13, "mark_price": 0.129, "iv": 89.83, "instrument_name": "BTC-29DEC17-10000-C", "index_price": 10466.75, "direction": "buy", "amount": 0.2}, {"trade_seq": 797, "trade_id": "1838569", "timestamp": 1512014225388, "tick_direction": 0, "price": 0.133, "mark_price": 0.13501815, "iv": 88.06, "instrument_name": "BTC-29DEC17-10000-C", "index_price": 10595.11, "direction": "sell", "amount": 0.4}, {"trade_seq": 796, "trade_id": "1837768", "timestamp": 1512013707424, "tick_direction": 0, "price": 0.1322, "mark_price": 0.13592375, "iv": 86.41, "instrument_name": "BTC-29DEC17-10000-C", "index_price": 10699.53, "direction": "buy", "amount": 1.0}, {"trade_seq": 795, "trade_id": "1837133", "timestamp": 1512012529117, "tick_direction": 2, "price": 0.131, "mark_price": 0.131539, "iv": 89.49, "instrument_name": "BTC-29DEC17-10000-C", "index_price": 10503.38, "direction": "sell", "amount": 0.5}, {"trade_seq": 794, "trade_id": "1836131", "timestamp": 1512010983026, "tick_direction": 0, "price": 0.1512, "mark_price": 0.14011195, "iv": 100.8, "instrument_name": "BTC-29DEC17-10000-C", "index_price": 10563.55, "direction": "sell", "amount": 0.4}, {"trade_seq": 793, "trade_id": "1836071", "timestamp": 1512010912346, "tick_direction": 0, "price": 0.1493, "mark_price": 0.13843778, "iv": 100.5, "instrument_name": "BTC-29DEC17-10000-C", "index_price": 10556.93, "direction": "sell", "amount": 0.4}, {"trade_seq": 792, "trade_id": "1835677", "timestamp": 1512010215615, "tick_direction": 2, "price": 0.1295, "mark_price": 0.13218677, "iv": 87.44, "instrument_name": "BTC-29DEC17-10000-C", "index_price": 10445.65, "direction": "sell", "amount": 0.5}, {"trade_seq": 791, "trade_id": "1834689", "timestamp": 1512008063768, "tick_direction": 0, "price": 0.1383, "mark_price": 0.12899705, "iv": 98.76, "instrument_name": "BTC-29DEC17-10000-C", "index_price": 10475.48, "direction": "sell", "amount": 0.1}, {"trade_seq": 790, "trade_id": "1834091", "timestamp": 1512007091016, "tick_direction": 0, "price": 0.135, "mark_price": 0.13295, "iv": 91.42, "instrument_name": "BTC-29DEC17-10000-C", "index_price": 10510.61, "direction": "buy", "amount": 0.5}, {"trade_seq": 789, "trade_id": "1811704", "timestamp": 1511988928274, "tick_direction": 2, "price": 0.0917, "mark_price": 0.08701237, "iv": 94.14, "instrument_name": "BTC-29DEC17-10000-C", "index_price": 9657.99, "direction": "buy", "amount": 2.0}, {"trade_seq": 788, "trade_id": "1811642", "timestamp": 1511988863677, "tick_direction": 3, "price": 0.0963, "mark_price": 0.08934384, "iv": 96.14, "instrument_name": "BTC-29DEC17-10000-C", "index_price": 9738.5, "direction": "buy", "amount": 1.5}, {"trade_seq": 787, "trade_id": "1811641", "timestamp": 1511988863267, "tick_direction": 2, "price": 0.0963, "mark_price": 0.08934384, "iv": 96.14, "instrument_name": "BTC-29DEC17-10000-C", "index_price": 9709.91, "direction": "sell", "amount": 2.5}, {"trade_seq": 786, "trade_id": "1811530", "timestamp": 1511988693235, "tick_direction": 0, "price": 0.1232, "mark_price": 0.09253308, "iv": 117.14, "instrument_name": "BTC-29DEC17-10000-C", "index_price": 9751.31, "direction": "buy", "amount": 0.4}, {"trade_seq": 785, "trade_id": "1811529", "timestamp": 1511988693235, "tick_direction": 0, "price": 0.1198, "mark_price": 0.09253308, "iv": 114.1, "instrument_name": "BTC-29DEC17-10000-C", "index_price": 9751.31, "direction": "sell", "amount": 0.6}, {"trade_seq": 784, "trade_id": "1803785", "timestamp": 1511984779016, "tick_direction": 0, "price": 0.1087, "mark_price": 0.08072203, "iv": 114.7, "instrument_name": "BTC-29DEC17-10000-C", "index_price": 9237.75, "direction": "sell", "amount": 0.1}, {"trade_seq": 783, "trade_id": "1803399", "timestamp": 1511984686084, "tick_direction": 1, "price": 0.0984, "mark_price": 0.07240755, "iv": 113.05, "instrument_name": "BTC-29DEC17-10000-C", "index_price": 9206.16, "direction": "sell", "amount": 0.8}, {"trade_seq": 782, "trade_id": "1803370", "timestamp": 1511984680673, "tick_direction": 0, "price": 0.0984, "mark_price": 0.07181332, "iv": 113.59, "instrument_name": "BTC-29DEC17-10000-C", "index_price": 9206.16, "direction": "buy", "amount": 2.2}, {"trade_seq": 781, "trade_id": "1802875", "timestamp": 1511984544032, "tick_direction": 0, "price": 0.0899, "mark_price": 0.06889849, "iv": 108.72, "instrument_name": "BTC-29DEC17-10000-C", "index_price": 9177.46, "direction": "sell", "amount": 0.1}, {"trade_seq": 780, "trade_id": "1801984", "timestamp": 1511984375444, "tick_direction": 3, "price": 0.089, "mark_price": 0.06603, "iv": 110.56, "instrument_name": "BTC-29DEC17-10000-C", "index_price": 9756.17, "direction": "sell", "amount": 1.9}, {"trade_seq": 779, "trade_id": "1801714", "timestamp": 1511984336343, "tick_direction": 2, "price": 0.089, "mark_price": 0.07866493, "iv": 99.13, "instrument_name": "BTC-29DEC17-10000-C", "index_price": 9859.01, "direction": "sell", "amount": 0.1}, {"trade_seq": 778, "trade_id": "1801120", "timestamp": 1511984195711, "tick_direction": 3, "price": 0.0892, "mark_price": 0.07427463, "iv": 103.23, "instrument_name": "BTC-29DEC17-10000-C", "index_price": 9514.09, "direction": "sell", "amount": 0.1}, {"trade_seq": 777, "trade_id": "1800969", "timestamp": 1511984164755, "tick_direction": 3, "price": 0.0892, "mark_price": 0.07068949, "iv": 106.47, "instrument_name": "BTC-29DEC17-10000-C", "index_price": 9500.26, "direction": "sell", "amount": 0.2}, {"trade_seq": 776, "trade_id": "1800951", "timestamp": 1511984159361, "tick_direction": 3, "price": 0.0892, "mark_price": 0.07154354, "iv": 105.7, "instrument_name": "BTC-29DEC17-10000-C", "index_price": 9509.44, "direction": "buy", "amount": 0.1}, {"trade_seq": 775, "trade_id": "1800897", "timestamp": 1511984135493, "tick_direction": 2, "price": 0.0892, "mark_price": 0.07094308, "iv": 106.24, "instrument_name": "BTC-29DEC17-10000-C", "index_price": 9514.09, "direction": "sell", "amount": 1.1}, {"trade_seq": 774, "trade_id": "1799966", "timestamp": 1511983785238, "tick_direction": 0, "price": 0.1241, "mark_price": 0.09990254, "iv": 111.5, "instrument_name": "BTC-29DEC17-10000-C", "index_price": 9831.46, "direction": "sell", "amount": 1.0}, {"trade_seq": 773, "trade_id": "1799965", "timestamp": 1511983784990, "tick_direction": 2, "price": 0.1207, "mark_price": 0.09990254, "iv": 108.48, "instrument_name": "BTC-29DEC17-10000-C", "index_price": 9831.46, "direction": "sell", "amount": 1.0}, {"trade_seq": 772, "trade_id": "1792675", "timestamp": 1511981264713, "tick_direction": 2, "price": 0.138, "mark_price": 0.12560686, "iv": 101.49, "instrument_name": "BTC-29DEC17-10000-C", "index_price": 10423.0, "direction": "sell", "amount": 1.0}, {"trade_seq": 771, "trade_id": "1791812", "timestamp": 1511980578279, "tick_direction": 0, "price": 0.1515, "mark_price": 0.13504732, "iv": 105.61, "instrument_name": "BTC-29DEC17-10000-C", "index_price": 10546.72, "direction": "buy", "amount": 0.6}, {"trade_seq": 770, "trade_id": "1791811", "timestamp": 1511980578279, "tick_direction": 2, "price": 0.1496, "mark_price": 0.13504732, "iv": 103.81, "instrument_name": "BTC-29DEC17-10000-C", "index_price": 10546.72, "direction": "sell", "amount": 0.4}, {"trade_seq": 769, "trade_id": "1789925", "timestamp": 1511978389378, "tick_direction": 1, "price": 0.1536, "mark_price": 0.13896074, "iv": 104.04, "instrument_name": "BTC-29DEC17-10000-C", "index_price": 10556.2, "direction": "sell", "amount": 0.4}, {"trade_seq": 768, "trade_id": "1789920", "timestamp": 1511978386719, "tick_direction": 0, "price": 0.1536, "mark_price": 0.13896074, "iv": 104.04, "instrument_name": "BTC-29DEC17-10000-C", "index_price": 10556.2, "direction": "buy", "amount": 1.2}, {"trade_seq": 767, "trade_id": "1789919", "timestamp": 1511978386719, "tick_direction": 2, "price": 0.1519, "mark_price": 0.13896074, "iv": 102.41, "instrument_name": "BTC-29DEC17-10000-C", "index_price": 10556.2, "direction": "sell", "amount": 0.4}, {"trade_seq": 766, "trade_id": "1787933", "timestamp": 1511976997387, "tick_direction": 0, "price": 0.1538, "mark_price": 0.13937214, "iv": 103.85, "instrument_name": "BTC-29DEC17-10000-C", "index_price": 10608.62, "direction": "buy", "amount": 0.1}, {"trade_seq": 765, "trade_id": "1787932", "timestamp": 1511976997387, "tick_direction": 2, "price": 0.1536, "mark_price": 0.13937214, "iv": 103.66, "instrument_name": "BTC-29DEC17-10000-C", "index_price": 10608.62, "direction": "sell", "amount": 0.9}, {"trade_seq": 764, "trade_id": "1787495", "timestamp": 1511976558334, "tick_direction": 2, "price": 0.1623, "mark_price": 0.14940629, "iv": 102.76, "instrument_name": "BTC-29DEC17-10000-C", "index_price": 10764.15, "direction": "sell", "amount": 1.0}, {"trade_seq": 763, "trade_id": "1785337", "timestamp": 1511972979404, "tick_direction": 0, "price": 0.1809, "mark_price": 0.16344009, "iv": 104.45, "instrument_name": "BTC-29DEC17-10000-C", "index_price": 10998.32, "direction": "buy", "amount": 0.7}, {"trade_seq": 762, "trade_id": "1785336", "timestamp": 1511972979404, "tick_direction": 2, "price": 0.1792, "mark_price": 0.16344009, "iv": 102.69, "instrument_name": "BTC-29DEC17-10000-C", "index_price": 10998.32, "direction": "sell", "amount": 0.3}, {"trade_seq": 761, "trade_id": "1785330", "timestamp": 1511972936390, "tick_direction": 0, "price": 0.1799, "mark_price": 0.1631053, "iv": 103.74, "instrument_name": "BTC-29DEC17-10000-C", "index_price": 10998.2, "direction": "buy", "amount": 1.6}, {"trade_seq": 760, "trade_id": "1785329", "timestamp": 1511972936390, "tick_direction": 0, "price": 0.1793, "mark_price": 0.1631053, "iv": 103.12, "instrument_name": "BTC-29DEC17-10000-C", "index_price": 10998.2, "direction": "sell", "amount": 0.4}, {"trade_seq": 759, "trade_id": "1784996", "timestamp": 1511972557604, "tick_direction": 0, "price": 0.1763, "mark_price": 0.15924308, "iv": 103.75, "instrument_name": "BTC-29DEC17-10000-C", "index_price": 10897.88, "direction": "sell", "amount": 1.1}, {"trade_seq": 758, "trade_id": "1784995", "timestamp": 1511972557274, "tick_direction": 0, "price": 0.1753, "mark_price": 0.15923599, "iv": 102.73, "instrument_name": "BTC-29DEC17-10000-C", "index_price": 10897.88, "direction": "sell", "amount": 0.9}, {"trade_seq": 757, "trade_id": "1783605", "timestamp": 1511970834837, "tick_direction": 1, "price": 0.1665, "mark_price": 0.1495801, "iv": 103.0, "instrument_name": "BTC-29DEC17-10000-C", "index_price": 10728.2, "direction": "sell", "amount": 0.3}, {"trade_seq": 756, "trade_id": "1783604", "timestamp": 1511970833673, "tick_direction": 1, "price": 0.1665, "mark_price": 0.1495801, "iv": 103.0, "instrument_name": "BTC-29DEC17-10000-C", "index_price": 10728.2, "direction": "sell", "amount": 0.5}, {"trade_seq": 755, "trade_id": "1783603", "timestamp": 1511970832449, "tick_direction": 1, "price": 0.1665, "mark_price": 0.1495801, "iv": 103.0, "instrument_name": "BTC-29DEC17-10000-C", "index_price": 10728.2, "direction": "sell", "amount": 0.5}, {"trade_seq": 754, "trade_id": "1783596", "timestamp": 1511970824333, "tick_direction": 1, "price": 0.1665, "mark_price": 0.1495801, "iv": 103.0, "instrument_name": "BTC-29DEC17-10000-C", "index_price": 10721.4, "direction": "sell", "amount": 0.7}, {"trade_seq": 753, "trade_id": "1783582", "timestamp": 1511970805470, "tick_direction": 0, "price": 0.1665, "mark_price": 0.15051573, "iv": 102.12, "instrument_name": "BTC-29DEC17-10000-C", "index_price": 10706.8, "direction": "sell", "amount": 1.0}, {"trade_seq": 752, "trade_id": "1780689", "timestamp": 1511968994047, "tick_direction": 2, "price": 0.147, "mark_price": 0.14678418, "iv": 86.22, "instrument_name": "BTC-29DEC17-10000-C", "index_price": 10755.7, "direction": "buy", "amount": 0.1}, {"trade_seq": 751, "trade_id": "1780633", "timestamp": 1511968946542, "tick_direction": 2, "price": 0.15, "mark_price": 0.14716015, "iv": 88.86, "instrument_name": "BTC-29DEC17-10000-C", "index_price": 10779.52, "direction": "buy", "amount": 0.1}, {"trade_seq": 750, "trade_id": "1776400", "timestamp": 1511967772350, "tick_direction": 1, "price": 0.174, "mark_price": 0.17094387, "iv": 89.39, "instrument_name": "BTC-29DEC17-10000-C", "index_price": 11172.48, "direction": "buy", "amount": 0.7}, {"trade_seq": 749, "trade_id": "1776394", "timestamp": 1511967767341, "tick_direction": 0, "price": 0.174, "mark_price": 0.17080249, "iv": 89.55, "instrument_name": "BTC-29DEC17-10000-C", "index_price": 11146.75, "direction": "buy", "amount": 0.3}, {"trade_seq": 748, "trade_id": "1776286", "timestamp": 1511967511653, "tick_direction": 3, "price": 0.173, "mark_price": 0.1688824, "iv": 90.52, "instrument_name": "BTC-29DEC17-10000-C", "index_price": 11154.74, "direction": "buy", "amount": 1.9}, {"trade_seq": 747, "trade_id": "1776285", "timestamp": 1511967511614, "tick_direction": 3, "price": 0.173, "mark_price": 0.1688824, "iv": 90.52, "instrument_name": "BTC-29DEC17-10000-C", "index_price": 11169.74, "direction": "buy", "amount": 0.2}, {"trade_seq": 746, "trade_id": "1776266", "timestamp": 1511967480320, "tick_direction": 2, "price": 0.173, "mark_price": 0.16826541, "iv": 91.18, "instrument_name": "BTC-29DEC17-10000-C", "index_price": 11138.42, "direction": "sell", "amount": 0.9}, {"trade_seq": 745, "trade_id": "1776134", "timestamp": 1511966903584, "tick_direction": 0, "price": 0.1818, "mark_price": 0.17012958, "iv": 98.74, "instrument_name": "BTC-29DEC17-10000-C", "index_price": 11190.38, "direction": "buy", "amount": 0.1}, {"trade_seq": 744, "trade_id": "1776133", "timestamp": 1511966903584, "tick_direction": 0, "price": 0.1811, "mark_price": 0.17012958, "iv": 97.98, "instrument_name": "BTC-29DEC17-10000-C", "index_price": 11190.38, "direction": "sell", "amount": 0.9}, {"trade_seq": 743, "trade_id": "1776031", "timestamp": 1511966632922, "tick_direction": 0, "price": 0.1726, "mark_price": 0.1695547, "iv": 89.36, "instrument_name": "BTC-29DEC17-10000-C", "index_price": 9546.6, "direction": "buy", "amount": 0.5}, {"trade_seq": 742, "trade_id": "1772800", "timestamp": 1511963730867, "tick_direction": 0, "price": 0.1582, "mark_price": 0.15967987, "iv": 84.43, "instrument_name": "BTC-29DEC17-10000-C", "index_price": 10878.96, "direction": "buy", "amount": 0.1}, {"trade_seq": 741, "trade_id": "1771799", "timestamp": 1511961384544, "tick_direction": 2, "price": 0.155, "mark_price": 0.15100272, "iv": 90.07, "instrument_name": "BTC-29DEC17-10000-C", "index_price": 10923.63, "direction": "buy", "amount": 0.3}, {"trade_seq": 740, "trade_id": "1771682", "timestamp": 1511961122075, "tick_direction": 0, "price": 0.1556, "mark_price": 0.15162864, "iv": 90.05, "instrument_name": "BTC-29DEC17-10000-C", "index_price": 10912.5, "direction": "buy", "amount": 0.1}, {"trade_seq": 739, "trade_id": "1771669", "timestamp": 1511961090240, "tick_direction": 1, "price": 0.15, "mark_price": 0.1516, "iv": 84.33, "instrument_name": "BTC-29DEC17-10000-C", "index_price": 10917.45, "direction": "buy", "amount": 0.2}, {"trade_seq": 738, "trade_id": "1771667", "timestamp": 1511961087767, "tick_direction": 1, "price": 0.15, "mark_price": 0.15129798, "iv": 84.67, "instrument_name": "BTC-29DEC17-10000-C", "index_price": 10917.45, "direction": "sell", "amount": 0.2}, {"trade_seq": 737, "trade_id": "1771410", "timestamp": 1511960146317, "tick_direction": 1, "price": 0.15, "mark_price": 0.15120318, "iv": 84.77, "instrument_name": "BTC-29DEC17-10000-C", "index_price": 10930.69, "direction": "sell", "amount": 0.4}, {"trade_seq": 736, "trade_id": "1770505", "timestamp": 1511957309672, "tick_direction": 0, "price": 0.15, "mark_price": 0.14572927, "iv": 90.25, "instrument_name": "BTC-29DEC17-10000-C", "index_price": 10849.01, "direction": "sell", "amount": 0.2}, {"trade_seq": 735, "trade_id": "1766488", "timestamp": 1511946010957, "tick_direction": 0, "price": 0.145, "mark_price": 0.13736626, "iv": 92.38, "instrument_name": "BTC-29DEC17-10000-C", "index_price": 10604.15, "direction": "buy", "amount": 0.1}, {"trade_seq": 734, "trade_id": "1765905", "timestamp": 1511944094314, "tick_direction": 0, "price": 0.138, "mark_price": 0.13917928, "iv": 83.85, "instrument_name": "BTC-29DEC17-10000-C", "index_price": 10643.19, "direction": "buy", "amount": 0.1}, {"trade_seq": 733, "trade_id": "1764042", "timestamp": 1511939061192, "tick_direction": 1, "price": 0.13, "mark_price": 0.12990843, "iv": 83.09, "instrument_name": "BTC-29DEC17-10000-C", "index_price": 10434.5, "direction": "buy", "amount": 2.1}, {"trade_seq": 732, "trade_id": "1764037", "timestamp": 1511939051345, "tick_direction": 1, "price": 0.13, "mark_price": 0.12765, "iv": 83.25, "instrument_name": "BTC-29DEC17-10000-C", "index_price": 10440.17, "direction": "buy", "amount": 0.3}, {"trade_seq": 731, "trade_id": "1764003", "timestamp": 1511938980044, "tick_direction": 1, "price": 0.13, "mark_price": 0.12605, "iv": 84.92, "instrument_name": "BTC-29DEC17-10000-C", "index_price": 10398.08, "direction": "buy", "amount": 0.3}, {"trade_seq": 730, "trade_id": "1763964", "timestamp": 1511938799372, "tick_direction": 0, "price": 0.13, "mark_price": 0.1256, "iv": 86.54, "instrument_name": "BTC-29DEC17-10000-C", "index_price": 10340.83, "direction": "buy", "amount": 0.3}, {"trade_seq": 729, "trade_id": "1763614", "timestamp": 1511937715679, "tick_direction": 2, "price": 0.1226, "mark_price": 0.12610084, "iv": 79.7, "instrument_name": "BTC-29DEC17-10000-C", "index_price": 10386.54, "direction": "buy", "amount": 0.2}, {"trade_seq": 728, "trade_id": "1763359", "timestamp": 1511936867633, "tick_direction": 2, "price": 0.1255, "mark_price": 0.12530263, "iv": 81.19, "instrument_name": "BTC-29DEC17-10000-C", "index_price": 10399.8, "direction": "buy", "amount": 2.0}, {"trade_seq": 727, "trade_id": "1762921", "timestamp": 1511935990778, "tick_direction": 0, "price": 0.1501, "mark_price": 0.13010457, "iv": 100.08, "instrument_name": "BTC-29DEC17-10000-C", "index_price": 10425.27, "direction": "sell", "amount": 0.5}, {"trade_seq": 726, "trade_id": "1762839", "timestamp": 1511935884316, "tick_direction": 0, "price": 0.1305, "mark_price": 0.12727292, "iv": 84.07, "instrument_name": "BTC-29DEC17-10000-C", "index_price": 10340.33, "direction": "buy", "amount": 0.3}, {"trade_seq": 725, "trade_id": "1762770", "timestamp": 1511935711941, "tick_direction": 2, "price": 0.13, "mark_price": 0.12094704, "iv": 89.43, "instrument_name": "BTC-29DEC17-10000-C", "index_price": 10282.0, "direction": "sell", "amount": 0.3}, {"trade_seq": 724, "trade_id": "1762678", "timestamp": 1511935543913, "tick_direction": 1, "price": 0.1323, "mark_price": 0.12257613, "iv": 90.1, "instrument_name": "BTC-29DEC17-10000-C", "index_price": 10311.91, "direction": "sell", "amount": 0.6}, {"trade_seq": 723, "trade_id": "1762676", "timestamp": 1511935541756, "tick_direction": 1, "price": 0.1323, "mark_price": 0.12399836, "iv": 88.8, "instrument_name": "BTC-29DEC17-10000-C", "index_price": 10313.56, "direction": "buy", "amount": 0.6}, {"trade_seq": 722, "trade_id": "1762550", "timestamp": 1511935465968, "tick_direction": 0, "price": 0.1323, "mark_price": 0.12387402, "iv": 88.92, "instrument_name": "BTC-29DEC17-10000-C", "index_price": 10286.9, "direction": "buy", "amount": 0.2}, {"trade_seq": 721, "trade_id": "1762490", "timestamp": 1511935433287, "tick_direction": 2, "price": 0.1321, "mark_price": 0.12331559, "iv": 89.24, "instrument_name": "BTC-29DEC17-10000-C", "index_price": 10261.78, "direction": "sell", "amount": 0.2}, {"trade_seq": 720, "trade_id": "1762459", "timestamp": 1511935394741, "tick_direction": 0, "price": 0.1325, "mark_price": 0.12160846, "iv": 91.16, "instrument_name": "BTC-29DEC17-10000-C", "index_price": 10218.83, "direction": "buy", "amount": 0.2}, {"trade_seq": 719, "trade_id": "1762456", "timestamp": 1511935390504, "tick_direction": 0, "price": 0.13, "mark_price": 0.11845143, "iv": 91.68, "instrument_name": "BTC-29DEC17-10000-C", "index_price": 10141.7, "direction": "sell", "amount": 1.1}, {"trade_seq": 718, "trade_id": "1762447", "timestamp": 1511935385994, "tick_direction": 1, "price": 0.1267, "mark_price": 0.11806696, "iv": 88.98, "instrument_name": "BTC-29DEC17-10000-C", "index_price": 10134.15, "direction": "sell", "amount": 1.0}, {"trade_seq": 717, "trade_id": "1762442", "timestamp": 1511935384563, "tick_direction": 0, "price": 0.1267, "mark_price": 0.11806696, "iv": 88.98, "instrument_name": "BTC-29DEC17-10000-C", "index_price": 10134.15, "direction": "sell", "amount": 0.2}, {"trade_seq": 716, "trade_id": "1762212", "timestamp": 1511935322734, "tick_direction": 2, "price": 0.1168, "mark_price": 0.11876586, "iv": 79.18, "instrument_name": "BTC-29DEC17-10000-C", "index_price": 10147.85, "direction": "buy", "amount": 3.0}, {"trade_seq": 715, "trade_id": "1760642", "timestamp": 1511934678157, "tick_direction": 0, "price": 0.146, "mark_price": 0.13211689, "iv": 94.36, "instrument_name": "BTC-29DEC17-10000-C", "index_price": 10529.7, "direction": "buy", "amount": 0.4}, {"trade_seq": 714, "trade_id": "1759931", "timestamp": 1511934277137, "tick_direction": 1, "price": 0.1429, "mark_price": 0.13945996, "iv": 84.42, "instrument_name": "BTC-29DEC17-10000-C", "index_price": 10580.15, "direction": "sell", "amount": 1.2}, {"trade_seq": 713, "trade_id": "1759922", "timestamp": 1511934273957, "tick_direction": 0, "price": 0.1429, "mark_price": 0.13945996, "iv": 84.42, "instrument_name": "BTC-29DEC17-10000-C", "index_price": 10580.15, "direction": "buy", "amount": 1.2}, {"trade_seq": 712, "trade_id": "1759367", "timestamp": 1511934024157, "tick_direction": 2, "price": 0.133, "mark_price": 0.13170513, "iv": 82.25, "instrument_name": "BTC-29DEC17-10000-C", "index_price": 10458.85, "direction": "sell", "amount": 0.2}, {"trade_seq": 711, "trade_id": "1759320", "timestamp": 1511933996335, "tick_direction": 1, "price": 0.1332, "mark_price": 0.13006703, "iv": 84.01, "instrument_name": "BTC-29DEC17-10000-C", "index_price": 10455.73, "direction": "buy", "amount": 1.1}, {"trade_seq": 710, "trade_id": "1759299", "timestamp": 1511933991322, "tick_direction": 0, "price": 0.1332, "mark_price": 0.12862562, "iv": 85.37, "instrument_name": "BTC-29DEC17-10000-C", "index_price": 10457.64, "direction": "sell", "amount": 1.0}, {"trade_seq": 709, "trade_id": "1758520", "timestamp": 1511933887725, "tick_direction": 3, "price": 0.133, "mark_price": 0.11825154, "iv": 94.62, "instrument_name": "BTC-29DEC17-10000-C", "index_price": 10659.2, "direction": "sell", "amount": 0.9}, {"trade_seq": 708, "trade_id": "1758519", "timestamp": 1511933887723, "tick_direction": 2, "price": 0.133, "mark_price": 0.11825154, "iv": 94.62, "instrument_name": "BTC-29DEC17-10000-C", "index_price": 9523.52, "direction": "sell", "amount": 0.1}, {"trade_seq": 707, "trade_id": "1757902", "timestamp": 1511933750205, "tick_direction": 0, "price": 0.1535, "mark_price": 0.1484, "iv": 84.34, "instrument_name": "BTC-29DEC17-10000-C", "index_price": 10843.09, "direction": "sell", "amount": 0.5}, {"trade_seq": 706, "trade_id": "1753908", "timestamp": 1511928330639, "tick_direction": 1, "price": 0.1216, "mark_price": 0.1171, "iv": 84.42, "instrument_name": "BTC-29DEC17-10000-C", "index_price": 10269.69, "direction": "sell", "amount": 0.1}, {"trade_seq": 705, "trade_id": "1753887", "timestamp": 1511928293521, "tick_direction": 0, "price": 0.1216, "mark_price": 0.11615, "iv": 83.68, "instrument_name": "BTC-29DEC17-10000-C", "index_price": 10273.99, "direction": "buy", "amount": 0.1}, {"trade_seq": 704, "trade_id": "1753501", "timestamp": 1511927533515, "tick_direction": 2, "price": 0.1207, "mark_price": 0.11765, "iv": 81.96, "instrument_name": "BTC-29DEC17-10000-C", "index_price": 10294.65, "direction": "sell", "amount": 0.1}, {"trade_seq": 703, "trade_id": "1752845", "timestamp": 1511926641142, "tick_direction": 0, "price": 0.1274, "mark_price": 0.12015, "iv": 84.59, "instrument_name": "BTC-29DEC17-10000-C", "index_price": 10333.62, "direction": "buy", "amount": 0.1}, {"trade_seq": 702, "trade_id": "1752740", "timestamp": 1511926632329, "tick_direction": 0, "price": 0.115, "mark_price": 0.11932346, "iv": 72.92, "instrument_name": "BTC-29DEC17-10000-C", "index_price": 10301.48, "direction": "buy", "amount": 0.1}, {"trade_seq": 701, "trade_id": "1750227", "timestamp": 1511920941247, "tick_direction": 3, "price": 0.1, "mark_price": 0.10025, "iv": 78.77, "instrument_name": "BTC-29DEC17-10000-C", "index_price": 10028.36, "direction": "buy", "amount": 0.1}, {"trade_seq": 700, "trade_id": "1750134", "timestamp": 1511920504996, "tick_direction": 2, "price": 0.1, "mark_price": 0.1002, "iv": 78.76, "instrument_name": "BTC-29DEC17-10000-C", "index_price": 10021.71, "direction": "sell", "amount": 0.1}, {"trade_seq": 699, "trade_id": "1749290", "timestamp": 1511918721775, "tick_direction": 0, "price": 0.1056, "mark_price": 0.10035, "iv": 83.38, "instrument_name": "BTC-29DEC17-10000-C", "index_price": 9988.48, "direction": "sell", "amount": 1.0}, {"trade_seq": 698, "trade_id": "1746976", "timestamp": 1511903337158, "tick_direction": 2, "price": 0.0949, "mark_price": 0.0926, "iv": 82.63, "instrument_name": "BTC-29DEC17-10000-C", "index_price": 9884.69, "direction": "buy", "amount": 0.2}