{"trades": [{"trade_seq": 278, "trade_id": "246658630", "timestamp": 1679265908109, "tick_direction": 2, "price": 0.0005, "mark_price": 0.00019814, "iv": 144.46, "instrument_name": "BTC-31MAR23-55000-C", "index_price": 28202.51, "direction": "buy", "amount": 1.0}, {"trade_seq": 277, "trade_id": "245071374", "timestamp": 1678799118470, "tick_direction": 1, "price": 0.001, "mark_price": 4.118e-05, "iv": 138.75, "instrument_name": "BTC-31MAR23-55000-C", "index_price": 26446.63, "direction": "buy", "amount": 0.2}, {"trade_seq": 276, "trade_id": "242453719", "timestamp": 1676987713612, "tick_direction": 1, "price": 0.001, "mark_price": 0.00039663, "iv": 99.92, "instrument_name": "BTC-31MAR23-55000-C", "index_price": 24597.6, "direction": "buy", "amount": 1.0}, {"trade_seq": 275, "trade_id": "242453700", "timestamp": 1676987705419, "tick_direction": 1, "price": 0.001, "mark_price": 0.00039624, "iv": 99.91, "instrument_name": "BTC-31MAR23-55000-C", "index_price": 24598.58, "direction": "buy", "amount": 2.0}, {"trade_seq": 274, "trade_id": "242453691", "timestamp": 1676987695733, "tick_direction": 1, "price": 0.001, "mark_price": 0.00039553, "iv": 99.94, "instrument_name": "BTC-31MAR23-55000-C", "index_price": 24593.11, "direction": "buy", "amount": 5.0}, {"trade_seq": 273, "trade_id": "242453689", "timestamp": 1676987685721, "tick_direction": 1, "price": 0.001, "mark_price": 0.00039582, "iv": 99.93, "instrument_name": "BTC-31MAR23-55000-C", "index_price": 24593.97, "direction": "buy", "amount": 5.1}, {"trade_seq": 272, "trade_id": "242453688", "timestamp": 1676987685721, "tick_direction": 0, "price": 0.001, "mark_price": 0.00039582, "iv": 99.93, "instrument_name": "BTC-31MAR23-55000-C", "index_price": 24593.97, "direction": "buy", "amount": 4.9}, {"trade_seq": 271, "trade_id": "242325770", "timestamp": 1676885516264, "tick_direction": 3, "price": 0.0005, "mark_price": 0.00044805, "iv": 91.54, "instrument_name": "BTC-31MAR23-55000-C", "index_price": 24515.23, "direction": "buy", "amount": 1.0}, {"trade_seq": 270, "trade_id": "242325767", "timestamp": 1676885508250, "tick_direction": 3, "price": 0.0005, "mark_price": 0.00044907, "iv": 91.52, "instrument_name": "BTC-31MAR23-55000-C", "index_price": 24518.85, "direction": "buy", "amount": 1.0}, {"trade_seq": 269, "trade_id": "242279417", "timestamp": 1676843668175, "tick_direction": 2, "price": 0.0005, "mark_price": 0.00047292, "iv": 91.04, "instrument_name": "BTC-31MAR23-55000-C", "index_price": 24507.75, "direction": "buy", "amount": 0.1}, {"trade_seq": 268, "trade_id": "242279416", "timestamp": 1676843660374, "tick_direction": 0, "price": 0.001, "mark_price": 0.00047264, "iv": 98.2, "instrument_name": "BTC-31MAR23-55000-C", "index_price": 24505.83, "direction": "buy", "amount": 0.1}, {"trade_seq": 267, "trade_id": "242224269", "timestamp": 1676794318333, "tick_direction": 3, "price": 0.0005, "mark_price": 0.00053303, "iv": 89.95, "instrument_name": "BTC-31MAR23-55000-C", "index_price": 24605.11, "direction": "sell", "amount": 1.0}, {"trade_seq": 266, "trade_id": "241425075", "timestamp": 1676156054889, "tick_direction": 2, "price": 0.0005, "mark_price": 0.00040235, "iv": 93.58, "instrument_name": "BTC-31MAR23-55000-C", "index_price": 21828.57, "direction": "buy", "amount": 1.0}, {"trade_seq": 265, "trade_id": "241242433", "timestamp": 1675970106043, "tick_direction": 1, "price": 0.001, "mark_price": 0.00070154, "iv": 95.92, "instrument_name": "BTC-31MAR23-55000-C", "index_price": 22417.13, "direction": "buy", "amount": 25.0}, {"trade_seq": 264, "trade_id": "241238027", "timestamp": 1675966038140, "tick_direction": 1, "price": 0.001, "mark_price": 0.0006268, "iv": 95.39, "instrument_name": "BTC-31MAR23-55000-C", "index_price": 22531.79, "direction": "buy", "amount": 0.5}, {"trade_seq": 263, "trade_id": "241238019", "timestamp": 1675966022146, "tick_direction": 1, "price": 0.001, "mark_price": 0.00062424, "iv": 95.38, "instrument_name": "BTC-31MAR23-55000-C", "index_price": 22532.14, "direction": "buy", "amount": 3.0}, {"trade_seq": 262, "trade_id": "241238018", "timestamp": 1675966013055, "tick_direction": 1, "price": 0.001, "mark_price": 0.00062259, "iv": 95.38, "instrument_name": "BTC-31MAR23-55000-C", "index_price": 22531.44, "direction": "buy", "amount": 4.4}, {"trade_seq": 261, "trade_id": "241238017", "timestamp": 1675966013055, "tick_direction": 1, "price": 0.001, "mark_price": 0.00062259, "iv": 95.38, "instrument_name": "BTC-31MAR23-55000-C", "index_price": 22531.44, "direction": "buy", "amount": 0.2}, {"trade_seq": 260, "trade_id": "241238016", "timestamp": 1675966013055, "tick_direction": 1, "price": 0.001, "mark_price": 0.00062259, "iv": 95.38, "instrument_name": "BTC-31MAR23-55000-C", "index_price": 22531.44, "direction": "buy", "amount": 5.0}, {"trade_seq": 259, "trade_id": "241238015", "timestamp": 1675966013055, "tick_direction": 0, "price": 0.001, "mark_price": 0.00062259, "iv": 95.38, "instrument_name": "BTC-31MAR23-55000-C", "index_price": 22531.44, "direction": "buy", "amount": 0.4}, {"trade_seq": 258, "trade_id": "241229290", "timestamp": 1675958385931, "tick_direction": 3, "price": 0.0005, "mark_price": 0.00049753, "iv": 88.23, "instrument_name": "BTC-31MAR23-55000-C", "index_price": 22608.53, "direction": "sell", "block_trade_id": "64284", "amount": 75.0}, {"trade_seq": 257, "trade_id": "240855174", "timestamp": 1675472846315, "tick_direction": 2, "price": 0.0005, "mark_price": 0.00054603, "iv": 80.54, "instrument_name": "BTC-31MAR23-55000-C", "index_price": 23426.87, "direction": "sell", "amount": 0.4}, {"trade_seq": 256, "trade_id": "240735345", "timestamp": 1675357089581, "tick_direction": 1, "price": 0.001, "mark_price": 0.00071863, "iv": 84.27, "instrument_name": "BTC-31MAR23-55000-C", "index_price": 23815.52, "direction": "buy", "amount": 0.1}, {"trade_seq": 255, "trade_id": "240735343", "timestamp": 1675357086709, "tick_direction": 1, "price": 0.001, "mark_price": 0.00071874, "iv": 84.26, "instrument_name": "BTC-31MAR23-55000-C", "index_price": 23817.6, "direction": "buy", "amount": 0.1}, {"trade_seq": 254, "trade_id": "240735342", "timestamp": 1675357083168, "tick_direction": 1, "price": 0.001, "mark_price": 0.00071852, "iv": 84.26, "instrument_name": "BTC-31MAR23-55000-C", "index_price": 23817.85, "direction": "buy", "amount": 0.1}, {"trade_seq": 253, "trade_id": "240735336", "timestamp": 1675357078784, "tick_direction": 1, "price": 0.001, "mark_price": 0.00071757, "iv": 84.28, "instrument_name": "BTC-31MAR23-55000-C", "index_price": 23813.27, "direction": "buy", "amount": 0.1}, {"trade_seq": 252, "trade_id": "240735218", "timestamp": 1675356930765, "tick_direction": 1, "price": 0.001, "mark_price": 0.00071662, "iv": 84.25, "instrument_name": "BTC-31MAR23-55000-C", "index_price": 23822.22, "direction": "buy", "amount": 1.7}, {"trade_seq": 251, "trade_id": "240735217", "timestamp": 1675356930765, "tick_direction": 1, "price": 0.001, "mark_price": 0.00071662, "iv": 84.25, "instrument_name": "BTC-31MAR23-55000-C", "index_price": 23822.22, "direction": "buy", "amount": 10.0}, {"trade_seq": 250, "trade_id": "240735189", "timestamp": 1675356872543, "tick_direction": 1, "price": 0.001, "mark_price": 0.00071433, "iv": 84.27, "instrument_name": "BTC-31MAR23-55000-C", "index_price": 23814.89, "direction": "buy", "amount": 5.0}, {"trade_seq": 249, "trade_id": "240735188", "timestamp": 1675356872543, "tick_direction": 1, "price": 0.001, "mark_price": 0.00071433, "iv": 84.27, "instrument_name": "BTC-31MAR23-55000-C", "index_price": 23814.89, "direction": "buy", "amount": 15.0}, {"trade_seq": 248, "trade_id": "240663034", "timestamp": 1675298432397, "tick_direction": 0, "price": 0.001, "mark_price": 0.00093344, "iv": 83.51, "instrument_name": "BTC-31MAR23-55000-C", "index_price": 23872.89, "direction": "sell", "amount": 1.0}, {"trade_seq": 247, "trade_id": "240542096", "timestamp": 1675182324249, "tick_direction": 3, "price": 0.0005, "mark_price": 0.00071737, "iv": 79.22, "instrument_name": "BTC-31MAR23-55000-C", "index_price": 23119.47, "direction": "sell", "amount": 0.1}, {"trade_seq": 246, "trade_id": "240542053", "timestamp": 1675182166318, "tick_direction": 3, "price": 0.0005, "mark_price": 0.00072042, "iv": 79.19, "instrument_name": "BTC-31MAR23-55000-C", "index_price": 23127.54, "direction": "sell", "amount": 0.1}, {"trade_seq": 245, "trade_id": "240457744", "timestamp": 1675075080097, "tick_direction": 3, "price": 0.001, "mark_price": 0.00072333, "iv": 83.85, "instrument_name": "BTC-31MAR23-55000-C", "index_price": 23293.44, "direction": "buy", "amount": 8.3}, {"trade_seq": 244, "trade_id": "240457743", "timestamp": 1675075080097, "tick_direction": 3, "price": 0.001, "mark_price": 0.00072333, "iv": 83.85, "instrument_name": "BTC-31MAR23-55000-C", "index_price": 23293.44, "direction": "buy", "amount": 1.7}, {"trade_seq": 243, "trade_id": "239859920", "timestamp": 1674356554844, "tick_direction": 1, "price": 0.002, "mark_price": 0.00211469, "iv": 87.33, "instrument_name": "BTC-31MAR23-55000-C", "index_price": 22745.18, "direction": "buy", "amount": 1.4}, {"trade_seq": 242, "trade_id": "239859919", "timestamp": 1674356554842, "tick_direction": 0, "price": 0.002, "mark_price": 0.00211469, "iv": 87.33, "instrument_name": "BTC-31MAR23-55000-C", "index_price": 22745.18, "direction": "sell", "amount": 1.6}, {"trade_seq": 241, "trade_id": "239690735", "timestamp": 1674231654912, "tick_direction": 2, "price": 0.0015, "mark_price": 0.00090094, "iv": 89.03, "instrument_name": "BTC-31MAR23-55000-C", "index_price": 21197.89, "direction": "buy", "amount": 1.0}, {"trade_seq": 240, "trade_id": "239585070", "timestamp": 1674078131196, "tick_direction": 3, "price": 0.0015, "mark_price": 0.00132047, "iv": 89.43, "instrument_name": "BTC-31MAR23-55000-C", "index_price": 20786.23, "direction": "buy", "amount": 1.6}, {"trade_seq": 239, "trade_id": "239584856", "timestamp": 1674077808963, "tick_direction": 3, "price": 0.0015, "mark_price": 0.00123779, "iv": 89.42, "instrument_name": "BTC-31MAR23-55000-C", "index_price": 20789.44, "direction": "buy", "amount": 1.9}, {"trade_seq": 238, "trade_id": "239584855", "timestamp": 1674077808963, "tick_direction": 3, "price": 0.0015, "mark_price": 0.00123779, "iv": 89.42, "instrument_name": "BTC-31MAR23-55000-C", "index_price": 20789.44, "direction": "buy", "amount": 12.8}, {"trade_seq": 237, "trade_id": "239584853", "timestamp": 1674077807601, "tick_direction": 3, "price": 0.0015, "mark_price": 0.00123781, "iv": 89.42, "instrument_name": "BTC-31MAR23-55000-C", "index_price": 20789.47, "direction": "buy", "amount": 15.0}, {"trade_seq": 236, "trade_id": "239584852", "timestamp": 1674077807601, "tick_direction": 3, "price": 0.0015, "mark_price": 0.00123781, "iv": 89.42, "instrument_name": "BTC-31MAR23-55000-C", "index_price": 20789.47, "direction": "buy", "amount": 1.9}, {"trade_seq": 235, "trade_id": "239434914", "timestamp": 1673953770746, "tick_direction": 2, "price": 0.0015, "mark_price": 0.00170903, "iv": 87.2, "instrument_name": "BTC-31MAR23-55000-C", "index_price": 21152.65, "direction": "sell", "amount": 2.0}, {"trade_seq": 234, "trade_id": "239368334", "timestamp": 1673884720310, "tick_direction": 3, "price": 0.002, "mark_price": 0.00172805, "iv": 90.41, "instrument_name": "BTC-31MAR23-55000-C", "index_price": 20988.82, "direction": "buy", "amount": 1.6}, {"trade_seq": 233, "trade_id": "239367005", "timestamp": 1673883965656, "tick_direction": 2, "price": 0.002, "mark_price": 0.00165989, "iv": 90.43, "instrument_name": "BTC-31MAR23-55000-C", "index_price": 20981.74, "direction": "buy", "amount": 1.7}, {"trade_seq": 232, "trade_id": "239342254", "timestamp": 1673859338362, "tick_direction": 0, "price": 0.003, "mark_price": 0.00274329, "iv": 95.98, "instrument_name": "BTC-31MAR23-55000-C", "index_price": 20766.85, "direction": "buy", "amount": 8.0}, {"trade_seq": 231, "trade_id": "239232159", "timestamp": 1673741113225, "tick_direction": 1, "price": 0.0035, "mark_price": 0.00315381, "iv": 96.58, "instrument_name": "BTC-31MAR23-55000-C", "index_price": 20924.71, "direction": "buy", "amount": 24.0}, {"trade_seq": 230, "trade_id": "239232158", "timestamp": 1673741113225, "tick_direction": 0, "price": 0.0035, "mark_price": 0.00315381, "iv": 96.58, "instrument_name": "BTC-31MAR23-55000-C", "index_price": 20924.71, "direction": "buy", "amount": 0.1}, {"trade_seq": 229, "trade_id": "239231159", "timestamp": 1673740340350, "tick_direction": 1, "price": 0.003, "mark_price": 0.00267605, "iv": 94.26, "instrument_name": "BTC-31MAR23-55000-C", "index_price": 21005.44, "direction": "buy", "amount": 2.1}, {"trade_seq": 228, "trade_id": "239231033", "timestamp": 1673740283334, "tick_direction": 1, "price": 0.003, "mark_price": 0.00257699, "iv": 94.19, "instrument_name": "BTC-31MAR23-55000-C", "index_price": 21023.54, "direction": "sell", "amount": 4.3}, {"trade_seq": 227, "trade_id": "239231030", "timestamp": 1673740283146, "tick_direction": 0, "price": 0.003, "mark_price": 0.00257699, "iv": 94.19, "instrument_name": "BTC-31MAR23-55000-C", "index_price": 21023.54, "direction": "buy", "amount": 1.8}, {"trade_seq": 226, "trade_id": "238711740", "timestamp": 1673308960186, "tick_direction": 3, "price": 0.0005, "mark_price": 0.00071854, "iv": 87.6, "instrument_name": "BTC-31MAR23-55000-C", "index_price": 17188.95, "direction": "sell", "amount": 10.0}, {"trade_seq": 225, "trade_id": "238711739", "timestamp": 1673308960186, "tick_direction": 3, "price": 0.0005, "mark_price": 0.00071854, "iv": 87.6, "instrument_name": "BTC-31MAR23-55000-C", "index_price": 17188.95, "direction": "sell", "amount": 1.0}, {"trade_seq": 224, "trade_id": "238711738", "timestamp": 1673308960186, "tick_direction": 2, "price": 0.0005, "mark_price": 0.00071854, "iv": 87.6, "instrument_name": "BTC-31MAR23-55000-C", "index_price": 17188.95, "direction": "sell", "amount": 0.2}, {"trade_seq": 223, "trade_id": "238493324", "timestamp": 1672655516161, "tick_direction": 3, "price": 0.001, "mark_price": 0.00074543, "iv": 91.73, "instrument_name": "BTC-31MAR23-55000-C", "index_price": 16732.63, "direction": "buy", "amount": 9.4}, {"trade_seq": 222, "trade_id": "238449091", "timestamp": 1672458828680, "tick_direction": 3, "price": 0.001, "mark_price": 0.00135461, "iv": 91.38, "instrument_name": "BTC-31MAR23-55000-C", "index_price": 16550.25, "direction": "buy", "amount": 2.6}, {"trade_seq": 221, "trade_id": "238449090", "timestamp": 1672458818738, "tick_direction": 3, "price": 0.001, "mark_price": 0.00143676, "iv": 91.38, "instrument_name": "BTC-31MAR23-55000-C", "index_price": 16550.29, "direction": "sell", "amount": 3.0}, {"trade_seq": 220, "trade_id": "238449089", "timestamp": 1672458818738, "tick_direction": 2, "price": 0.001, "mark_price": 0.00143676, "iv": 91.38, "instrument_name": "BTC-31MAR23-55000-C", "index_price": 16550.29, "direction": "sell", "amount": 5.0}, {"trade_seq": 219, "trade_id": "238213441", "timestamp": 1671782466738, "tick_direction": 2, "price": 0.002, "mark_price": 0.00224087, "iv": 93.72, "instrument_name": "BTC-31MAR23-55000-C", "index_price": 16850.56, "direction": "sell", "amount": 3.3}, {"trade_seq": 218, "trade_id": "238107957", "timestamp": 1671557412395, "tick_direction": 2, "price": 0.002, "mark_price": 0.00245967, "iv": 92.56, "instrument_name": "BTC-31MAR23-55000-C", "index_price": 16812.14, "direction": "sell", "amount": 0.1}, {"trade_seq": 217, "trade_id": "238103243", "timestamp": 1671552501024, "tick_direction": 0, "price": 0.003, "mark_price": 0.00244289, "iv": 96.93, "instrument_name": "BTC-31MAR23-55000-C", "index_price": 16898.2, "direction": "buy", "amount": 0.1}, {"trade_seq": 216, "trade_id": "237978556", "timestamp": 1671328894131, "tick_direction": 3, "price": 0.0025, "mark_price": 0.00273517, "iv": 94.19, "instrument_name": "BTC-31MAR23-55000-C", "index_price": 16717.96, "direction": "sell", "amount": 5.5}, {"trade_seq": 215, "trade_id": "237978104", "timestamp": 1671326062858, "tick_direction": 3, "price": 0.0025, "mark_price": 0.00273451, "iv": 94.11, "instrument_name": "BTC-31MAR23-55000-C", "index_price": 16733.31, "direction": "sell", "amount": 7.8}, {"trade_seq": 214, "trade_id": "237978081", "timestamp": 1671325871636, "tick_direction": 3, "price": 0.0025, "mark_price": 0.00273275, "iv": 94.1, "instrument_name": "BTC-31MAR23-55000-C", "index_price": 16736.1, "direction": "sell", "amount": 7.5}, {"trade_seq": 213, "trade_id": "237976754", "timestamp": 1671322505240, "tick_direction": 3, "price": 0.0025, "mark_price": 0.0027251, "iv": 94.04, "instrument_name": "BTC-31MAR23-55000-C", "index_price": 16755.06, "direction": "sell", "amount": 1.2}, {"trade_seq": 212, "trade_id": "237976753", "timestamp": 1671322505240, "tick_direction": 3, "price": 0.0025, "mark_price": 0.0027251, "iv": 94.04, "instrument_name": "BTC-31MAR23-55000-C", "index_price": 16755.06, "direction": "sell", "amount": 6.5}, {"trade_seq": 211, "trade_id": "237966590", "timestamp": 1671285498085, "tick_direction": 2, "price": 0.0025, "mark_price": 0.00274189, "iv": 94.1, "instrument_name": "BTC-31MAR23-55000-C", "index_price": 16672.06, "direction": "sell", "amount": 16.5}, {"trade_seq": 210, "trade_id": "237657056", "timestamp": 1670941308236, "tick_direction": 2, "price": 0.0031, "mark_price": 0.00349791, "iv": 90.01, "instrument_name": "BTC-31MAR23-55000-C", "index_price": 17949.98, "direction": "sell", "block_trade_id": "58790", "amount": 100.0}, {"trade_seq": 209, "trade_id": "237596686", "timestamp": 1670888350248, "tick_direction": 3, "price": 0.0035, "mark_price": 0.00324503, "iv": 94.05, "instrument_name": "BTC-31MAR23-55000-C", "index_price": 17179.42, "direction": "buy", "amount": 5.0}, {"trade_seq": 208, "trade_id": "237596685", "timestamp": 1670888349607, "tick_direction": 3, "price": 0.0035, "mark_price": 0.00324503, "iv": 94.05, "instrument_name": "BTC-31MAR23-55000-C", "index_price": 17179.41, "direction": "buy", "amount": 5.3}, {"trade_seq": 207, "trade_id": "237582252", "timestamp": 1670858439515, "tick_direction": 3, "price": 0.0035, "mark_price": 0.00373661, "iv": 94.46, "instrument_name": "BTC-31MAR23-55000-C", "index_price": 17034.09, "direction": "sell", "amount": 15.0}, {"trade_seq": 206, "trade_id": "237582245", "timestamp": 1670858355126, "tick_direction": 2, "price": 0.0035, "mark_price": 0.00373921, "iv": 94.47, "instrument_name": "BTC-31MAR23-55000-C", "index_price": 17032.53, "direction": "sell", "amount": 15.0}, {"trade_seq": 205, "trade_id": "237549441", "timestamp": 1670770694841, "tick_direction": 1, "price": 0.004, "mark_price": 0.00374814, "iv": 95.25, "instrument_name": "BTC-31MAR23-55000-C", "index_price": 17156.81, "direction": "buy", "amount": 0.1}, {"trade_seq": 204, "trade_id": "237541814", "timestamp": 1670730342933, "tick_direction": 0, "price": 0.004, "mark_price": 0.00347801, "iv": 95.02, "instrument_name": "BTC-31MAR23-55000-C", "index_price": 17168.15, "direction": "buy", "amount": 10.0}, {"trade_seq": 203, "trade_id": "237528641", "timestamp": 1670658906729, "tick_direction": 2, "price": 0.0035, "mark_price": 0.0037405, "iv": 93.01, "instrument_name": "BTC-31MAR23-55000-C", "index_price": 17158.51, "direction": "sell", "amount": 0.2}, {"trade_seq": 202, "trade_id": "237424077", "timestamp": 1670444195649, "tick_direction": 1, "price": 0.004, "mark_price": 0.00448756, "iv": 94.99, "instrument_name": "BTC-31MAR23-55000-C", "index_price": 16817.39, "direction": "sell", "amount": 4.9}, {"trade_seq": 201, "trade_id": "237424022", "timestamp": 1670444144832, "tick_direction": 1, "price": 0.004, "mark_price": 0.00448721, "iv": 95.0, "instrument_name": "BTC-31MAR23-55000-C", "index_price": 16815.68, "direction": "buy", "amount": 1.4}, {"trade_seq": 200, "trade_id": "237424020", "timestamp": 1670444144106, "tick_direction": 1, "price": 0.004, "mark_price": 0.00448707, "iv": 95.0, "instrument_name": "BTC-31MAR23-55000-C", "index_price": 16815.69, "direction": "buy", "amount": 3.3}, {"trade_seq": 199, "trade_id": "237424019", "timestamp": 1670444144104, "tick_direction": 1, "price": 0.004, "mark_price": 0.00448707, "iv": 95.0, "instrument_name": "BTC-31MAR23-55000-C", "index_price": 16815.69, "direction": "sell", "amount": 5.3}, {"trade_seq": 198, "trade_id": "237424018", "timestamp": 1670444141924, "tick_direction": 1, "price": 0.004, "mark_price": 0.00448767, "iv": 95.0, "instrument_name": "BTC-31MAR23-55000-C", "index_price": 16815.75, "direction": "buy", "amount": 3.9}, {"trade_seq": 197, "trade_id": "237424017", "timestamp": 1670444141922, "tick_direction": 0, "price": 0.004, "mark_price": 0.00448767, "iv": 95.0, "instrument_name": "BTC-31MAR23-55000-C", "index_price": 16815.75, "direction": "sell", "amount": 6.1}, {"trade_seq": 196, "trade_id": "237418468", "timestamp": 1670433901782, "tick_direction": 1, "price": 0.0035, "mark_price": 0.00324252, "iv": 93.15, "instrument_name": "BTC-31MAR23-55000-C", "index_price": 16813.29, "direction": "buy", "amount": 5.0}, {"trade_seq": 195, "trade_id": "237416686", "timestamp": 1670429819576, "tick_direction": 1, "price": 0.003, "mark_price": 0.00269366, "iv": 91.22, "instrument_name": "BTC-31MAR23-55000-C", "index_price": 16824.37, "direction": "buy", "amount": 5.0}, {"trade_seq": 194, "trade_id": "237416685", "timestamp": 1670429819576, "tick_direction": 0, "price": 0.003, "mark_price": 0.00269366, "iv": 91.22, "instrument_name": "BTC-31MAR23-55000-C", "index_price": 16824.37, "direction": "buy", "amount": 5.0}, {"trade_seq": 193, "trade_id": "237416298", "timestamp": 1670429023275, "tick_direction": 2, "price": 0.0025, "mark_price": 0.00249595, "iv": 89.08, "instrument_name": "BTC-31MAR23-55000-C", "index_price": 16845.94, "direction": "sell", "amount": 8.9}, {"trade_seq": 192, "trade_id": "237140219", "timestamp": 1669968322583, "tick_direction": 2, "price": 0.003, "mark_price": 0.00310256, "iv": 88.76, "instrument_name": "BTC-31MAR23-55000-C", "index_price": 16950.48, "direction": "sell", "amount": 1.0}, {"trade_seq": 191, "trade_id": "236914182", "timestamp": 1669727038796, "tick_direction": 3, "price": 0.0035, "mark_price": 0.00347493, "iv": 91.26, "instrument_name": "BTC-31MAR23-55000-C", "index_price": 16477.86, "direction": "buy", "amount": 1.0}, {"trade_seq": 190, "trade_id": "236914181", "timestamp": 1669727038794, "tick_direction": 2, "price": 0.0035, "mark_price": 0.00347493, "iv": 91.26, "instrument_name": "BTC-31MAR23-55000-C", "index_price": 16477.86, "direction": "buy", "amount": 18.0}, {"trade_seq": 189, "trade_id": "236837096", "timestamp": 1669633827427, "tick_direction": 1, "price": 0.004, "mark_price": 0.00319141, "iv": 93.53, "instrument_name": "BTC-31MAR23-55000-C", "index_price": 16215.13, "direction": "buy", "amount": 2.9}, {"trade_seq": 188, "trade_id": "236837094", "timestamp": 1669633823471, "tick_direction": 1, "price": 0.004, "mark_price": 0.00318909, "iv": 93.53, "instrument_name": "BTC-31MAR23-55000-C", "index_price": 16214.76, "direction": "buy", "amount": 2.9}, {"trade_seq": 187, "trade_id": "236837093", "timestamp": 1669633823471, "tick_direction": 1, "price": 0.004, "mark_price": 0.00318909, "iv": 93.53, "instrument_name": "BTC-31MAR23-55000-C", "index_price": 16214.76, "direction": "buy", "amount": 3.1}, {"trade_seq": 186, "trade_id": "236837092", "timestamp": 1669633823471, "tick_direction": 0, "price": 0.004, "mark_price": 0.00318909, "iv": 93.53, "instrument_name": "BTC-31MAR23-55000-C", "index_price": 16214.76, "direction": "buy", "amount": 14.0}, {"trade_seq": 185, "trade_id": "236836925", "timestamp": 1669633654606, "tick_direction": 1, "price": 0.0035, "mark_price": 0.00311769, "iv": 91.93, "instrument_name": "BTC-31MAR23-55000-C", "index_price": 16207.21, "direction": "sell", "amount": 17.8}, {"trade_seq": 184, "trade_id": "236836924", "timestamp": 1669633654565, "tick_direction": 1, "price": 0.0035, "mark_price": 0.00311769, "iv": 91.93, "instrument_name": "BTC-31MAR23-55000-C", "index_price": 16207.21, "direction": "buy", "amount": 2.0}, {"trade_seq": 183, "trade_id": "236836923", "timestamp": 1669633654565, "tick_direction": 0, "price": 0.0035, "mark_price": 0.00311769, "iv": 91.93, "instrument_name": "BTC-31MAR23-55000-C", "index_price": 16207.21, "direction": "buy", "amount": 0.2}, {"trade_seq": 182, "trade_id": "236805267", "timestamp": 1669589644455, "tick_direction": 3, "price": 0.003, "mark_price": 0.00298624, "iv": 88.44, "instrument_name": "BTC-31MAR23-55000-C", "index_price": 16574.66, "direction": "sell", "amount": 0.1}, {"trade_seq": 181, "trade_id": "236687480", "timestamp": 1669301275663, "tick_direction": 2, "price": 0.003, "mark_price": 0.00268965, "iv": 87.75, "instrument_name": "BTC-31MAR23-55000-C", "index_price": 16507.42, "direction": "buy", "amount": 0.1}, {"trade_seq": 180, "trade_id": "236498803", "timestamp": 1669061840055, "tick_direction": 0, "price": 0.0045, "mark_price": 0.00375719, "iv": 94.44, "instrument_name": "BTC-31MAR23-55000-C", "index_price": 15802.83, "direction": "buy", "amount": 10.0}, {"trade_seq": 179, "trade_id": "236367309", "timestamp": 1668914927259, "tick_direction": 3, "price": 0.0035, "mark_price": 0.0029698, "iv": 87.61, "instrument_name": "BTC-31MAR23-55000-C", "index_price": 16667.46, "direction": "sell", "amount": 2.3}, {"trade_seq": 178, "trade_id": "236367308", "timestamp": 1668914926790, "tick_direction": 3, "price": 0.0035, "mark_price": 0.0029698, "iv": 87.61, "instrument_name": "BTC-31MAR23-55000-C", "index_price": 16667.46, "direction": "sell", "amount": 9.8}, {"trade_seq": 177, "trade_id": "236367307", "timestamp": 1668914926788, "tick_direction": 2, "price": 0.0035, "mark_price": 0.0029698, "iv": 87.61, "instrument_name": "BTC-31MAR23-55000-C", "index_price": 16667.46, "direction": "buy", "amount": 2.6}, {"trade_seq": 176, "trade_id": "235895233", "timestamp": 1668438789979, "tick_direction": 1, "price": 0.004, "mark_price": 0.00336766, "iv": 87.63, "instrument_name": "BTC-31MAR23-55000-C", "index_price": 16596.49, "direction": "buy", "amount": 4.6}, {"trade_seq": 175, "trade_id": "235895232", "timestamp": 1668438789979, "tick_direction": 0, "price": 0.004, "mark_price": 0.00336766, "iv": 87.63, "instrument_name": "BTC-31MAR23-55000-C", "index_price": 16596.49, "direction": "buy", "amount": 2.0}, {"trade_seq": 174, "trade_id": "235759526", "timestamp": 1668395969462, "tick_direction": 2, "price": 0.0035, "mark_price": 0.00284852, "iv": 87.77, "instrument_name": "BTC-31MAR23-55000-C", "index_price": 16107.3, "direction": "buy", "amount": 6.0}, {"trade_seq": 173, "trade_id": "234775734", "timestamp": 1668034531863, "tick_direction": 1, "price": 0.005, "mark_price": 0.00595317, "iv": 90.87, "instrument_name": "BTC-31MAR23-55000-C", "index_price": 15961.89, "direction": "sell", "amount": 5.0}, {"trade_seq": 172, "trade_id": "234137098", "timestamp": 1667931763803, "tick_direction": 0, "price": 0.005, "mark_price": 0.004471, "iv": 80.05, "instrument_name": "BTC-31MAR23-55000-C", "index_price": 18919.93, "direction": "buy", "amount": 1.0}, {"trade_seq": 171, "trade_id": "233449650", "timestamp": 1667431110878, "tick_direction": 2, "price": 0.0045, "mark_price": 0.00395497, "iv": 73.66, "instrument_name": "BTC-31MAR23-55000-C", "index_price": 20144.5, "direction": "sell", "amount": 0.5}, {"trade_seq": 170, "trade_id": "233370188", "timestamp": 1667378216911, "tick_direction": 2, "price": 0.005, "mark_price": 0.00496051, "iv": 73.8, "instrument_name": "BTC-31MAR23-55000-C", "index_price": 20441.26, "direction": "buy", "amount": 16.4}, {"trade_seq": 169, "trade_id": "233360876", "timestamp": 1667357729936, "tick_direction": 0, "price": 0.0055, "mark_price": 0.00499446, "iv": 74.54, "instrument_name": "BTC-31MAR23-55000-C", "index_price": 20522.32, "direction": "buy", "amount": 1.0}, {"trade_seq": 168, "trade_id": "233247370", "timestamp": 1667198324833, "tick_direction": 3, "price": 0.005, "mark_price": 0.00491076, "iv": 73.16, "instrument_name": "BTC-31MAR23-55000-C", "index_price": 20477.64, "direction": "sell", "amount": 0.5}, {"trade_seq": 167, "trade_id": "233148546", "timestamp": 1667033732534, "tick_direction": 2, "price": 0.005, "mark_price": 0.00521893, "iv": 71.46, "instrument_name": "BTC-31MAR23-55000-C", "index_price": 20934.7, "direction": "buy", "amount": 0.1}, {"trade_seq": 166, "trade_id": "232887710", "timestamp": 1666801548045, "tick_direction": 0, "price": 0.006, "mark_price": 0.00654039, "iv": 73.08, "instrument_name": "BTC-31MAR23-55000-C", "index_price": 20849.02, "direction": "sell", "amount": 0.5}, {"trade_seq": 165, "trade_id": "232813080", "timestamp": 1666773524042, "tick_direction": 1, "price": 0.0055, "mark_price": 0.00569884, "iv": 72.32, "instrument_name": "BTC-31MAR23-55000-C", "index_price": 20723.71, "direction": "buy", "amount": 1.7}, {"trade_seq": 164, "trade_id": "232811046", "timestamp": 1666773463161, "tick_direction": 1, "price": 0.0055, "mark_price": 0.00556594, "iv": 72.72, "instrument_name": "BTC-31MAR23-55000-C", "index_price": 20587.98, "direction": "buy", "amount": 0.1}, {"trade_seq": 163, "trade_id": "232811040", "timestamp": 1666773463135, "tick_direction": 0, "price": 0.0055, "mark_price": 0.00556594, "iv": 72.72, "instrument_name": "BTC-31MAR23-55000-C", "index_price": 20587.98, "direction": "buy", "amount": 3.2}, {"trade_seq": 162, "trade_id": "232725326", "timestamp": 1666724872167, "tick_direction": 1, "price": 0.005, "mark_price": 0.00457642, "iv": 72.28, "instrument_name": "BTC-31MAR23-55000-C", "index_price": 20342.4, "direction": "sell", "amount": 1.5}, {"trade_seq": 161, "trade_id": "232725325", "timestamp": 1666724871957, "tick_direction": 1, "price": 0.005, "mark_price": 0.00457642, "iv": 72.28, "instrument_name": "BTC-31MAR23-55000-C", "index_price": 20342.4, "direction": "buy", "amount": 3.5}, {"trade_seq": 160, "trade_id": "232717692", "timestamp": 1666722693823, "tick_direction": 0, "price": 0.005, "mark_price": 0.00463676, "iv": 72.18, "instrument_name": "BTC-31MAR23-55000-C", "index_price": 20379.99, "direction": "buy", "amount": 1.0}, {"trade_seq": 159, "trade_id": "232618992", "timestamp": 1666640836732, "tick_direction": 3, "price": 0.0035, "mark_price": 0.00374028, "iv": 71.22, "instrument_name": "BTC-31MAR23-55000-C", "index_price": 19372.75, "direction": "buy", "amount": 1.2}, {"trade_seq": 158, "trade_id": "232618991", "timestamp": 1666640836417, "tick_direction": 3, "price": 0.0035, "mark_price": 0.00374028, "iv": 71.22, "instrument_name": "BTC-31MAR23-55000-C", "index_price": 19372.74, "direction": "buy", "amount": 5.1}, {"trade_seq": 157, "trade_id": "232618990", "timestamp": 1666640836415, "tick_direction": 2, "price": 0.0035, "mark_price": 0.00374028, "iv": 71.22, "instrument_name": "BTC-31MAR23-55000-C", "index_price": 19372.74, "direction": "sell", "amount": 3.7}, {"trade_seq": 156, "trade_id": "232591517", "timestamp": 1666604758684, "tick_direction": 3, "price": 0.004, "mark_price": 0.00398877, "iv": 72.47, "instrument_name": "BTC-31MAR23-55000-C", "index_price": 19359.89, "direction": "buy", "amount": 1.0}, {"trade_seq": 155, "trade_id": "232591514", "timestamp": 1666604715308, "tick_direction": 3, "price": 0.004, "mark_price": 0.00398669, "iv": 72.47, "instrument_name": "BTC-31MAR23-55000-C", "index_price": 19358.07, "direction": "buy", "amount": 1.0}, {"trade_seq": 154, "trade_id": "232581187", "timestamp": 1666586236052, "tick_direction": 3, "price": 0.004, "mark_price": 0.00405031, "iv": 72.51, "instrument_name": "BTC-31MAR23-55000-C", "index_price": 19328.86, "direction": "sell", "amount": 1.0}, {"trade_seq": 153, "trade_id": "232538631", "timestamp": 1666516957124, "tick_direction": 3, "price": 0.004, "mark_price": 0.00424551, "iv": 72.76, "instrument_name": "BTC-31MAR23-55000-C", "index_price": 19181.81, "direction": "sell", "amount": 5.6}, {"trade_seq": 152, "trade_id": "232538404", "timestamp": 1666515407273, "tick_direction": 3, "price": 0.004, "mark_price": 0.00425017, "iv": 72.76, "instrument_name": "BTC-31MAR23-55000-C", "index_price": 19180.54, "direction": "sell", "amount": 2.8}, {"trade_seq": 151, "trade_id": "232531673", "timestamp": 1666479621895, "tick_direction": 3, "price": 0.004, "mark_price": 0.00424661, "iv": 72.61, "instrument_name": "BTC-31MAR23-55000-C", "index_price": 19196.49, "direction": "sell", "amount": 5.0}, {"trade_seq": 150, "trade_id": "232515493", "timestamp": 1666424098831, "tick_direction": 3, "price": 0.004, "mark_price": 0.00424672, "iv": 72.59, "instrument_name": "BTC-31MAR23-55000-C", "index_price": 19156.87, "direction": "sell", "amount": 10.7}, {"trade_seq": 149, "trade_id": "232514980", "timestamp": 1666420402655, "tick_direction": 3, "price": 0.004, "mark_price": 0.00424449, "iv": 72.63, "instrument_name": "BTC-31MAR23-55000-C", "index_price": 19140.43, "direction": "sell", "amount": 3.3}, {"trade_seq": 148, "trade_id": "232514455", "timestamp": 1666417055475, "tick_direction": 3, "price": 0.004, "mark_price": 0.00424397, "iv": 72.59, "instrument_name": "BTC-31MAR23-55000-C", "index_price": 19147.22, "direction": "sell", "amount": 10.6}, {"trade_seq": 147, "trade_id": "232467438", "timestamp": 1666355984784, "tick_direction": 3, "price": 0.004, "mark_price": 0.00426832, "iv": 73.54, "instrument_name": "BTC-31MAR23-55000-C", "index_price": 18786.07, "direction": "sell", "amount": 1.0}, {"trade_seq": 146, "trade_id": "232467426", "timestamp": 1666355979541, "tick_direction": 2, "price": 0.004, "mark_price": 0.00426825, "iv": 73.54, "instrument_name": "BTC-31MAR23-55000-C", "index_price": 18786.68, "direction": "sell", "amount": 1.0}, {"trade_seq": 145, "trade_id": "232116312", "timestamp": 1665912630402, "tick_direction": 3, "price": 0.005, "mark_price": 0.00490207, "iv": 73.66, "instrument_name": "BTC-31MAR23-55000-C", "index_price": 19147.73, "direction": "sell", "amount": 1.0}, {"trade_seq": 144, "trade_id": "232021483", "timestamp": 1665747122188, "tick_direction": 3, "price": 0.005, "mark_price": 0.00456502, "iv": 71.7, "instrument_name": "BTC-31MAR23-55000-C", "index_price": 19673.01, "direction": "buy", "amount": 1.0}, {"trade_seq": 143, "trade_id": "231882663", "timestamp": 1665667966613, "tick_direction": 2, "price": 0.005, "mark_price": 0.00568388, "iv": 75.5, "instrument_name": "BTC-31MAR23-55000-C", "index_price": 18294.98, "direction": "sell", "amount": 1.0}, {"trade_seq": 142, "trade_id": "231831304", "timestamp": 1665657763039, "tick_direction": 3, "price": 0.006, "mark_price": 0.00616955, "iv": 76.48, "instrument_name": "BTC-31MAR23-55000-C", "index_price": 18647.7, "direction": "buy", "amount": 0.1}, {"trade_seq": 141, "trade_id": "231804390", "timestamp": 1665639824074, "tick_direction": 3, "price": 0.006, "mark_price": 0.00673981, "iv": 75.02, "instrument_name": "BTC-31MAR23-55000-C", "index_price": 19108.06, "direction": "sell", "amount": 6.1}, {"trade_seq": 140, "trade_id": "231798489", "timestamp": 1665629131356, "tick_direction": 2, "price": 0.006, "mark_price": 0.00671252, "iv": 75.1, "instrument_name": "BTC-31MAR23-55000-C", "index_price": 19070.34, "direction": "sell", "amount": 1.0}, {"trade_seq": 139, "trade_id": "231577733", "timestamp": 1665384204450, "tick_direction": 3, "price": 0.007, "mark_price": 0.00668556, "iv": 75.34, "instrument_name": "BTC-31MAR23-55000-C", "index_price": 19395.18, "direction": "buy", "amount": 0.1}, {"trade_seq": 138, "trade_id": "231577732", "timestamp": 1665384204450, "tick_direction": 2, "price": 0.007, "mark_price": 0.00668556, "iv": 75.34, "instrument_name": "BTC-31MAR23-55000-C", "index_price": 19395.18, "direction": "buy", "amount": 1.0}, {"trade_seq": 137, "trade_id": "230902860", "timestamp": 1664700744383, "tick_direction": 3, "price": 0.008, "mark_price": 0.00817365, "iv": 75.56, "instrument_name": "BTC-31MAR23-55000-C", "index_price": 19271.32, "direction": "buy", "amount": 1.2}, {"trade_seq": 136, "trade_id": "230729855", "timestamp": 1664525134650, "tick_direction": 2, "price": 0.008, "mark_price": 0.00895617, "iv": 74.3, "instrument_name": "BTC-31MAR23-55000-C", "index_price": 19593.24, "direction": "sell", "amount": 1.1}, {"trade_seq": 135, "trade_id": "230333134", "timestamp": 1664266178183, "tick_direction": 0, "price": 0.0095, "mark_price": 0.0101796, "iv": 74.11, "instrument_name": "BTC-31MAR23-55000-C", "index_price": 20193.89, "direction": "sell", "amount": 1.8}, {"trade_seq": 134, "trade_id": "229929766", "timestamp": 1663861932253, "tick_direction": 2, "price": 0.0085, "mark_price": 0.00857674, "iv": 75.14, "instrument_name": "BTC-31MAR23-55000-C", "index_price": 19018.99, "direction": "buy", "amount": 0.5}, {"trade_seq": 133, "trade_id": "229698849", "timestamp": 1663749863428, "tick_direction": 2, "price": 0.009, "mark_price": 0.00883385, "iv": 75.95, "instrument_name": "BTC-31MAR23-55000-C", "index_price": 18891.0, "direction": "sell", "amount": 4.0}, {"trade_seq": 132, "trade_id": "229492804", "timestamp": 1663577613741, "tick_direction": 2, "price": 0.0095, "mark_price": 0.00945537, "iv": 77.55, "instrument_name": "BTC-31MAR23-55000-C", "index_price": 18442.36, "direction": "sell", "amount": 1.0}, {"trade_seq": 131, "trade_id": "229124888", "timestamp": 1663133303904, "tick_direction": 3, "price": 0.0165, "mark_price": 0.01599003, "iv": 78.77, "instrument_name": "BTC-31MAR23-55000-C", "index_price": 20347.03, "direction": "buy", "amount": 1.7}, {"trade_seq": 130, "trade_id": "229122216", "timestamp": 1663128089427, "tick_direction": 3, "price": 0.0165, "mark_price": 0.01598112, "iv": 78.84, "instrument_name": "BTC-31MAR23-55000-C", "index_price": 20324.0, "direction": "buy", "amount": 0.5}, {"trade_seq": 129, "trade_id": "229121859", "timestamp": 1663127035793, "tick_direction": 2, "price": 0.0165, "mark_price": 0.01607661, "iv": 78.75, "instrument_name": "BTC-31MAR23-55000-C", "index_price": 20345.61, "direction": "buy", "amount": 0.5}, {"trade_seq": 128, "trade_id": "228978393", "timestamp": 1663069789616, "tick_direction": 1, "price": 0.0225, "mark_price": 0.02221879, "iv": 77.47, "instrument_name": "BTC-31MAR23-55000-C", "index_price": 22554.98, "direction": "sell", "amount": 5.0}, {"trade_seq": 127, "trade_id": "228978370", "timestamp": 1663069760366, "tick_direction": 0, "price": 0.0225, "mark_price": 0.02222508, "iv": 77.47, "instrument_name": "BTC-31MAR23-55000-C", "index_price": 22552.99, "direction": "sell", "amount": 5.0}, {"trade_seq": 126, "trade_id": "228792766", "timestamp": 1662856809152, "tick_direction": 0, "price": 0.02, "mark_price": 0.02393835, "iv": 77.63, "instrument_name": "BTC-31MAR23-55000-C", "index_price": 21591.61, "direction": "sell", "amount": 0.1}, {"trade_seq": 125, "trade_id": "228759524", "timestamp": 1662800208994, "tick_direction": 0, "price": 0.0185, "mark_price": 0.01772586, "iv": 77.01, "instrument_name": "BTC-31MAR23-55000-C", "index_price": 21355.17, "direction": "buy", "amount": 1.9}, {"trade_seq": 124, "trade_id": "228467987", "timestamp": 1662536899988, "tick_direction": 3, "price": 0.012, "mark_price": 0.01227644, "iv": 77.26, "instrument_name": "BTC-31MAR23-55000-C", "index_price": 18809.13, "direction": "buy", "amount": 2.4}, {"trade_seq": 123, "trade_id": "228467986", "timestamp": 1662536899975, "tick_direction": 2, "price": 0.012, "mark_price": 0.01227644, "iv": 77.26, "instrument_name": "BTC-31MAR23-55000-C", "index_price": 18809.13, "direction": "buy", "amount": 6.1}, {"trade_seq": 122, "trade_id": "228020203", "timestamp": 1662022417273, "tick_direction": 2, "price": 0.016, "mark_price": 0.01509548, "iv": 77.15, "instrument_name": "BTC-31MAR23-55000-C", "index_price": 19897.42, "direction": "buy", "amount": 0.1}, {"trade_seq": 121, "trade_id": "227922312", "timestamp": 1661912466603, "tick_direction": 1, "price": 0.0175, "mark_price": 0.01708012, "iv": 76.99, "instrument_name": "BTC-31MAR23-55000-C", "index_price": 20349.31, "direction": "sell", "amount": 0.1}, {"trade_seq": 120, "trade_id": "227878762", "timestamp": 1661872325575, "tick_direction": 1, "price": 0.0175, "mark_price": 0.0157873, "iv": 78.57, "instrument_name": "BTC-31MAR23-55000-C", "index_price": 19741.02, "direction": "buy", "amount": 0.5}, {"trade_seq": 119, "trade_id": "227774978", "timestamp": 1661762702504, "tick_direction": 0, "price": 0.0175, "mark_price": 0.01644058, "iv": 78.17, "instrument_name": "BTC-31MAR23-55000-C", "index_price": 19827.49, "direction": "buy", "amount": 1.8}, {"trade_seq": 118, "trade_id": "227774149", "timestamp": 1661761541701, "tick_direction": 3, "price": 0.0155, "mark_price": 0.01686292, "iv": 76.29, "instrument_name": "BTC-31MAR23-55000-C", "index_price": 19847.1, "direction": "sell", "amount": 4.0}, {"trade_seq": 117, "trade_id": "227774148", "timestamp": 1661761541701, "tick_direction": 2, "price": 0.0155, "mark_price": 0.01686292, "iv": 76.29, "instrument_name": "BTC-31MAR23-55000-C", "index_price": 19847.1, "direction": "sell", "amount": 13.9}, {"trade_seq": 116, "trade_id": "227768047", "timestamp": 1661752877269, "tick_direction": 0, "price": 0.017, "mark_price": 0.01593429, "iv": 77.84, "instrument_name": "BTC-31MAR23-55000-C", "index_price": 19766.52, "direction": "buy", "amount": 1.0}, {"trade_seq": 115, "trade_id": "227768036", "timestamp": 1661752841955, "tick_direction": 1, "price": 0.016, "mark_price": 0.01590486, "iv": 76.94, "instrument_name": "BTC-31MAR23-55000-C", "index_price": 19764.58, "direction": "buy", "amount": 1.0}, {"trade_seq": 114, "trade_id": "227767682", "timestamp": 1661752250634, "tick_direction": 0, "price": 0.016, "mark_price": 0.01605988, "iv": 76.9, "instrument_name": "BTC-31MAR23-55000-C", "index_price": 19774.89, "direction": "buy", "amount": 1.0}, {"trade_seq": 113, "trade_id": "227702043", "timestamp": 1661639074460, "tick_direction": 3, "price": 0.015, "mark_price": 0.01643071, "iv": 75.47, "instrument_name": "BTC-31MAR23-55000-C", "index_price": 19892.63, "direction": "buy", "amount": 3.0}, {"trade_seq": 112, "trade_id": "227702042", "timestamp": 1661639074456, "tick_direction": 3, "price": 0.015, "mark_price": 0.01643071, "iv": 75.47, "instrument_name": "BTC-31MAR23-55000-C", "index_price": 19892.63, "direction": "sell", "amount": 1.0}, {"trade_seq": 111, "trade_id": "227702041", "timestamp": 1661639074456, "tick_direction": 2, "price": 0.015, "mark_price": 0.01643071, "iv": 75.47, "instrument_name": "BTC-31MAR23-55000-C", "index_price": 19892.63, "direction": "sell", "amount": 1.0}, {"trade_seq": 110, "trade_id": "227509129", "timestamp": 1661508074851, "tick_direction": 3, "price": 0.0205, "mark_price": 0.02181261, "iv": 75.61, "instrument_name": "BTC-31MAR23-55000-C", "index_price": 21444.37, "direction": "sell", "amount": 1.0}, {"trade_seq": 109, "trade_id": "227509128", "timestamp": 1661508074851, "tick_direction": 2, "price": 0.0205, "mark_price": 0.02181261, "iv": 75.61, "instrument_name": "BTC-31MAR23-55000-C", "index_price": 21444.37, "direction": "sell", "amount": 1.9}, {"trade_seq": 108, "trade_id": "227506820", "timestamp": 1661503767671, "tick_direction": 2, "price": 0.021, "mark_price": 0.02243564, "iv": 76.0, "instrument_name": "BTC-31MAR23-55000-C", "index_price": 21443.84, "direction": "sell", "amount": 0.1}, {"trade_seq": 107, "trade_id": "227447337", "timestamp": 1661436666262, "tick_direction": 3, "price": 0.0215, "mark_price": 0.022717, "iv": 75.6, "instrument_name": "BTC-31MAR23-55000-C", "index_price": 21686.8, "direction": "sell", "amount": 4.0}, {"trade_seq": 106, "trade_id": "227447336", "timestamp": 1661436666262, "tick_direction": 3, "price": 0.0215, "mark_price": 0.022717, "iv": 75.6, "instrument_name": "BTC-31MAR23-55000-C", "index_price": 21686.8, "direction": "sell", "amount": 5.1}, {"trade_seq": 105, "trade_id": "227447335", "timestamp": 1661436666262, "tick_direction": 3, "price": 0.0215, "mark_price": 0.022717, "iv": 75.6, "instrument_name": "BTC-31MAR23-55000-C", "index_price": 21686.8, "direction": "sell", "amount": 8.0}, {"trade_seq": 104, "trade_id": "227447316", "timestamp": 1661436645890, "tick_direction": 3, "price": 0.0215, "mark_price": 0.02272038, "iv": 75.6, "instrument_name": "BTC-31MAR23-55000-C", "index_price": 21686.88, "direction": "sell", "amount": 4.2}, {"trade_seq": 103, "trade_id": "227447315", "timestamp": 1661436645890, "tick_direction": 2, "price": 0.0215, "mark_price": 0.02272038, "iv": 75.6, "instrument_name": "BTC-31MAR23-55000-C", "index_price": 21686.88, "direction": "sell", "amount": 1.7}, {"trade_seq": 102, "trade_id": "227267247", "timestamp": 1661193597889, "tick_direction": 3, "price": 0.0245, "mark_price": 0.02532953, "iv": 78.91, "instrument_name": "BTC-31MAR23-55000-C", "index_price": 21038.23, "direction": "sell", "amount": 1.5}, {"trade_seq": 101, "trade_id": "227267009", "timestamp": 1661193490736, "tick_direction": 2, "price": 0.0245, "mark_price": 0.02539064, "iv": 78.87, "instrument_name": "BTC-31MAR23-55000-C", "index_price": 21051.7, "direction": "sell", "amount": 1.4}, {"trade_seq": 100, "trade_id": "227219929", "timestamp": 1661152042029, "tick_direction": 3, "price": 0.025, "mark_price": 0.02524914, "iv": 78.23, "instrument_name": "BTC-31MAR23-55000-C", "index_price": 21362.28, "direction": "buy", "amount": 5.0}, {"trade_seq": 99, "trade_id": "227219918", "timestamp": 1661152016904, "tick_direction": 2, "price": 0.025, "mark_price": 0.02523457, "iv": 78.24, "instrument_name": "BTC-31MAR23-55000-C", "index_price": 21360.75, "direction": "buy", "amount": 5.0}, {"trade_seq": 98, "trade_id": "227216120", "timestamp": 1661141990681, "tick_direction": 0, "price": 0.0255, "mark_price": 0.02384162, "iv": 78.48, "instrument_name": "BTC-31MAR23-55000-C", "index_price": 21395.61, "direction": "sell", "amount": 1.0}, {"trade_seq": 97, "trade_id": "227068062", "timestamp": 1660939459933, "tick_direction": 2, "price": 0.025, "mark_price": 0.0247265, "iv": 77.87, "instrument_name": "BTC-31MAR23-55000-C", "index_price": 21372.12, "direction": "sell", "amount": 1.0}, {"trade_seq": 96, "trade_id": "226788574", "timestamp": 1660746509854, "tick_direction": 0, "price": 0.03, "mark_price": 0.02916886, "iv": 75.07, "instrument_name": "BTC-31MAR23-55000-C", "index_price": 23406.48, "direction": "buy", "amount": 2.1}, {"trade_seq": 95, "trade_id": "226786501", "timestamp": 1660745172397, "tick_direction": 2, "price": 0.0295, "mark_price": 0.02909848, "iv": 74.7, "instrument_name": "BTC-31MAR23-55000-C", "index_price": 23443.91, "direction": "buy", "amount": 1.0}, {"trade_seq": 94, "trade_id": "226766256", "timestamp": 1660732758170, "tick_direction": 0, "price": 0.031, "mark_price": 0.03110279, "iv": 74.72, "instrument_name": "BTC-31MAR23-55000-C", "index_price": 23781.55, "direction": "buy", "amount": 5.6}, {"trade_seq": 93, "trade_id": "226766221", "timestamp": 1660732735470, "tick_direction": 2, "price": 0.03, "mark_price": 0.0311345, "iv": 74.12, "instrument_name": "BTC-31MAR23-55000-C", "index_price": 23783.6, "direction": "sell", "amount": 2.2}, {"trade_seq": 92, "trade_id": "226753962", "timestamp": 1660723422975, "tick_direction": 1, "price": 0.032, "mark_price": 0.03151187, "iv": 75.18, "instrument_name": "BTC-31MAR23-55000-C", "index_price": 23790.24, "direction": "sell", "amount": 1.8}, {"trade_seq": 91, "trade_id": "226715708", "timestamp": 1660688273679, "tick_direction": 0, "price": 0.032, "mark_price": 0.03065933, "iv": 74.93, "instrument_name": "BTC-31MAR23-55000-C", "index_price": 23884.57, "direction": "sell", "amount": 1.7}, {"trade_seq": 90, "trade_id": "226715425", "timestamp": 1660688089466, "tick_direction": 2, "price": 0.0315, "mark_price": 0.02908414, "iv": 74.63, "instrument_name": "BTC-31MAR23-55000-C", "index_price": 23910.3, "direction": "buy", "amount": 10.6}, {"trade_seq": 89, "trade_id": "226715424", "timestamp": 1660688089429, "tick_direction": 0, "price": 0.042, "mark_price": 0.02908414, "iv": 80.39, "instrument_name": "BTC-31MAR23-55000-C", "index_price": 23910.3, "direction": "buy", "amount": 1.0}, {"trade_seq": 88, "trade_id": "226715423", "timestamp": 1660688089429, "tick_direction": 0, "price": 0.032, "mark_price": 0.02908414, "iv": 74.92, "instrument_name": "BTC-31MAR23-55000-C", "index_price": 23910.3, "direction": "buy", "amount": 2.5}, {"trade_seq": 87, "trade_id": "226715422", "timestamp": 1660688089429, "tick_direction": 0, "price": 0.0315, "mark_price": 0.02908414, "iv": 74.63, "instrument_name": "BTC-31MAR23-55000-C", "index_price": 23910.3, "direction": "buy", "amount": 2.4}, {"trade_seq": 86, "trade_id": "226666436", "timestamp": 1660636392454, "tick_direction": 2, "price": 0.028, "mark_price": 0.02913528, "iv": 72.14, "instrument_name": "BTC-31MAR23-55000-C", "index_price": 24004.82, "direction": "sell", "amount": 0.3}, {"trade_seq": 85, "trade_id": "226580332", "timestamp": 1660543509328, "tick_direction": 3, "price": 0.032, "mark_price": 0.03250813, "iv": 72.41, "instrument_name": "BTC-31MAR23-55000-C", "index_price": 24745.48, "direction": "buy", "amount": 0.2}, {"trade_seq": 84, "trade_id": "226551374", "timestamp": 1660518639947, "tick_direction": 3, "price": 0.032, "mark_price": 0.03188703, "iv": 73.58, "instrument_name": "BTC-31MAR23-55000-C", "index_price": 24262.06, "direction": "buy", "amount": 0.4}, {"trade_seq": 83, "trade_id": "226551373", "timestamp": 1660518639945, "tick_direction": 2, "price": 0.032, "mark_price": 0.03188703, "iv": 73.58, "instrument_name": "BTC-31MAR23-55000-C", "index_price": 24262.06, "direction": "sell", "amount": 1.7}, {"trade_seq": 82, "trade_id": "226537445", "timestamp": 1660496442537, "tick_direction": 2, "price": 0.0325, "mark_price": 0.03209047, "iv": 73.71, "instrument_name": "BTC-31MAR23-55000-C", "index_price": 24289.89, "direction": "sell", "amount": 1.3}, {"trade_seq": 81, "trade_id": "226535848", "timestamp": 1660495481469, "tick_direction": 2, "price": 0.033, "mark_price": 0.03252696, "iv": 73.63, "instrument_name": "BTC-31MAR23-55000-C", "index_price": 24421.39, "direction": "sell", "amount": 1.1}, {"trade_seq": 80, "trade_id": "226529994", "timestamp": 1660482978182, "tick_direction": 2, "price": 0.0335, "mark_price": 0.03378839, "iv": 73.76, "instrument_name": "BTC-31MAR23-55000-C", "index_price": 24480.69, "direction": "sell", "amount": 1.0}, {"trade_seq": 79, "trade_id": "226489180", "timestamp": 1660409717860, "tick_direction": 0, "price": 0.034, "mark_price": 0.03348594, "iv": 73.99, "instrument_name": "BTC-31MAR23-55000-C", "index_price": 24481.39, "direction": "sell", "amount": 1.0}, {"trade_seq": 78, "trade_id": "226301866", "timestamp": 1660219980952, "tick_direction": 2, "price": 0.033, "mark_price": 0.03305626, "iv": 72.66, "instrument_name": "BTC-31MAR23-55000-C", "index_price": 24665.76, "direction": "buy", "amount": 0.1}, {"trade_seq": 77, "trade_id": "226286315", "timestamp": 1660202566654, "tick_direction": 1, "price": 0.0335, "mark_price": 0.03305619, "iv": 73.02, "instrument_name": "BTC-31MAR23-55000-C", "index_price": 24622.57, "direction": "sell", "amount": 0.1}, {"trade_seq": 76, "trade_id": "226286307", "timestamp": 1660202555488, "tick_direction": 0, "price": 0.0335, "mark_price": 0.03308429, "iv": 73.01, "instrument_name": "BTC-31MAR23-55000-C", "index_price": 24627.46, "direction": "sell", "amount": 0.1}, {"trade_seq": 75, "trade_id": "226253139", "timestamp": 1660167005952, "tick_direction": 0, "price": 0.0325, "mark_price": 0.03229032, "iv": 73.73, "instrument_name": "BTC-31MAR23-55000-C", "index_price": 24077.39, "direction": "buy", "amount": 5.0}, {"trade_seq": 74, "trade_id": "225875609", "timestamp": 1659703661390, "tick_direction": 2, "price": 0.0315, "mark_price": 0.03095978, "iv": 74.83, "instrument_name": "BTC-31MAR23-55000-C", "index_price": 23001.72, "direction": "sell", "amount": 0.1}, {"trade_seq": 73, "trade_id": "225726113", "timestamp": 1659554900967, "tick_direction": 0, "price": 0.0343, "mark_price": 0.03336422, "iv": 74.99, "instrument_name": "BTC-31MAR23-55000-C", "index_price": 23474.9, "direction": "buy", "block_trade_id": "46471", "amount": 100.0}, {"trade_seq": 72, "trade_id": "225721492", "timestamp": 1659548697824, "tick_direction": 0, "price": 0.034, "mark_price": 0.03304019, "iv": 74.76, "instrument_name": "BTC-31MAR23-55000-C", "index_price": 23487.91, "direction": "buy", "block_trade_id": "46460", "amount": 50.0}, {"trade_seq": 71, "trade_id": "225719214", "timestamp": 1659546794651, "tick_direction": 2, "price": 0.033, "mark_price": 0.03216493, "iv": 74.23, "instrument_name": "BTC-31MAR23-55000-C", "index_price": 23434.37, "direction": "buy", "block_trade_id": "46458", "amount": 50.0}, {"trade_seq": 70, "trade_id": "225719211", "timestamp": 1659546794637, "tick_direction": 2, "price": 0.0335, "mark_price": 0.03216493, "iv": 74.51, "instrument_name": "BTC-31MAR23-55000-C", "index_price": 23434.37, "direction": "buy", "block_trade_id": "46457", "amount": 25.0}, {"trade_seq": 69, "trade_id": "225718858", "timestamp": 1659546477568, "tick_direction": 0, "price": 0.034, "mark_price": 0.03227844, "iv": 74.73, "instrument_name": "BTC-31MAR23-55000-C", "index_price": 23471.05, "direction": "buy", "block_trade_id": "46456", "amount": 100.0}, {"trade_seq": 68, "trade_id": "225714714", "timestamp": 1659541031377, "tick_direction": 0, "price": 0.033, "mark_price": 0.03172465, "iv": 74.48, "instrument_name": "BTC-31MAR23-55000-C", "index_price": 23384.46, "direction": "buy", "block_trade_id": "46451", "amount": 12.5}, {"trade_seq": 67, "trade_id": "225714705", "timestamp": 1659541004369, "tick_direction": 0, "price": 0.0329, "mark_price": 0.03174919, "iv": 74.41, "instrument_name": "BTC-31MAR23-55000-C", "index_price": 23388.11, "direction": "buy", "block_trade_id": "46450", "amount": 50.0}, {"trade_seq": 66, "trade_id": "225714702", "timestamp": 1659541004255, "tick_direction": 0, "price": 0.0325, "mark_price": 0.03174919, "iv": 74.19, "instrument_name": "BTC-31MAR23-55000-C", "index_price": 23388.11, "direction": "buy", "block_trade_id": "46449", "amount": 12.5}, {"trade_seq": 65, "trade_id": "225714055", "timestamp": 1659540050946, "tick_direction": 0, "price": 0.0324, "mark_price": 0.03151634, "iv": 74.3, "instrument_name": "BTC-31MAR23-55000-C", "index_price": 23315.65, "direction": "buy", "block_trade_id": "46443", "amount": 100.0}, {"trade_seq": 64, "trade_id": "225700018", "timestamp": 1659528953267, "tick_direction": 0, "price": 0.0315, "mark_price": 0.03212695, "iv": 72.96, "instrument_name": "BTC-31MAR23-55000-C", "index_price": 23608.54, "direction": "buy", "amount": 0.5}, {"trade_seq": 63, "trade_id": "225590755", "timestamp": 1659438071472, "tick_direction": 0, "price": 0.029, "mark_price": 0.02834802, "iv": 73.28, "instrument_name": "BTC-31MAR23-55000-C", "index_price": 22862.84, "direction": "buy", "amount": 10.1}, {"trade_seq": 62, "trade_id": "225582358", "timestamp": 1659431048893, "tick_direction": 2, "price": 0.0285, "mark_price": 0.02863037, "iv": 73.07, "instrument_name": "BTC-31MAR23-55000-C", "index_price": 22802.86, "direction": "sell", "amount": 1.7}, {"trade_seq": 61, "trade_id": "225581678", "timestamp": 1659430300510, "tick_direction": 3, "price": 0.029, "mark_price": 0.02965318, "iv": 73.26, "instrument_name": "BTC-31MAR23-55000-C", "index_price": 22852.26, "direction": "buy", "amount": 1.5}, {"trade_seq": 60, "trade_id": "225581677", "timestamp": 1659430300507, "tick_direction": 3, "price": 0.029, "mark_price": 0.02965318, "iv": 73.26, "instrument_name": "BTC-31MAR23-55000-C", "index_price": 22852.26, "direction": "buy", "amount": 0.1}, {"trade_seq": 59, "trade_id": "225581676", "timestamp": 1659430300502, "tick_direction": 3, "price": 0.029, "mark_price": 0.02965318, "iv": 73.26, "instrument_name": "BTC-31MAR23-55000-C", "index_price": 22852.26, "direction": "buy", "amount": 2.3}, {"trade_seq": 58, "trade_id": "225581642", "timestamp": 1659430240382, "tick_direction": 3, "price": 0.029, "mark_price": 0.02971052, "iv": 73.31, "instrument_name": "BTC-31MAR23-55000-C", "index_price": 22824.84, "direction": "buy", "amount": 1.2}, {"trade_seq": 57, "trade_id": "225581641", "timestamp": 1659430240354, "tick_direction": 3, "price": 0.029, "mark_price": 0.02971052, "iv": 73.31, "instrument_name": "BTC-31MAR23-55000-C", "index_price": 22824.84, "direction": "buy", "amount": 1.8}, {"trade_seq": 56, "trade_id": "225581639", "timestamp": 1659430235002, "tick_direction": 3, "price": 0.029, "mark_price": 0.02968403, "iv": 73.33, "instrument_name": "BTC-31MAR23-55000-C", "index_price": 22815.7, "direction": "buy", "amount": 1.2}, {"trade_seq": 55, "trade_id": "225581638", "timestamp": 1659430235000, "tick_direction": 2, "price": 0.029, "mark_price": 0.02968403, "iv": 73.33, "instrument_name": "BTC-31MAR23-55000-C", "index_price": 22815.7, "direction": "buy", "amount": 1.8}, {"trade_seq": 54, "trade_id": "225469186", "timestamp": 1659342028736, "tick_direction": 2, "price": 0.031, "mark_price": 0.0292525, "iv": 73.04, "instrument_name": "BTC-31MAR23-55000-C", "index_price": 23349.59, "direction": "buy", "amount": 1.4}, {"trade_seq": 53, "trade_id": "225271875", "timestamp": 1659172149294, "tick_direction": 0, "price": 0.0325, "mark_price": 0.03278277, "iv": 72.04, "instrument_name": "BTC-31MAR23-55000-C", "index_price": 23919.3, "direction": "sell", "amount": 1.3}, {"trade_seq": 52, "trade_id": "225134255", "timestamp": 1659102446245, "tick_direction": 0, "price": 0.031, "mark_price": 0.02992111, "iv": 71.68, "instrument_name": "BTC-31MAR23-55000-C", "index_price": 23695.43, "direction": "buy", "amount": 1.4}, {"trade_seq": 51, "trade_id": "224813542", "timestamp": 1658961088599, "tick_direction": 0, "price": 0.029, "mark_price": 0.02877334, "iv": 72.58, "instrument_name": "BTC-31MAR23-55000-C", "index_price": 22877.68, "direction": "buy", "amount": 1.1}, {"trade_seq": 50, "trade_id": "224741868", "timestamp": 1658945966924, "tick_direction": 2, "price": 0.028, "mark_price": 0.02921255, "iv": 74.11, "instrument_name": "BTC-31MAR23-55000-C", "index_price": 22003.72, "direction": "sell", "amount": 1.6}, {"trade_seq": 49, "trade_id": "224714695", "timestamp": 1658940799089, "tick_direction": 0, "price": 0.0285, "mark_price": 0.02897585, "iv": 75.4, "instrument_name": "BTC-31MAR23-55000-C", "index_price": 21619.38, "direction": "sell", "amount": 1.8}, {"trade_seq": 48, "trade_id": "224590333", "timestamp": 1658841357202, "tick_direction": 2, "price": 0.026, "mark_price": 0.02562521, "iv": 75.61, "instrument_name": "BTC-31MAR23-55000-C", "index_price": 20843.41, "direction": "sell", "amount": 0.1}, {"trade_seq": 47, "trade_id": "224548558", "timestamp": 1658805172720, "tick_direction": 2, "price": 0.0265, "mark_price": 0.0263627, "iv": 75.55, "instrument_name": "BTC-31MAR23-55000-C", "index_price": 20955.88, "direction": "sell", "amount": 0.1}, {"trade_seq": 46, "trade_id": "224207432", "timestamp": 1658530533665, "tick_direction": 0, "price": 0.0375, "mark_price": 0.03731676, "iv": 76.99, "instrument_name": "BTC-31MAR23-55000-C", "index_price": 22712.18, "direction": "buy", "amount": 1.1}, {"trade_seq": 45, "trade_id": "223743503", "timestamp": 1658305602030, "tick_direction": 3, "price": 0.0315, "mark_price": 0.03257783, "iv": 71.52, "instrument_name": "BTC-31MAR23-55000-C", "index_price": 23440.28, "direction": "sell", "amount": 8.0}, {"trade_seq": 44, "trade_id": "223743502", "timestamp": 1658305602030, "tick_direction": 2, "price": 0.0315, "mark_price": 0.03257783, "iv": 71.52, "instrument_name": "BTC-31MAR23-55000-C", "index_price": 23440.28, "direction": "sell", "amount": 1.6}, {"trade_seq": 43, "trade_id": "223728388", "timestamp": 1658299408487, "tick_direction": 0, "price": 0.033, "mark_price": 0.03253581, "iv": 71.85, "instrument_name": "BTC-31MAR23-55000-C", "index_price": 23665.02, "direction": "buy", "amount": 0.1}, {"trade_seq": 42, "trade_id": "223135741", "timestamp": 1657988125627, "tick_direction": 0, "price": 0.025, "mark_price": 0.02471221, "iv": 72.33, "instrument_name": "BTC-31MAR23-55000-C", "index_price": 21363.03, "direction": "buy", "amount": 5.0}, {"trade_seq": 41, "trade_id": "222906142", "timestamp": 1657786156299, "tick_direction": 2, "price": 0.023, "mark_price": 0.02230994, "iv": 74.11, "instrument_name": "BTC-31MAR23-55000-C", "index_price": 19948.91, "direction": "buy", "amount": 2.0}, {"trade_seq": 40, "trade_id": "222689518", "timestamp": 1657641685175, "tick_direction": 3, "price": 0.025, "mark_price": 0.02377136, "iv": 75.45, "instrument_name": "BTC-31MAR23-55000-C", "index_price": 19875.53, "direction": "sell", "amount": 5.0}, {"trade_seq": 39, "trade_id": "222549581", "timestamp": 1657501702847, "tick_direction": 2, "price": 0.025, "mark_price": 0.02466361, "iv": 72.96, "instrument_name": "BTC-31MAR23-55000-C", "index_price": 20759.98, "direction": "sell", "amount": 0.1}, {"trade_seq": 38, "trade_id": "222549437", "timestamp": 1657501378486, "tick_direction": 2, "price": 0.0255, "mark_price": 0.02481932, "iv": 73.17, "instrument_name": "BTC-31MAR23-55000-C", "index_price": 20782.55, "direction": "sell", "amount": 0.2}, {"trade_seq": 37, "trade_id": "222397224", "timestamp": 1657299896013, "tick_direction": 0, "price": 0.0345, "mark_price": 0.0320448, "iv": 75.87, "instrument_name": "BTC-31MAR23-55000-C", "index_price": 21643.7, "direction": "buy", "amount": 1.0}, {"trade_seq": 36, "trade_id": "222112158", "timestamp": 1657085608719, "tick_direction": 3, "price": 0.0255, "mark_price": 0.02585067, "iv": 74.61, "instrument_name": "BTC-31MAR23-55000-C", "index_price": 19912.39, "direction": "sell", "amount": 0.1}, {"trade_seq": 35, "trade_id": "222112156", "timestamp": 1657085608707, "tick_direction": 3, "price": 0.0255, "mark_price": 0.02585067, "iv": 74.61, "instrument_name": "BTC-31MAR23-55000-C", "index_price": 19912.39, "direction": "sell", "amount": 0.7}, {"trade_seq": 34, "trade_id": "222112155", "timestamp": 1657085608707, "tick_direction": 2, "price": 0.0255, "mark_price": 0.02585067, "iv": 74.61, "instrument_name": "BTC-31MAR23-55000-C", "index_price": 19912.39, "direction": "sell", "amount": 1.0}, {"trade_seq": 33, "trade_id": "221959158", "timestamp": 1657009853115, "tick_direction": 2, "price": 0.0285, "mark_price": 0.02823972, "iv": 76.22, "instrument_name": "BTC-31MAR23-55000-C", "index_price": 19959.17, "direction": "sell", "amount": 1.0}, {"trade_seq": 32, "trade_id": "221761258", "timestamp": 1656844068836, "tick_direction": 0, "price": 0.033, "mark_price": 0.03324618, "iv": 81.2, "instrument_name": "BTC-31MAR23-55000-C", "index_price": 19052.5, "direction": "sell", "amount": 0.1}, {"trade_seq": 31, "trade_id": "221210641", "timestamp": 1656444887680, "tick_direction": 2, "price": 0.0285, "mark_price": 0.02931955, "iv": 74.56, "instrument_name": "BTC-31MAR23-55000-C", "index_price": 20315.82, "direction": "sell", "amount": 4.0}, {"trade_seq": 30, "trade_id": "221009019", "timestamp": 1656239853439, "tick_direction": 1, "price": 0.034, "mark_price": 0.03102793, "iv": 74.5, "instrument_name": "BTC-31MAR23-55000-C", "index_price": 21388.38, "direction": "sell", "amount": 0.3}, {"trade_seq": 29, "trade_id": "220980630", "timestamp": 1656178703450, "tick_direction": 1, "price": 0.034, "mark_price": 0.03112804, "iv": 75.12, "instrument_name": "BTC-31MAR23-55000-C", "index_price": 21117.25, "direction": "sell", "amount": 0.3}, {"trade_seq": 28, "trade_id": "220980500", "timestamp": 1656178316874, "tick_direction": 0, "price": 0.034, "mark_price": 0.03199935, "iv": 75.07, "instrument_name": "BTC-31MAR23-55000-C", "index_price": 21140.63, "direction": "sell", "amount": 0.4}, {"trade_seq": 27, "trade_id": "220884214", "timestamp": 1656074849918, "tick_direction": 2, "price": 0.032, "mark_price": 0.03094511, "iv": 73.49, "instrument_name": "BTC-31MAR23-55000-C", "index_price": 21279.55, "direction": "sell", "amount": 0.1}, {"trade_seq": 26, "trade_id": "220243530", "timestamp": 1655717958721, "tick_direction": 0, "price": 0.036, "mark_price": 0.03215085, "iv": 76.68, "instrument_name": "BTC-31MAR23-55000-C", "index_price": 20679.84, "direction": "sell", "amount": 1.4}, {"trade_seq": 25, "trade_id": "219608805", "timestamp": 1655525609624, "tick_direction": 2, "price": 0.032, "mark_price": 0.03018477, "iv": 74.89, "instrument_name": "BTC-31MAR23-55000-C", "index_price": 20413.91, "direction": "sell", "amount": 1.1}, {"trade_seq": 24, "trade_id": "219469157", "timestamp": 1655452395645, "tick_direction": 3, "price": 0.0355, "mark_price": 0.03484381, "iv": 74.71, "instrument_name": "BTC-31MAR23-55000-C", "index_price": 21185.3, "direction": "sell", "amount": 1.0}, {"trade_seq": 23, "trade_id": "219144191", "timestamp": 1655326469846, "tick_direction": 2, "price": 0.0355, "mark_price": 0.03700059, "iv": 73.16, "instrument_name": "BTC-31MAR23-55000-C", "index_price": 21698.14, "direction": "sell", "amount": 0.7}, {"trade_seq": 22, "trade_id": "218220006", "timestamp": 1655136494755, "tick_direction": 2, "price": 0.0386, "mark_price": 0.04207215, "iv": 70.1, "instrument_name": "BTC-31MAR23-55000-C", "index_price": 23375.27, "direction": "sell", "block_trade_id": "41660", "amount": 5.0}, {"trade_seq": 21, "trade_id": "217993380", "timestamp": 1655105924363, "tick_direction": 2, "price": 0.046, "mark_price": 0.04368864, "iv": 69.56, "instrument_name": "BTC-31MAR23-55000-C", "index_price": 25012.5, "direction": "sell", "amount": 0.1}, {"trade_seq": 20, "trade_id": "217571827", "timestamp": 1654939704696, "tick_direction": 2, "price": 0.054, "mark_price": 0.052824, "iv": 63.49, "instrument_name": "BTC-31MAR23-55000-C", "index_price": 29046.41, "direction": "buy", "amount": 0.1}, {"trade_seq": 19, "trade_id": "217029018", "timestamp": 1654602447545, "tick_direction": 0, "price": 0.058, "mark_price": 0.05591179, "iv": 63.58, "instrument_name": "BTC-31MAR23-55000-C", "index_price": 29501.38, "direction": "buy", "amount": 8.5}, {"trade_seq": 18, "trade_id": "217013595", "timestamp": 1654582896343, "tick_direction": 2, "price": 0.056, "mark_price": 0.0558066, "iv": 62.86, "instrument_name": "BTC-31MAR23-55000-C", "index_price": 29465.29, "direction": "sell", "amount": 0.1}, {"trade_seq": 17, "trade_id": "216945026", "timestamp": 1654557040772, "tick_direction": 2, "price": 0.066, "mark_price": 0.06613825, "iv": 62.45, "instrument_name": "BTC-31MAR23-55000-C", "index_price": 31359.12, "direction": "sell", "amount": 0.1}, {"trade_seq": 16, "trade_id": "216942540", "timestamp": 1654551979163, "tick_direction": 1, "price": 0.068, "mark_price": 0.06683555, "iv": 62.98, "instrument_name": "BTC-31MAR23-55000-C", "index_price": 31486.72, "direction": "sell", "amount": 0.1}, {"trade_seq": 15, "trade_id": "216942535", "timestamp": 1654551968639, "tick_direction": 0, "price": 0.068, "mark_price": 0.06688142, "iv": 62.97, "instrument_name": "BTC-31MAR23-55000-C", "index_price": 31498.78, "direction": "sell", "amount": 0.1}, {"trade_seq": 14, "trade_id": "216751692", "timestamp": 1654323486033, "tick_direction": 2, "price": 0.058, "mark_price": 0.0578286, "iv": 62.77, "instrument_name": "BTC-31MAR23-55000-C", "index_price": 29638.79, "direction": "buy", "amount": 0.1}, {"trade_seq": 13, "trade_id": "216500463", "timestamp": 1654107456637, "tick_direction": 2, "price": 0.066, "mark_price": 0.06503273, "iv": 64.3, "instrument_name": "BTC-31MAR23-55000-C", "index_price": 30138.28, "direction": "sell", "amount": 0.5}, {"trade_seq": 12, "trade_id": "216370132", "timestamp": 1654012388406, "tick_direction": 0, "price": 0.074, "mark_price": 0.07365688, "iv": 63.08, "instrument_name": "BTC-31MAR23-55000-C", "index_price": 32064.61, "direction": "buy", "amount": 0.5}, {"trade_seq": 11, "trade_id": "216328621", "timestamp": 1653994616968, "tick_direction": 2, "price": 0.072, "mark_price": 0.07229627, "iv": 63.2, "instrument_name": "BTC-31MAR23-55000-C", "index_price": 31631.55, "direction": "sell", "amount": 5.0}, {"trade_seq": 10, "trade_id": "216279508", "timestamp": 1653968990679, "tick_direction": 0, "price": 0.0745, "mark_price": 0.07490944, "iv": 63.76, "instrument_name": "BTC-31MAR23-55000-C", "index_price": 31773.98, "direction": "sell", "amount": 5.0}, {"trade_seq": 9, "trade_id": "216277967", "timestamp": 1653968865060, "tick_direction": 0, "price": 0.074, "mark_price": 0.07448515, "iv": 63.76, "instrument_name": "BTC-31MAR23-55000-C", "index_price": 31692.39, "direction": "sell", "amount": 15.0}, {"trade_seq": 8, "trade_id": "216261397", "timestamp": 1653961861594, "tick_direction": 2, "price": 0.073, "mark_price": 0.07371676, "iv": 63.78, "instrument_name": "BTC-31MAR23-55000-C", "index_price": 31526.74, "direction": "sell", "amount": 15.0}, {"trade_seq": 7, "trade_id": "216254272", "timestamp": 1653957433916, "tick_direction": 0, "price": 0.0735, "mark_price": 0.07391029, "iv": 63.8, "instrument_name": "BTC-31MAR23-55000-C", "index_price": 31589.41, "direction": "buy", "amount": 15.0}, {"trade_seq": 6, "trade_id": "216166258", "timestamp": 1653922164613, "tick_direction": 0, "price": 0.0675, "mark_price": 0.06731726, "iv": 64.08, "instrument_name": "BTC-31MAR23-55000-C", "index_price": 30439.01, "direction": "buy", "amount": 1.0}, {"trade_seq": 5, "trade_id": "215882788", "timestamp": 1653650707519, "tick_direction": 2, "price": 0.066, "mark_price": 0.06769549, "iv": 66.52, "instrument_name": "BTC-31MAR23-55000-C", "index_price": 28923.39, "direction": "sell", "amount": 0.1}, {"trade_seq": 4, "trade_id": "215484549", "timestamp": 1653383343488, "tick_direction": 2, "price": 0.068, "mark_price": 0.06761579, "iv": 66.42, "instrument_name": "BTC-31MAR23-55000-C", "index_price": 29125.25, "direction": "sell", "amount": 0.5}, {"trade_seq": 3, "trade_id": "215116828", "timestamp": 1653034244178, "tick_direction": 2, "price": 0.0785, "mark_price": 0.07935445, "iv": 67.03, "instrument_name": "BTC-31MAR23-55000-C", "index_price": 30274.31, "direction": "buy", "amount": 0.5}, {"trade_seq": 2, "trade_id": "215077448", "timestamp": 1653006542202, "tick_direction": 0, "price": 0.0805, "mark_price": 0.08298911, "iv": 67.86, "instrument_name": "BTC-31MAR23-55000-C", "index_price": 30142.94, "direction": "sell", "amount": 1.0}, {"trade_seq": 1, "trade_id": "214977501", "timestamp": 1652953455860, "tick_direction": 1, "price": 0.07, "mark_price": 0.07208938, "iv": 67.14, "instrument_name": "BTC-31MAR23-55000-C", "index_price": 28869.44, "direction": "buy", "amount": 5.0}], "has_more": false}