{"trades": [{"trade_seq": 5611, "trade_id": "238360383", "timestamp": 1672267755413, "tick_direction": 3, "price": 0.0005, "mark_price": 7.69e-06, "iv": 110.07, "instrument_name": "BTC-30DEC22-19000-C", "index_price": 16514.15, "direction": "buy", "amount": 1.0}, {"trade_seq": 5610, "trade_id": "238346761", "timestamp": 1672244839349, "tick_direction": 3, "price": 0.0005, "mark_price": 3.321e-05, "iv": 97.48, "instrument_name": "BTC-30DEC22-19000-C", "index_price": 16601.7, "direction": "buy", "amount": 2.0}, {"trade_seq": 5609, "trade_id": "238337998", "timestamp": 1672238567880, "tick_direction": 3, "price": 0.0005, "mark_price": 6.812e-05, "iv": 90.94, "instrument_name": "BTC-30DEC22-19000-C", "index_price": 16719.01, "direction": "buy", "amount": 3.0}, {"trade_seq": 5608, "trade_id": "238335959", "timestamp": 1672237546614, "tick_direction": 3, "price": 0.0005, "mark_price": 5.172e-05, "iv": 93.46, "instrument_name": "BTC-30DEC22-19000-C", "index_price": 16638.49, "direction": "buy", "amount": 0.1}, {"trade_seq": 5607, "trade_id": "238335085", "timestamp": 1672232550811, "tick_direction": 3, "price": 0.0005, "mark_price": 6.344e-05, "iv": 91.55, "instrument_name": "BTC-30DEC22-19000-C", "index_price": 16649.23, "direction": "buy", "amount": 2.4}, {"trade_seq": 5606, "trade_id": "238335084", "timestamp": 1672232550811, "tick_direction": 3, "price": 0.0005, "mark_price": 6.344e-05, "iv": 91.55, "instrument_name": "BTC-30DEC22-19000-C", "index_price": 16649.23, "direction": "buy", "amount": 0.3}, {"trade_seq": 5605, "trade_id": "238335083", "timestamp": 1672232550811, "tick_direction": 3, "price": 0.0005, "mark_price": 6.344e-05, "iv": 91.55, "instrument_name": "BTC-30DEC22-19000-C", "index_price": 16649.23, "direction": "buy", "amount": 0.3}, {"trade_seq": 5604, "trade_id": "238327119", "timestamp": 1672206081584, "tick_direction": 3, "price": 0.0005, "mark_price": 0.00010944, "iv": 86.21, "instrument_name": "BTC-30DEC22-19000-C", "index_price": 16603.49, "direction": "buy", "amount": 2.1}, {"trade_seq": 5603, "trade_id": "238327027", "timestamp": 1672205937173, "tick_direction": 3, "price": 0.0005, "mark_price": 0.00011913, "iv": 85.41, "instrument_name": "BTC-30DEC22-19000-C", "index_price": 16626.56, "direction": "buy", "amount": 0.5}, {"trade_seq": 5602, "trade_id": "238327026", "timestamp": 1672205937173, "tick_direction": 3, "price": 0.0005, "mark_price": 0.00011913, "iv": 85.41, "instrument_name": "BTC-30DEC22-19000-C", "index_price": 16626.56, "direction": "buy", "amount": 0.5}, {"trade_seq": 5601, "trade_id": "238320126", "timestamp": 1672184507018, "tick_direction": 3, "price": 0.0005, "mark_price": 0.00022876, "iv": 78.85, "instrument_name": "BTC-30DEC22-19000-C", "index_price": 16692.07, "direction": "buy", "amount": 1.0}, {"trade_seq": 5600, "trade_id": "238307585", "timestamp": 1672157573044, "tick_direction": 3, "price": 0.0005, "mark_price": 0.00031567, "iv": 71.62, "instrument_name": "BTC-30DEC22-19000-C", "index_price": 16773.51, "direction": "buy", "amount": 2.0}, {"trade_seq": 5599, "trade_id": "238306056", "timestamp": 1672154181753, "tick_direction": 3, "price": 0.0005, "mark_price": 0.00033692, "iv": 70.89, "instrument_name": "BTC-30DEC22-19000-C", "index_price": 16778.09, "direction": "buy", "amount": 19.0}, {"trade_seq": 5598, "trade_id": "238296310", "timestamp": 1672128591884, "tick_direction": 3, "price": 0.0005, "mark_price": 0.00056647, "iv": 65.66, "instrument_name": "BTC-30DEC22-19000-C", "index_price": 16857.77, "direction": "buy", "amount": 2.0}, {"trade_seq": 5597, "trade_id": "238294763", "timestamp": 1672125066998, "tick_direction": 3, "price": 0.0005, "mark_price": 0.00070463, "iv": 64.5, "instrument_name": "BTC-30DEC22-19000-C", "index_price": 16874.89, "direction": "buy", "amount": 0.9}, {"trade_seq": 5596, "trade_id": "238294762", "timestamp": 1672125066996, "tick_direction": 3, "price": 0.0005, "mark_price": 0.00070463, "iv": 64.5, "instrument_name": "BTC-30DEC22-19000-C", "index_price": 16874.89, "direction": "sell", "amount": 0.1}, {"trade_seq": 5595, "trade_id": "238294379", "timestamp": 1672121511121, "tick_direction": 3, "price": 0.0005, "mark_price": 0.00071834, "iv": 64.3, "instrument_name": "BTC-30DEC22-19000-C", "index_price": 16866.41, "direction": "sell", "amount": 0.1}, {"trade_seq": 5594, "trade_id": "238293495", "timestamp": 1672112107251, "tick_direction": 3, "price": 0.0005, "mark_price": 0.00072615, "iv": 63.24, "instrument_name": "BTC-30DEC22-19000-C", "index_price": 16866.92, "direction": "sell", "amount": 1.0}, {"trade_seq": 5593, "trade_id": "238289981", "timestamp": 1672100180319, "tick_direction": 3, "price": 0.0005, "mark_price": 0.00068117, "iv": 59.97, "instrument_name": "BTC-30DEC22-19000-C", "index_price": 16944.19, "direction": "sell", "amount": 0.1}, {"trade_seq": 5592, "trade_id": "238279738", "timestamp": 1672056807857, "tick_direction": 3, "price": 0.0005, "mark_price": 0.00071049, "iv": 58.12, "instrument_name": "BTC-30DEC22-19000-C", "index_price": 16857.86, "direction": "buy", "amount": 11.6}, {"trade_seq": 5591, "trade_id": "238279737", "timestamp": 1672056807857, "tick_direction": 3, "price": 0.0005, "mark_price": 0.00071049, "iv": 58.12, "instrument_name": "BTC-30DEC22-19000-C", "index_price": 16857.86, "direction": "buy", "amount": 1.0}, {"trade_seq": 5590, "trade_id": "238279728", "timestamp": 1672056741257, "tick_direction": 3, "price": 0.0005, "mark_price": 0.00071152, "iv": 58.1, "instrument_name": "BTC-30DEC22-19000-C", "index_price": 16858.45, "direction": "buy", "amount": 0.1}, {"trade_seq": 5589, "trade_id": "238279727", "timestamp": 1672056741051, "tick_direction": 3, "price": 0.0005, "mark_price": 0.00071152, "iv": 58.1, "instrument_name": "BTC-30DEC22-19000-C", "index_price": 16858.45, "direction": "buy", "amount": 0.5}, {"trade_seq": 5588, "trade_id": "238279726", "timestamp": 1672056741049, "tick_direction": 3, "price": 0.0005, "mark_price": 0.00071152, "iv": 58.1, "instrument_name": "BTC-30DEC22-19000-C", "index_price": 16858.45, "direction": "sell", "amount": 0.5}, {"trade_seq": 5587, "trade_id": "238279161", "timestamp": 1672053290227, "tick_direction": 3, "price": 0.0005, "mark_price": 0.0004633, "iv": 57.91, "instrument_name": "BTC-30DEC22-19000-C", "index_price": 16849.31, "direction": "buy", "amount": 0.1}, {"trade_seq": 5586, "trade_id": "238279160", "timestamp": 1672053290227, "tick_direction": 3, "price": 0.0005, "mark_price": 0.0004633, "iv": 57.91, "instrument_name": "BTC-30DEC22-19000-C", "index_price": 16849.31, "direction": "buy", "amount": 0.9}, {"trade_seq": 5585, "trade_id": "238275797", "timestamp": 1672040638433, "tick_direction": 3, "price": 0.0005, "mark_price": 0.00055506, "iv": 57.02, "instrument_name": "BTC-30DEC22-19000-C", "index_price": 16847.43, "direction": "buy", "amount": 0.1}, {"trade_seq": 5584, "trade_id": "238274929", "timestamp": 1672033850514, "tick_direction": 3, "price": 0.0005, "mark_price": 0.00070122, "iv": 56.24, "instrument_name": "BTC-30DEC22-19000-C", "index_price": 16859.17, "direction": "sell", "amount": 1.0}, {"trade_seq": 5583, "trade_id": "238274928", "timestamp": 1672033850514, "tick_direction": 3, "price": 0.0005, "mark_price": 0.00070122, "iv": 56.24, "instrument_name": "BTC-30DEC22-19000-C", "index_price": 16859.17, "direction": "sell", "amount": 1.0}, {"trade_seq": 5582, "trade_id": "238274927", "timestamp": 1672033850514, "tick_direction": 3, "price": 0.0005, "mark_price": 0.00070122, "iv": 56.24, "instrument_name": "BTC-30DEC22-19000-C", "index_price": 16859.17, "direction": "sell", "amount": 1.0}, {"trade_seq": 5581, "trade_id": "238274926", "timestamp": 1672033850514, "tick_direction": 3, "price": 0.0005, "mark_price": 0.00070122, "iv": 56.24, "instrument_name": "BTC-30DEC22-19000-C", "index_price": 16859.17, "direction": "sell", "amount": 1.0}, {"trade_seq": 5580, "trade_id": "238274925", "timestamp": 1672033850514, "tick_direction": 3, "price": 0.0005, "mark_price": 0.00070122, "iv": 56.24, "instrument_name": "BTC-30DEC22-19000-C", "index_price": 16859.17, "direction": "sell", "amount": 50.0}, {"trade_seq": 5579, "trade_id": "238273139", "timestamp": 1672026697934, "tick_direction": 3, "price": 0.0005, "mark_price": 0.00071806, "iv": 55.05, "instrument_name": "BTC-30DEC22-19000-C", "index_price": 16882.11, "direction": "sell", "amount": 0.4}, {"trade_seq": 5578, "trade_id": "238273072", "timestamp": 1672026168455, "tick_direction": 3, "price": 0.0005, "mark_price": 0.00072231, "iv": 55.0, "instrument_name": "BTC-30DEC22-19000-C", "index_price": 16883.71, "direction": "sell", "amount": 99.6}, {"trade_seq": 5577, "trade_id": "238273071", "timestamp": 1672026168455, "tick_direction": 3, "price": 0.0005, "mark_price": 0.00072231, "iv": 55.0, "instrument_name": "BTC-30DEC22-19000-C", "index_price": 16883.71, "direction": "sell", "amount": 10.4}, {"trade_seq": 5576, "trade_id": "238270178", "timestamp": 1672016195039, "tick_direction": 3, "price": 0.0005, "mark_price": 0.0004182, "iv": 55.56, "instrument_name": "BTC-30DEC22-19000-C", "index_price": 16825.81, "direction": "buy", "amount": 0.1}, {"trade_seq": 5575, "trade_id": "238270177", "timestamp": 1672016195039, "tick_direction": 3, "price": 0.0005, "mark_price": 0.0004182, "iv": 55.56, "instrument_name": "BTC-30DEC22-19000-C", "index_price": 16825.81, "direction": "buy", "amount": 4.5}, {"trade_seq": 5574, "trade_id": "238267159", "timestamp": 1671996186675, "tick_direction": 3, "price": 0.0005, "mark_price": 0.00039476, "iv": 56.02, "instrument_name": "BTC-30DEC22-19000-C", "index_price": 16745.75, "direction": "buy", "amount": 2.1}, {"trade_seq": 5573, "trade_id": "238267158", "timestamp": 1671996186675, "tick_direction": 3, "price": 0.0005, "mark_price": 0.00039476, "iv": 56.02, "instrument_name": "BTC-30DEC22-19000-C", "index_price": 16745.75, "direction": "buy", "amount": 0.9}, {"trade_seq": 5572, "trade_id": "238266906", "timestamp": 1671995327492, "tick_direction": 3, "price": 0.0005, "mark_price": 0.00041596, "iv": 55.58, "instrument_name": "BTC-30DEC22-19000-C", "index_price": 16761.59, "direction": "buy", "amount": 0.1}, {"trade_seq": 5571, "trade_id": "238265494", "timestamp": 1671985814502, "tick_direction": 3, "price": 0.0005, "mark_price": 0.00066683, "iv": 54.05, "instrument_name": "BTC-30DEC22-19000-C", "index_price": 16806.37, "direction": "sell", "amount": 4.2}, {"trade_seq": 5570, "trade_id": "238265041", "timestamp": 1671983261370, "tick_direction": 3, "price": 0.0005, "mark_price": 0.00070462, "iv": 53.84, "instrument_name": "BTC-30DEC22-19000-C", "index_price": 16808.06, "direction": "sell", "amount": 0.1}, {"trade_seq": 5569, "trade_id": "238265040", "timestamp": 1671983261370, "tick_direction": 3, "price": 0.0005, "mark_price": 0.00070462, "iv": 53.84, "instrument_name": "BTC-30DEC22-19000-C", "index_price": 16808.06, "direction": "sell", "amount": 0.2}, {"trade_seq": 5568, "trade_id": "238265039", "timestamp": 1671983261370, "tick_direction": 3, "price": 0.0005, "mark_price": 0.00070462, "iv": 53.84, "instrument_name": "BTC-30DEC22-19000-C", "index_price": 16808.06, "direction": "sell", "amount": 0.1}, {"trade_seq": 5567, "trade_id": "238265038", "timestamp": 1671983261370, "tick_direction": 3, "price": 0.0005, "mark_price": 0.00070462, "iv": 53.84, "instrument_name": "BTC-30DEC22-19000-C", "index_price": 16808.06, "direction": "sell", "amount": 0.1}, {"trade_seq": 5566, "trade_id": "238265037", "timestamp": 1671983261370, "tick_direction": 3, "price": 0.0005, "mark_price": 0.00070462, "iv": 53.84, "instrument_name": "BTC-30DEC22-19000-C", "index_price": 16808.06, "direction": "sell", "amount": 0.2}, {"trade_seq": 5565, "trade_id": "238265036", "timestamp": 1671983261370, "tick_direction": 3, "price": 0.0005, "mark_price": 0.00070462, "iv": 53.84, "instrument_name": "BTC-30DEC22-19000-C", "index_price": 16808.06, "direction": "sell", "amount": 8.7}, {"trade_seq": 5564, "trade_id": "238264431", "timestamp": 1671981392773, "tick_direction": 3, "price": 0.0005, "mark_price": 0.00070508, "iv": 53.28, "instrument_name": "BTC-30DEC22-19000-C", "index_price": 16819.23, "direction": "sell", "amount": 1.5}, {"trade_seq": 5563, "trade_id": "238263661", "timestamp": 1671980446465, "tick_direction": 3, "price": 0.0005, "mark_price": 0.00077195, "iv": 53.22, "instrument_name": "BTC-30DEC22-19000-C", "index_price": 16819.57, "direction": "sell", "amount": 0.1}, {"trade_seq": 5562, "trade_id": "238261779", "timestamp": 1671978886009, "tick_direction": 3, "price": 0.0005, "mark_price": 0.00066895, "iv": 54.17, "instrument_name": "BTC-30DEC22-19000-C", "index_price": 16770.55, "direction": "sell", "amount": 0.1}, {"trade_seq": 5561, "trade_id": "238260653", "timestamp": 1671973699328, "tick_direction": 3, "price": 0.0005, "mark_price": 0.00046985, "iv": 52.81, "instrument_name": "BTC-30DEC22-19000-C", "index_price": 16821.78, "direction": "sell", "amount": 0.8}, {"trade_seq": 5560, "trade_id": "238260652", "timestamp": 1671973699326, "tick_direction": 3, "price": 0.0005, "mark_price": 0.00046985, "iv": 52.81, "instrument_name": "BTC-30DEC22-19000-C", "index_price": 16821.78, "direction": "buy", "amount": 0.1}, {"trade_seq": 5559, "trade_id": "238260651", "timestamp": 1671973699326, "tick_direction": 3, "price": 0.0005, "mark_price": 0.00046985, "iv": 52.81, "instrument_name": "BTC-30DEC22-19000-C", "index_price": 16821.78, "direction": "buy", "amount": 0.1}, {"trade_seq": 5558, "trade_id": "238248185", "timestamp": 1671870770216, "tick_direction": 3, "price": 0.0005, "mark_price": 0.00071415, "iv": 47.01, "instrument_name": "BTC-30DEC22-19000-C", "index_price": 16835.74, "direction": "sell", "amount": 3.2}, {"trade_seq": 5557, "trade_id": "238248184", "timestamp": 1671870770216, "tick_direction": 3, "price": 0.0005, "mark_price": 0.00071415, "iv": 47.01, "instrument_name": "BTC-30DEC22-19000-C", "index_price": 16835.74, "direction": "sell", "amount": 1.0}, {"trade_seq": 5556, "trade_id": "238248183", "timestamp": 1671870770216, "tick_direction": 3, "price": 0.0005, "mark_price": 0.00071415, "iv": 47.01, "instrument_name": "BTC-30DEC22-19000-C", "index_price": 16835.74, "direction": "sell", "amount": 1.0}, {"trade_seq": 5555, "trade_id": "238248182", "timestamp": 1671870770216, "tick_direction": 3, "price": 0.0005, "mark_price": 0.00071415, "iv": 47.01, "instrument_name": "BTC-30DEC22-19000-C", "index_price": 16835.74, "direction": "sell", "amount": 0.2}, {"trade_seq": 5554, "trade_id": "238248181", "timestamp": 1671870770216, "tick_direction": 3, "price": 0.0005, "mark_price": 0.00071415, "iv": 47.01, "instrument_name": "BTC-30DEC22-19000-C", "index_price": 16835.74, "direction": "sell", "amount": 0.5}, {"trade_seq": 5553, "trade_id": "238248180", "timestamp": 1671870770216, "tick_direction": 3, "price": 0.0005, "mark_price": 0.00071415, "iv": 47.01, "instrument_name": "BTC-30DEC22-19000-C", "index_price": 16835.74, "direction": "sell", "amount": 5.0}, {"trade_seq": 5552, "trade_id": "238248179", "timestamp": 1671870770216, "tick_direction": 3, "price": 0.0005, "mark_price": 0.00071415, "iv": 47.01, "instrument_name": "BTC-30DEC22-19000-C", "index_price": 16835.74, "direction": "sell", "amount": 0.1}, {"trade_seq": 5551, "trade_id": "238248178", "timestamp": 1671870770216, "tick_direction": 3, "price": 0.0005, "mark_price": 0.00071415, "iv": 47.01, "instrument_name": "BTC-30DEC22-19000-C", "index_price": 16835.74, "direction": "sell", "amount": 0.1}, {"trade_seq": 5550, "trade_id": "238248177", "timestamp": 1671870770216, "tick_direction": 3, "price": 0.0005, "mark_price": 0.00071415, "iv": 47.01, "instrument_name": "BTC-30DEC22-19000-C", "index_price": 16835.74, "direction": "sell", "amount": 1.0}, {"trade_seq": 5549, "trade_id": "238248176", "timestamp": 1671870770216, "tick_direction": 3, "price": 0.0005, "mark_price": 0.00071415, "iv": 47.01, "instrument_name": "BTC-30DEC22-19000-C", "index_price": 16835.74, "direction": "sell", "amount": 4.0}, {"trade_seq": 5548, "trade_id": "238248175", "timestamp": 1671870770216, "tick_direction": 3, "price": 0.0005, "mark_price": 0.00071415, "iv": 47.01, "instrument_name": "BTC-30DEC22-19000-C", "index_price": 16835.74, "direction": "sell", "amount": 4.0}, {"trade_seq": 5547, "trade_id": "238248174", "timestamp": 1671870770216, "tick_direction": 3, "price": 0.0005, "mark_price": 0.00071415, "iv": 47.01, "instrument_name": "BTC-30DEC22-19000-C", "index_price": 16835.74, "direction": "sell", "amount": 2.5}, {"trade_seq": 5546, "trade_id": "238248173", "timestamp": 1671870770216, "tick_direction": 3, "price": 0.0005, "mark_price": 0.00071415, "iv": 47.01, "instrument_name": "BTC-30DEC22-19000-C", "index_price": 16835.74, "direction": "sell", "amount": 2.5}, {"trade_seq": 5545, "trade_id": "238248172", "timestamp": 1671870770216, "tick_direction": 3, "price": 0.0005, "mark_price": 0.00071415, "iv": 47.01, "instrument_name": "BTC-30DEC22-19000-C", "index_price": 16835.74, "direction": "sell", "amount": 2.5}, {"trade_seq": 5544, "trade_id": "238248171", "timestamp": 1671870770216, "tick_direction": 3, "price": 0.0005, "mark_price": 0.00071415, "iv": 47.01, "instrument_name": "BTC-30DEC22-19000-C", "index_price": 16835.74, "direction": "sell", "amount": 1.0}, {"trade_seq": 5543, "trade_id": "238248170", "timestamp": 1671870770216, "tick_direction": 3, "price": 0.0005, "mark_price": 0.00071415, "iv": 47.01, "instrument_name": "BTC-30DEC22-19000-C", "index_price": 16835.74, "direction": "sell", "amount": 5.0}, {"trade_seq": 5542, "trade_id": "238248169", "timestamp": 1671870770216, "tick_direction": 2, "price": 0.0005, "mark_price": 0.00071415, "iv": 47.01, "instrument_name": "BTC-30DEC22-19000-C", "index_price": 16835.74, "direction": "sell", "amount": 2.4}, {"trade_seq": 5541, "trade_id": "238245410", "timestamp": 1671859675347, "tick_direction": 1, "price": 0.001, "mark_price": 0.00071147, "iv": 52.73, "instrument_name": "BTC-30DEC22-19000-C", "index_price": 16813.76, "direction": "buy", "amount": 4.2}, {"trade_seq": 5540, "trade_id": "238232309", "timestamp": 1671809160622, "tick_direction": 1, "price": 0.001, "mark_price": 0.00095854, "iv": 49.64, "instrument_name": "BTC-30DEC22-19000-C", "index_price": 16844.12, "direction": "sell", "amount": 0.1}, {"trade_seq": 5539, "trade_id": "238232208", "timestamp": 1671809120669, "tick_direction": 1, "price": 0.001, "mark_price": 0.00095997, "iv": 49.67, "instrument_name": "BTC-30DEC22-19000-C", "index_price": 16843.2, "direction": "sell", "amount": 0.1}, {"trade_seq": 5538, "trade_id": "238232206", "timestamp": 1671809096217, "tick_direction": 1, "price": 0.001, "mark_price": 0.00096077, "iv": 49.68, "instrument_name": "BTC-30DEC22-19000-C", "index_price": 16841.61, "direction": "sell", "amount": 0.1}, {"trade_seq": 5537, "trade_id": "238232195", "timestamp": 1671809077917, "tick_direction": 1, "price": 0.001, "mark_price": 0.00095885, "iv": 49.7, "instrument_name": "BTC-30DEC22-19000-C", "index_price": 16840.78, "direction": "sell", "amount": 0.1}, {"trade_seq": 5536, "trade_id": "238232171", "timestamp": 1671809047411, "tick_direction": 1, "price": 0.001, "mark_price": 0.00095877, "iv": 49.73, "instrument_name": "BTC-30DEC22-19000-C", "index_price": 16841.48, "direction": "sell", "amount": 0.1}, {"trade_seq": 5535, "trade_id": "238232158", "timestamp": 1671809028894, "tick_direction": 1, "price": 0.001, "mark_price": 0.00095619, "iv": 49.77, "instrument_name": "BTC-30DEC22-19000-C", "index_price": 16840.36, "direction": "sell", "amount": 0.1}, {"trade_seq": 5534, "trade_id": "238232157", "timestamp": 1671808992474, "tick_direction": 1, "price": 0.001, "mark_price": 0.00096338, "iv": 49.72, "instrument_name": "BTC-30DEC22-19000-C", "index_price": 16842.59, "direction": "sell", "amount": 0.1}, {"trade_seq": 5533, "trade_id": "238232154", "timestamp": 1671808976216, "tick_direction": 1, "price": 0.001, "mark_price": 0.00096318, "iv": 49.74, "instrument_name": "BTC-30DEC22-19000-C", "index_price": 16842.04, "direction": "sell", "amount": 0.1}, {"trade_seq": 5532, "trade_id": "238232150", "timestamp": 1671808947749, "tick_direction": 1, "price": 0.001, "mark_price": 0.0009674, "iv": 49.72, "instrument_name": "BTC-30DEC22-19000-C", "index_price": 16842.9, "direction": "sell", "amount": 0.1}, {"trade_seq": 5531, "trade_id": "238232147", "timestamp": 1671808931482, "tick_direction": 1, "price": 0.001, "mark_price": 0.00096891, "iv": 49.72, "instrument_name": "BTC-30DEC22-19000-C", "index_price": 16843.44, "direction": "sell", "amount": 0.1}, {"trade_seq": 5530, "trade_id": "238232088", "timestamp": 1671808837860, "tick_direction": 1, "price": 0.001, "mark_price": 0.00096495, "iv": 49.82, "instrument_name": "BTC-30DEC22-19000-C", "index_price": 16839.38, "direction": "sell", "amount": 0.1}, {"trade_seq": 5529, "trade_id": "238232087", "timestamp": 1671808819570, "tick_direction": 1, "price": 0.001, "mark_price": 0.00096476, "iv": 49.84, "instrument_name": "BTC-30DEC22-19000-C", "index_price": 16838.69, "direction": "sell", "amount": 0.1}, {"trade_seq": 5528, "trade_id": "238232061", "timestamp": 1671808781536, "tick_direction": 1, "price": 0.001, "mark_price": 0.00096951, "iv": 49.82, "instrument_name": "BTC-30DEC22-19000-C", "index_price": 16839.18, "direction": "sell", "amount": 0.1}, {"trade_seq": 5527, "trade_id": "238232037", "timestamp": 1671808768736, "tick_direction": 1, "price": 0.001, "mark_price": 0.000965, "iv": 49.87, "instrument_name": "BTC-30DEC22-19000-C", "index_price": 16835.99, "direction": "sell", "amount": 0.1}, {"trade_seq": 5526, "trade_id": "238232036", "timestamp": 1671808762651, "tick_direction": 0, "price": 0.001, "mark_price": 0.00096501, "iv": 49.89, "instrument_name": "BTC-30DEC22-19000-C", "index_price": 16835.08, "direction": "sell", "amount": 0.1}, {"trade_seq": 5525, "trade_id": "238230614", "timestamp": 1671806398330, "tick_direction": 2, "price": 0.0007, "mark_price": 0.00086482, "iv": 48.06, "instrument_name": "BTC-30DEC22-19000-C", "index_price": 16769.19, "direction": "buy", "combo_id": "BTC-STRG-30DEC22-14500_19000", "block_trade_id": "59576", "amount": 22.5}, {"trade_seq": 5524, "trade_id": "238230590", "timestamp": 1671806336992, "tick_direction": 0, "price": 0.0008, "mark_price": 0.00087937, "iv": 48.93, "instrument_name": "BTC-30DEC22-19000-C", "index_price": 16779.23, "direction": "sell", "combo_id": "BTC-STRG-30DEC22-14500_19000", "block_trade_id": "59575", "amount": 12.5}, {"trade_seq": 5523, "trade_id": "238230588", "timestamp": 1671806336985, "tick_direction": 2, "price": 0.0007, "mark_price": 0.00087937, "iv": 47.85, "instrument_name": "BTC-30DEC22-19000-C", "index_price": 16779.23, "direction": "sell", "combo_id": "BTC-STRG-30DEC22-14500_19000", "block_trade_id": "59574", "amount": 25.0}, {"trade_seq": 5522, "trade_id": "238230199", "timestamp": 1671805992464, "tick_direction": 1, "price": 0.001, "mark_price": 0.00095822, "iv": 49.87, "instrument_name": "BTC-30DEC22-19000-C", "index_price": 16831.0, "direction": "sell", "amount": 0.1}, {"trade_seq": 5521, "trade_id": "238228023", "timestamp": 1671803421001, "tick_direction": 1, "price": 0.001, "mark_price": 0.00095208, "iv": 48.5, "instrument_name": "BTC-30DEC22-19000-C", "index_price": 16889.38, "direction": "sell", "amount": 0.1}, {"trade_seq": 5520, "trade_id": "238227946", "timestamp": 1671803308752, "tick_direction": 1, "price": 0.001, "mark_price": 0.00099155, "iv": 48.23, "instrument_name": "BTC-30DEC22-19000-C", "index_price": 16901.96, "direction": "sell", "amount": 0.1}, {"trade_seq": 5519, "trade_id": "238227934", "timestamp": 1671803291045, "tick_direction": 1, "price": 0.001, "mark_price": 0.00100334, "iv": 48.15, "instrument_name": "BTC-30DEC22-19000-C", "index_price": 16906.21, "direction": "sell", "amount": 0.1}, {"trade_seq": 5518, "trade_id": "238227921", "timestamp": 1671803278260, "tick_direction": 1, "price": 0.001, "mark_price": 0.00099936, "iv": 48.2, "instrument_name": "BTC-30DEC22-19000-C", "index_price": 16902.88, "direction": "sell", "amount": 0.1}, {"trade_seq": 5517, "trade_id": "238227899", "timestamp": 1671803255332, "tick_direction": 1, "price": 0.001, "mark_price": 0.00098821, "iv": 48.33, "instrument_name": "BTC-30DEC22-19000-C", "index_price": 16896.84, "direction": "sell", "amount": 0.1}, {"trade_seq": 5516, "trade_id": "238227884", "timestamp": 1671803228650, "tick_direction": 1, "price": 0.001, "mark_price": 0.00098452, "iv": 48.39, "instrument_name": "BTC-30DEC22-19000-C", "index_price": 16893.6, "direction": "sell", "amount": 0.1}, {"trade_seq": 5515, "trade_id": "238227879", "timestamp": 1671803209842, "tick_direction": 1, "price": 0.001, "mark_price": 0.00098033, "iv": 48.44, "instrument_name": "BTC-30DEC22-19000-C", "index_price": 16890.67, "direction": "sell", "amount": 0.1}, {"trade_seq": 5514, "trade_id": "238227877", "timestamp": 1671803205040, "tick_direction": 1, "price": 0.001, "mark_price": 0.00097651, "iv": 48.43, "instrument_name": "BTC-30DEC22-19000-C", "index_price": 16890.84, "direction": "sell", "amount": 0.1}, {"trade_seq": 5513, "trade_id": "238227830", "timestamp": 1671803168648, "tick_direction": 1, "price": 0.001, "mark_price": 0.0009666, "iv": 48.65, "instrument_name": "BTC-30DEC22-19000-C", "index_price": 16880.13, "direction": "sell", "amount": 0.1}, {"trade_seq": 5512, "trade_id": "238227595", "timestamp": 1671803001618, "tick_direction": 1, "price": 0.001, "mark_price": 0.00104943, "iv": 47.98, "instrument_name": "BTC-30DEC22-19000-C", "index_price": 16914.11, "direction": "sell", "amount": 0.1}, {"trade_seq": 5511, "trade_id": "238227563", "timestamp": 1671802990036, "tick_direction": 1, "price": 0.001, "mark_price": 0.00104524, "iv": 48.16, "instrument_name": "BTC-30DEC22-19000-C", "index_price": 16904.14, "direction": "sell", "amount": 0.1}, {"trade_seq": 5510, "trade_id": "238227501", "timestamp": 1671802960938, "tick_direction": 1, "price": 0.001, "mark_price": 0.00100213, "iv": 48.57, "instrument_name": "BTC-30DEC22-19000-C", "index_price": 16888.24, "direction": "sell", "amount": 0.1}, {"trade_seq": 5509, "trade_id": "238227470", "timestamp": 1671802932491, "tick_direction": 1, "price": 0.001, "mark_price": 0.00099296, "iv": 48.71, "instrument_name": "BTC-30DEC22-19000-C", "index_price": 16879.49, "direction": "sell", "amount": 0.1}, {"trade_seq": 5508, "trade_id": "238227344", "timestamp": 1671802877561, "tick_direction": 1, "price": 0.001, "mark_price": 0.00103635, "iv": 48.47, "instrument_name": "BTC-30DEC22-19000-C", "index_price": 16890.64, "direction": "sell", "amount": 0.1}, {"trade_seq": 5507, "trade_id": "238227342", "timestamp": 1671802876616, "tick_direction": 1, "price": 0.001, "mark_price": 0.00103726, "iv": 48.44, "instrument_name": "BTC-30DEC22-19000-C", "index_price": 16891.72, "direction": "sell", "amount": 0.1}, {"trade_seq": 5506, "trade_id": "238227327", "timestamp": 1671802870159, "tick_direction": 1, "price": 0.001, "mark_price": 0.00102755, "iv": 48.47, "instrument_name": "BTC-30DEC22-19000-C", "index_price": 16889.71, "direction": "sell", "amount": 0.1}, {"trade_seq": 5505, "trade_id": "238227279", "timestamp": 1671802855268, "tick_direction": 1, "price": 0.001, "mark_price": 0.00100355, "iv": 48.7, "instrument_name": "BTC-30DEC22-19000-C", "index_price": 16878.09, "direction": "sell", "amount": 0.1}, {"trade_seq": 5504, "trade_id": "238227253", "timestamp": 1671802818859, "tick_direction": 1, "price": 0.001, "mark_price": 0.00101273, "iv": 48.67, "instrument_name": "BTC-30DEC22-19000-C", "index_price": 16880.87, "direction": "sell", "amount": 0.1}, {"trade_seq": 5503, "trade_id": "238227084", "timestamp": 1671802785318, "tick_direction": 1, "price": 0.001, "mark_price": 0.00106026, "iv": 48.33, "instrument_name": "BTC-30DEC22-19000-C", "index_price": 16897.57, "direction": "sell", "amount": 0.1}, {"trade_seq": 5502, "trade_id": "238227044", "timestamp": 1671802781125, "tick_direction": 1, "price": 0.001, "mark_price": 0.00104811, "iv": 48.35, "instrument_name": "BTC-30DEC22-19000-C", "index_price": 16897.13, "direction": "sell", "amount": 0.1}, {"trade_seq": 5501, "trade_id": "238227023", "timestamp": 1671802776384, "tick_direction": 1, "price": 0.001, "mark_price": 0.00101341, "iv": 48.75, "instrument_name": "BTC-30DEC22-19000-C", "index_price": 16876.69, "direction": "sell", "amount": 0.1}, {"trade_seq": 5500, "trade_id": "238226898", "timestamp": 1671802757671, "tick_direction": 1, "price": 0.001, "mark_price": 0.00099403, "iv": 48.95, "instrument_name": "BTC-30DEC22-19000-C", "index_price": 16867.78, "direction": "sell", "amount": 0.1}, {"trade_seq": 5499, "trade_id": "238226810", "timestamp": 1671802751531, "tick_direction": 1, "price": 0.001, "mark_price": 0.00097734, "iv": 49.1, "instrument_name": "BTC-30DEC22-19000-C", "index_price": 16861.0, "direction": "sell", "amount": 0.1}, {"trade_seq": 5498, "trade_id": "238226782", "timestamp": 1671802747617, "tick_direction": 1, "price": 0.001, "mark_price": 0.00096326, "iv": 49.24, "instrument_name": "BTC-30DEC22-19000-C", "index_price": 16853.5, "direction": "sell", "amount": 0.1}, {"trade_seq": 5497, "trade_id": "238226748", "timestamp": 1671802742689, "tick_direction": 1, "price": 0.001, "mark_price": 0.00093959, "iv": 49.45, "instrument_name": "BTC-30DEC22-19000-C", "index_price": 16842.58, "direction": "sell", "amount": 0.1}, {"trade_seq": 5496, "trade_id": "238221040", "timestamp": 1671796412235, "tick_direction": 1, "price": 0.001, "mark_price": 0.00073332, "iv": 48.96, "instrument_name": "BTC-30DEC22-19000-C", "index_price": 16853.08, "direction": "buy", "amount": 6.0}, {"trade_seq": 5495, "trade_id": "238220245", "timestamp": 1671793920687, "tick_direction": 1, "price": 0.001, "mark_price": 0.00071895, "iv": 48.94, "instrument_name": "BTC-30DEC22-19000-C", "index_price": 16851.89, "direction": "sell", "amount": 5.7}, {"trade_seq": 5494, "trade_id": "238220244", "timestamp": 1671793920674, "tick_direction": 1, "price": 0.001, "mark_price": 0.00071895, "iv": 48.94, "instrument_name": "BTC-30DEC22-19000-C", "index_price": 16851.89, "direction": "buy", "amount": 2.2}, {"trade_seq": 5493, "trade_id": "238220243", "timestamp": 1671793920674, "tick_direction": 1, "price": 0.001, "mark_price": 0.00071895, "iv": 48.94, "instrument_name": "BTC-30DEC22-19000-C", "index_price": 16851.89, "direction": "buy", "amount": 0.1}, {"trade_seq": 5492, "trade_id": "238220242", "timestamp": 1671793920674, "tick_direction": 1, "price": 0.001, "mark_price": 0.00071895, "iv": 48.94, "instrument_name": "BTC-30DEC22-19000-C", "index_price": 16851.89, "direction": "buy", "amount": 1.0}, {"trade_seq": 5491, "trade_id": "238216962", "timestamp": 1671787054912, "tick_direction": 1, "price": 0.001, "mark_price": 0.00076994, "iv": 49.14, "instrument_name": "BTC-30DEC22-19000-C", "index_price": 16829.27, "direction": "buy", "amount": 0.1}, {"trade_seq": 5490, "trade_id": "238216585", "timestamp": 1671786329780, "tick_direction": 1, "price": 0.001, "mark_price": 0.0007359, "iv": 48.9, "instrument_name": "BTC-30DEC22-19000-C", "index_price": 16837.16, "direction": "buy", "amount": 0.2}, {"trade_seq": 5489, "trade_id": "238216563", "timestamp": 1671786257913, "tick_direction": 1, "price": 0.001, "mark_price": 0.00072816, "iv": 48.89, "instrument_name": "BTC-30DEC22-19000-C", "index_price": 16836.7, "direction": "buy", "amount": 2.4}, {"trade_seq": 5488, "trade_id": "238216543", "timestamp": 1671786233510, "tick_direction": 1, "price": 0.001, "mark_price": 0.00072916, "iv": 48.89, "instrument_name": "BTC-30DEC22-19000-C", "index_price": 16837.2, "direction": "buy", "amount": 0.1}, {"trade_seq": 5487, "trade_id": "238216541", "timestamp": 1671786231480, "tick_direction": 0, "price": 0.001, "mark_price": 0.00072813, "iv": 48.9, "instrument_name": "BTC-30DEC22-19000-C", "index_price": 16836.59, "direction": "buy", "amount": 0.1}, {"trade_seq": 5486, "trade_id": "238216539", "timestamp": 1671786227182, "tick_direction": 3, "price": 0.0005, "mark_price": 0.00072781, "iv": 43.58, "instrument_name": "BTC-30DEC22-19000-C", "index_price": 16836.53, "direction": "sell", "amount": 0.1}, {"trade_seq": 5485, "trade_id": "238216538", "timestamp": 1671786227182, "tick_direction": 2, "price": 0.0005, "mark_price": 0.00072781, "iv": 43.58, "instrument_name": "BTC-30DEC22-19000-C", "index_price": 16836.53, "direction": "sell", "amount": 0.9}, {"trade_seq": 5484, "trade_id": "238216476", "timestamp": 1671786040313, "tick_direction": 1, "price": 0.001, "mark_price": 0.00072253, "iv": 48.97, "instrument_name": "BTC-30DEC22-19000-C", "index_price": 16835.0, "direction": "buy", "amount": 0.1}, {"trade_seq": 5483, "trade_id": "238216475", "timestamp": 1671786036245, "tick_direction": 1, "price": 0.001, "mark_price": 0.00072257, "iv": 48.97, "instrument_name": "BTC-30DEC22-19000-C", "index_price": 16835.05, "direction": "buy", "amount": 0.1}, {"trade_seq": 5482, "trade_id": "238216081", "timestamp": 1671785256953, "tick_direction": 1, "price": 0.001, "mark_price": 0.00073453, "iv": 48.87, "instrument_name": "BTC-30DEC22-19000-C", "index_price": 16835.11, "direction": "buy", "amount": 0.5}, {"trade_seq": 5481, "trade_id": "238215936", "timestamp": 1671784657981, "tick_direction": 1, "price": 0.001, "mark_price": 0.00074749, "iv": 48.96, "instrument_name": "BTC-30DEC22-19000-C", "index_price": 16830.34, "direction": "buy", "amount": 0.3}, {"trade_seq": 5480, "trade_id": "238215824", "timestamp": 1671784331227, "tick_direction": 1, "price": 0.001, "mark_price": 0.00076871, "iv": 48.97, "instrument_name": "BTC-30DEC22-19000-C", "index_price": 16829.54, "direction": "buy", "amount": 0.1}, {"trade_seq": 5479, "trade_id": "238215330", "timestamp": 1671783463460, "tick_direction": 1, "price": 0.001, "mark_price": 0.00079534, "iv": 48.98, "instrument_name": "BTC-30DEC22-19000-C", "index_price": 16824.22, "direction": "buy", "amount": 4.7}, {"trade_seq": 5478, "trade_id": "238215329", "timestamp": 1671783463460, "tick_direction": 0, "price": 0.001, "mark_price": 0.00079534, "iv": 48.98, "instrument_name": "BTC-30DEC22-19000-C", "index_price": 16824.22, "direction": "buy", "amount": 21.0}, {"trade_seq": 5477, "trade_id": "238215086", "timestamp": 1671783151980, "tick_direction": 3, "price": 0.0005, "mark_price": 0.00086881, "iv": 43.61, "instrument_name": "BTC-30DEC22-19000-C", "index_price": 16825.98, "direction": "sell", "amount": 0.1}, {"trade_seq": 5476, "trade_id": "238215063", "timestamp": 1671783078407, "tick_direction": 2, "price": 0.0005, "mark_price": 0.00088923, "iv": 43.66, "instrument_name": "BTC-30DEC22-19000-C", "index_price": 16823.31, "direction": "sell", "amount": 0.5}, {"trade_seq": 5475, "trade_id": "238214834", "timestamp": 1671782887841, "tick_direction": 0, "price": 0.001, "mark_price": 0.00097462, "iv": 48.92, "instrument_name": "BTC-30DEC22-19000-C", "index_price": 16827.28, "direction": "sell", "amount": 0.2}, {"trade_seq": 5474, "trade_id": "238214543", "timestamp": 1671782749832, "tick_direction": 2, "price": 0.0005, "mark_price": 0.001078, "iv": 43.18, "instrument_name": "BTC-30DEC22-19000-C", "index_price": 16849.18, "direction": "sell", "amount": 0.5}, {"trade_seq": 5473, "trade_id": "238214542", "timestamp": 1671782749354, "tick_direction": 3, "price": 0.001, "mark_price": 0.001078, "iv": 48.47, "instrument_name": "BTC-30DEC22-19000-C", "index_price": 16849.18, "direction": "buy", "amount": 0.1}, {"trade_seq": 5472, "trade_id": "238214541", "timestamp": 1671782749354, "tick_direction": 3, "price": 0.001, "mark_price": 0.001078, "iv": 48.47, "instrument_name": "BTC-30DEC22-19000-C", "index_price": 16849.18, "direction": "buy", "amount": 21.0}, {"trade_seq": 5471, "trade_id": "238214477", "timestamp": 1671782708380, "tick_direction": 3, "price": 0.001, "mark_price": 0.0012548, "iv": 48.41, "instrument_name": "BTC-30DEC22-19000-C", "index_price": 16851.01, "direction": "sell", "amount": 0.1}, {"trade_seq": 5470, "trade_id": "238214476", "timestamp": 1671782708380, "tick_direction": 3, "price": 0.001, "mark_price": 0.0012548, "iv": 48.41, "instrument_name": "BTC-30DEC22-19000-C", "index_price": 16851.01, "direction": "sell", "amount": 4.2}, {"trade_seq": 5469, "trade_id": "238214334", "timestamp": 1671782659810, "tick_direction": 3, "price": 0.001, "mark_price": 0.00126732, "iv": 48.38, "instrument_name": "BTC-30DEC22-19000-C", "index_price": 16852.91, "direction": "sell", "amount": 0.1}, {"trade_seq": 5468, "trade_id": "238213997", "timestamp": 1671782580765, "tick_direction": 3, "price": 0.001, "mark_price": 0.00127167, "iv": 48.38, "instrument_name": "BTC-30DEC22-19000-C", "index_price": 16854.79, "direction": "sell", "amount": 0.1}, {"trade_seq": 5467, "trade_id": "238213206", "timestamp": 1671782414711, "tick_direction": 2, "price": 0.001, "mark_price": 0.00122424, "iv": 48.78, "instrument_name": "BTC-30DEC22-19000-C", "index_price": 16848.35, "direction": "sell", "amount": 0.1}, {"trade_seq": 5466, "trade_id": "238213197", "timestamp": 1671782411888, "tick_direction": 1, "price": 0.0015, "mark_price": 0.00122369, "iv": 52.66, "instrument_name": "BTC-30DEC22-19000-C", "index_price": 16847.84, "direction": "buy", "amount": 0.1}, {"trade_seq": 5465, "trade_id": "238213195", "timestamp": 1671782410387, "tick_direction": 0, "price": 0.0015, "mark_price": 0.00122356, "iv": 52.66, "instrument_name": "BTC-30DEC22-19000-C", "index_price": 16847.77, "direction": "buy", "amount": 0.1}, {"trade_seq": 5464, "trade_id": "238209922", "timestamp": 1671772836365, "tick_direction": 3, "price": 0.001, "mark_price": 0.00122439, "iv": 48.55, "instrument_name": "BTC-30DEC22-19000-C", "index_price": 16832.16, "direction": "sell", "amount": 0.5}, {"trade_seq": 5463, "trade_id": "238209921", "timestamp": 1671772836365, "tick_direction": 2, "price": 0.001, "mark_price": 0.00122439, "iv": 48.55, "instrument_name": "BTC-30DEC22-19000-C", "index_price": 16832.16, "direction": "sell", "amount": 1.0}, {"trade_seq": 5462, "trade_id": "238209462", "timestamp": 1671770610792, "tick_direction": 1, "price": 0.0015, "mark_price": 0.00124414, "iv": 52.38, "instrument_name": "BTC-30DEC22-19000-C", "index_price": 16826.84, "direction": "buy", "amount": 0.2}, {"trade_seq": 5461, "trade_id": "238208822", "timestamp": 1671766426893, "tick_direction": 1, "price": 0.0015, "mark_price": 0.0011758, "iv": 52.05, "instrument_name": "BTC-30DEC22-19000-C", "index_price": 16832.45, "direction": "buy", "amount": 1.0}, {"trade_seq": 5460, "trade_id": "238205567", "timestamp": 1671762613840, "tick_direction": 1, "price": 0.0015, "mark_price": 0.00125759, "iv": 52.54, "instrument_name": "BTC-30DEC22-19000-C", "index_price": 16796.03, "direction": "buy", "amount": 1.9}, {"trade_seq": 5459, "trade_id": "238205566", "timestamp": 1671762613840, "tick_direction": 0, "price": 0.0015, "mark_price": 0.00125759, "iv": 52.54, "instrument_name": "BTC-30DEC22-19000-C", "index_price": 16796.03, "direction": "buy", "amount": 0.1}, {"trade_seq": 5458, "trade_id": "238205414", "timestamp": 1671761354544, "tick_direction": 2, "price": 0.001, "mark_price": 0.00121835, "iv": 48.91, "instrument_name": "BTC-30DEC22-19000-C", "index_price": 16784.78, "direction": "sell", "amount": 0.3}, {"trade_seq": 5457, "trade_id": "238200416", "timestamp": 1671743524680, "tick_direction": 1, "price": 0.0015, "mark_price": 0.00122027, "iv": 52.32, "instrument_name": "BTC-30DEC22-19000-C", "index_price": 16773.9, "direction": "buy", "amount": 1.0}, {"trade_seq": 5456, "trade_id": "238200415", "timestamp": 1671743524680, "tick_direction": 0, "price": 0.0015, "mark_price": 0.00122027, "iv": 52.32, "instrument_name": "BTC-30DEC22-19000-C", "index_price": 16773.9, "direction": "buy", "amount": 1.0}, {"trade_seq": 5455, "trade_id": "238195142", "timestamp": 1671740085829, "tick_direction": 2, "price": 0.001, "mark_price": 0.00124593, "iv": 50.46, "instrument_name": "BTC-30DEC22-19000-C", "index_price": 16658.94, "direction": "sell", "amount": 0.1}, {"trade_seq": 5454, "trade_id": "238193792", "timestamp": 1671737754093, "tick_direction": 1, "price": 0.0015, "mark_price": 0.00123542, "iv": 54.69, "instrument_name": "BTC-30DEC22-19000-C", "index_price": 16642.04, "direction": "buy", "amount": 2.0}, {"trade_seq": 5453, "trade_id": "238190648", "timestamp": 1671733776228, "tick_direction": 1, "price": 0.0015, "mark_price": 0.00122424, "iv": 55.52, "instrument_name": "BTC-30DEC22-19000-C", "index_price": 16597.77, "direction": "buy", "amount": 1.1}, {"trade_seq": 5452, "trade_id": "238190647", "timestamp": 1671733776228, "tick_direction": 0, "price": 0.0015, "mark_price": 0.00122424, "iv": 55.52, "instrument_name": "BTC-30DEC22-19000-C", "index_price": 16597.77, "direction": "buy", "amount": 1.9}, {"trade_seq": 5451, "trade_id": "238181761", "timestamp": 1671724592701, "tick_direction": 3, "price": 0.001, "mark_price": 0.00103332, "iv": 50.54, "instrument_name": "BTC-30DEC22-19000-C", "index_price": 16628.57, "direction": "buy", "amount": 2.3}, {"trade_seq": 5450, "trade_id": "238181760", "timestamp": 1671724592693, "tick_direction": 3, "price": 0.001, "mark_price": 0.00103332, "iv": 50.54, "instrument_name": "BTC-30DEC22-19000-C", "index_price": 16628.57, "direction": "sell", "amount": 2.7}, {"trade_seq": 5449, "trade_id": "238180963", "timestamp": 1671723698173, "tick_direction": 3, "price": 0.001, "mark_price": 0.00114866, "iv": 49.9, "instrument_name": "BTC-30DEC22-19000-C", "index_price": 16660.67, "direction": "buy", "amount": 2.4}, {"trade_seq": 5448, "trade_id": "238180962", "timestamp": 1671723698164, "tick_direction": 3, "price": 0.001, "mark_price": 0.00114866, "iv": 49.9, "instrument_name": "BTC-30DEC22-19000-C", "index_price": 16660.67, "direction": "sell", "amount": 2.5}, {"trade_seq": 5447, "trade_id": "238180961", "timestamp": 1671723698164, "tick_direction": 3, "price": 0.001, "mark_price": 0.00114866, "iv": 49.9, "instrument_name": "BTC-30DEC22-19000-C", "index_price": 16660.67, "direction": "sell", "amount": 0.1}, {"trade_seq": 5446, "trade_id": "238177165", "timestamp": 1671719792840, "tick_direction": 3, "price": 0.001, "mark_price": 0.00120404, "iv": 49.41, "instrument_name": "BTC-30DEC22-19000-C", "index_price": 16671.45, "direction": "buy", "amount": 0.1}, {"trade_seq": 5445, "trade_id": "238177164", "timestamp": 1671719792822, "tick_direction": 3, "price": 0.001, "mark_price": 0.00120404, "iv": 49.39, "instrument_name": "BTC-30DEC22-19000-C", "index_price": 16672.66, "direction": "sell", "amount": 0.1}, {"trade_seq": 5444, "trade_id": "238177163", "timestamp": 1671719792822, "tick_direction": 3, "price": 0.001, "mark_price": 0.00120404, "iv": 49.39, "instrument_name": "BTC-30DEC22-19000-C", "index_price": 16672.66, "direction": "sell", "amount": 5.1}, {"trade_seq": 5443, "trade_id": "238171733", "timestamp": 1671714503496, "tick_direction": 3, "price": 0.001, "mark_price": 0.00090168, "iv": 46.96, "instrument_name": "BTC-30DEC22-19000-C", "index_price": 16802.28, "direction": "sell", "amount": 0.5}, {"trade_seq": 5442, "trade_id": "238171567", "timestamp": 1671714089606, "tick_direction": 3, "price": 0.001, "mark_price": 0.0009042, "iv": 46.67, "instrument_name": "BTC-30DEC22-19000-C", "index_price": 16814.86, "direction": "buy", "amount": 0.1}, {"trade_seq": 5441, "trade_id": "238171270", "timestamp": 1671712801624, "tick_direction": 2, "price": 0.001, "mark_price": 0.00104396, "iv": 46.57, "instrument_name": "BTC-30DEC22-19000-C", "index_price": 16816.48, "direction": "sell", "amount": 0.8}, {"trade_seq": 5440, "trade_id": "238169093", "timestamp": 1671707044960, "tick_direction": 1, "price": 0.0015, "mark_price": 0.00108489, "iv": 49.95, "instrument_name": "BTC-30DEC22-19000-C", "index_price": 16827.19, "direction": "buy", "amount": 0.2}, {"trade_seq": 5439, "trade_id": "238169092", "timestamp": 1671707044960, "tick_direction": 0, "price": 0.0015, "mark_price": 0.00108489, "iv": 49.95, "instrument_name": "BTC-30DEC22-19000-C", "index_price": 16827.19, "direction": "buy", "amount": 0.1}, {"trade_seq": 5438, "trade_id": "238160295", "timestamp": 1671689672809, "tick_direction": 3, "price": 0.001, "mark_price": 0.00124799, "iv": 45.73, "instrument_name": "BTC-30DEC22-19000-C", "index_price": 16823.99, "direction": "sell", "amount": 5.7}, {"trade_seq": 5437, "trade_id": "238160294", "timestamp": 1671689672809, "tick_direction": 3, "price": 0.001, "mark_price": 0.00124799, "iv": 45.73, "instrument_name": "BTC-30DEC22-19000-C", "index_price": 16823.99, "direction": "sell", "amount": 0.2}, {"trade_seq": 5436, "trade_id": "238160293", "timestamp": 1671689672809, "tick_direction": 2, "price": 0.001, "mark_price": 0.00124799, "iv": 45.73, "instrument_name": "BTC-30DEC22-19000-C", "index_price": 16823.99, "direction": "sell", "amount": 0.1}, {"trade_seq": 5435, "trade_id": "238159579", "timestamp": 1671686936795, "tick_direction": 3, "price": 0.0015, "mark_price": 0.00130643, "iv": 49.06, "instrument_name": "BTC-30DEC22-19000-C", "index_price": 16834.88, "direction": "buy", "amount": 0.1}, {"trade_seq": 5434, "trade_id": "238159537", "timestamp": 1671686480362, "tick_direction": 3, "price": 0.0015, "mark_price": 0.00130827, "iv": 49.11, "instrument_name": "BTC-30DEC22-19000-C", "index_price": 16832.09, "direction": "buy", "amount": 0.2}, {"trade_seq": 5433, "trade_id": "238159147", "timestamp": 1671684071856, "tick_direction": 3, "price": 0.0015, "mark_price": 0.00166963, "iv": 48.8, "instrument_name": "BTC-30DEC22-19000-C", "index_price": 16845.68, "direction": "sell", "amount": 2.1}, {"trade_seq": 5432, "trade_id": "238159145", "timestamp": 1671684050479, "tick_direction": 3, "price": 0.0015, "mark_price": 0.00166924, "iv": 48.81, "instrument_name": "BTC-30DEC22-19000-C", "index_price": 16846.15, "direction": "sell", "amount": 1.0}, {"trade_seq": 5431, "trade_id": "238159144", "timestamp": 1671684050479, "tick_direction": 3, "price": 0.0015, "mark_price": 0.00166924, "iv": 48.81, "instrument_name": "BTC-30DEC22-19000-C", "index_price": 16846.15, "direction": "sell", "amount": 0.6}, {"trade_seq": 5430, "trade_id": "238158064", "timestamp": 1671679055422, "tick_direction": 3, "price": 0.0015, "mark_price": 0.00174778, "iv": 48.38, "instrument_name": "BTC-30DEC22-19000-C", "index_price": 16854.21, "direction": "sell", "amount": 0.1}, {"trade_seq": 5429, "trade_id": "238158063", "timestamp": 1671679055422, "tick_direction": 2, "price": 0.0015, "mark_price": 0.00174778, "iv": 48.38, "instrument_name": "BTC-30DEC22-19000-C", "index_price": 16854.21, "direction": "sell", "amount": 0.9}, {"trade_seq": 5428, "trade_id": "238147194", "timestamp": 1671653220641, "tick_direction": 3, "price": 0.002, "mark_price": 0.00169648, "iv": 52.55, "instrument_name": "BTC-30DEC22-19000-C", "index_price": 16746.21, "direction": "buy", "amount": 2.5}, {"trade_seq": 5427, "trade_id": "238144898", "timestamp": 1671648565987, "tick_direction": 3, "price": 0.002, "mark_price": 0.00173254, "iv": 51.41, "instrument_name": "BTC-30DEC22-19000-C", "index_price": 16803.09, "direction": "buy", "amount": 0.1}, {"trade_seq": 5426, "trade_id": "238139884", "timestamp": 1671636829938, "tick_direction": 3, "price": 0.002, "mark_price": 0.00179668, "iv": 50.1, "instrument_name": "BTC-30DEC22-19000-C", "index_price": 16842.82, "direction": "buy", "amount": 1.7}, {"trade_seq": 5425, "trade_id": "238139883", "timestamp": 1671636829938, "tick_direction": 3, "price": 0.002, "mark_price": 0.00179668, "iv": 50.1, "instrument_name": "BTC-30DEC22-19000-C", "index_price": 16842.82, "direction": "buy", "amount": 2.6}, {"trade_seq": 5424, "trade_id": "238139882", "timestamp": 1671636829938, "tick_direction": 3, "price": 0.002, "mark_price": 0.00179668, "iv": 50.1, "instrument_name": "BTC-30DEC22-19000-C", "index_price": 16842.82, "direction": "buy", "amount": 1.7}, {"trade_seq": 5423, "trade_id": "238139881", "timestamp": 1671636829938, "tick_direction": 2, "price": 0.002, "mark_price": 0.00179668, "iv": 50.1, "instrument_name": "BTC-30DEC22-19000-C", "index_price": 16842.82, "direction": "buy", "amount": 29.0}, {"trade_seq": 5422, "trade_id": "238133281", "timestamp": 1671630515259, "tick_direction": 1, "price": 0.002, "mark_price": 0.0017323, "iv": 50.09, "instrument_name": "BTC-30DEC22-19000-C", "index_price": 16835.84, "direction": "buy", "amount": 2.0}, {"trade_seq": 5421, "trade_id": "238132536", "timestamp": 1671628330806, "tick_direction": 1, "price": 0.002, "mark_price": 0.00176082, "iv": 49.77, "instrument_name": "BTC-30DEC22-19000-C", "index_price": 16847.69, "direction": "buy", "amount": 5.0}, {"trade_seq": 5420, "trade_id": "238130927", "timestamp": 1671623129971, "tick_direction": 1, "price": 0.002, "mark_price": 0.00208968, "iv": 49.22, "instrument_name": "BTC-30DEC22-19000-C", "index_price": 16867.73, "direction": "sell", "amount": 3.6}, {"trade_seq": 5419, "trade_id": "238127640", "timestamp": 1671612756072, "tick_direction": 2, "price": 0.0015, "mark_price": 0.00179906, "iv": 46.44, "instrument_name": "BTC-30DEC22-19000-C", "index_price": 16848.46, "direction": "sell", "amount": 0.1}, {"trade_seq": 5418, "trade_id": "238126291", "timestamp": 1671610149465, "tick_direction": 3, "price": 0.002, "mark_price": 0.00172491, "iv": 49.92, "instrument_name": "BTC-30DEC22-19000-C", "index_price": 16809.9, "direction": "buy", "amount": 1.0}, {"trade_seq": 5417, "trade_id": "238123810", "timestamp": 1671602742747, "tick_direction": 3, "price": 0.002, "mark_price": 0.00182718, "iv": 49.37, "instrument_name": "BTC-30DEC22-19000-C", "index_price": 16829.1, "direction": "buy", "amount": 1.0}, {"trade_seq": 5416, "trade_id": "238123795", "timestamp": 1671602641312, "tick_direction": 2, "price": 0.002, "mark_price": 0.00183428, "iv": 49.26, "instrument_name": "BTC-30DEC22-19000-C", "index_price": 16834.56, "direction": "buy", "amount": 1.0}, {"trade_seq": 5415, "trade_id": "238120685", "timestamp": 1671589889156, "tick_direction": 0, "price": 0.0025, "mark_price": 0.00202466, "iv": 50.74, "instrument_name": "BTC-30DEC22-19000-C", "index_price": 16863.86, "direction": "buy", "amount": 1.5}, {"trade_seq": 5414, "trade_id": "238120004", "timestamp": 1671586605107, "tick_direction": 3, "price": 0.002, "mark_price": 0.00221436, "iv": 48.45, "instrument_name": "BTC-30DEC22-19000-C", "index_price": 16850.35, "direction": "buy", "amount": 0.9}, {"trade_seq": 5413, "trade_id": "238120003", "timestamp": 1671586605057, "tick_direction": 3, "price": 0.002, "mark_price": 0.00221436, "iv": 48.45, "instrument_name": "BTC-30DEC22-19000-C", "index_price": 16850.35, "direction": "sell", "amount": 2.1}, {"trade_seq": 5412, "trade_id": "238119665", "timestamp": 1671585514246, "tick_direction": 3, "price": 0.002, "mark_price": 0.00213498, "iv": 48.02, "instrument_name": "BTC-30DEC22-19000-C", "index_price": 16871.71, "direction": "sell", "amount": 0.1}, {"trade_seq": 5411, "trade_id": "238119575", "timestamp": 1671585351467, "tick_direction": 3, "price": 0.002, "mark_price": 0.00208144, "iv": 48.26, "instrument_name": "BTC-30DEC22-19000-C", "index_price": 16860.79, "direction": "buy", "amount": 0.3}, {"trade_seq": 5410, "trade_id": "238119574", "timestamp": 1671585351465, "tick_direction": 3, "price": 0.002, "mark_price": 0.00208144, "iv": 48.26, "instrument_name": "BTC-30DEC22-19000-C", "index_price": 16860.79, "direction": "sell", "amount": 0.2}, {"trade_seq": 5409, "trade_id": "238119573", "timestamp": 1671585351465, "tick_direction": 3, "price": 0.002, "mark_price": 0.00208144, "iv": 48.26, "instrument_name": "BTC-30DEC22-19000-C", "index_price": 16860.79, "direction": "sell", "amount": 0.1}, {"trade_seq": 5408, "trade_id": "238119572", "timestamp": 1671585351465, "tick_direction": 3, "price": 0.002, "mark_price": 0.00208144, "iv": 48.26, "instrument_name": "BTC-30DEC22-19000-C", "index_price": 16860.79, "direction": "sell", "amount": 0.1}, {"trade_seq": 5407, "trade_id": "238119571", "timestamp": 1671585351465, "tick_direction": 3, "price": 0.002, "mark_price": 0.00208144, "iv": 48.26, "instrument_name": "BTC-30DEC22-19000-C", "index_price": 16860.79, "direction": "sell", "amount": 0.3}, {"trade_seq": 5406, "trade_id": "238119036", "timestamp": 1671584147757, "tick_direction": 3, "price": 0.002, "mark_price": 0.00214863, "iv": 48.41, "instrument_name": "BTC-30DEC22-19000-C", "index_price": 16850.92, "direction": "sell", "amount": 0.4}, {"trade_seq": 5405, "trade_id": "238118787", "timestamp": 1671583824949, "tick_direction": 2, "price": 0.002, "mark_price": 0.00208693, "iv": 48.62, "instrument_name": "BTC-30DEC22-19000-C", "index_price": 16841.84, "direction": "sell", "amount": 0.5}, {"trade_seq": 5404, "trade_id": "238117388", "timestamp": 1671579893076, "tick_direction": 1, "price": 0.0025, "mark_price": 0.00220408, "iv": 49.8, "instrument_name": "BTC-30DEC22-19000-C", "index_price": 16898.54, "direction": "buy", "amount": 15.0}, {"trade_seq": 5403, "trade_id": "238117387", "timestamp": 1671579893076, "tick_direction": 1, "price": 0.0025, "mark_price": 0.00220408, "iv": 49.8, "instrument_name": "BTC-30DEC22-19000-C", "index_price": 16898.54, "direction": "buy", "amount": 1.9}, {"trade_seq": 5402, "trade_id": "238117386", "timestamp": 1671579893076, "tick_direction": 1, "price": 0.0025, "mark_price": 0.00220408, "iv": 49.8, "instrument_name": "BTC-30DEC22-19000-C", "index_price": 16898.54, "direction": "buy", "amount": 3.1}, {"trade_seq": 5401, "trade_id": "238115737", "timestamp": 1671575511073, "tick_direction": 1, "price": 0.0025, "mark_price": 0.00225243, "iv": 49.92, "instrument_name": "BTC-30DEC22-19000-C", "index_price": 16885.46, "direction": "buy", "amount": 1.0}, {"trade_seq": 5400, "trade_id": "238113572", "timestamp": 1671569782548, "tick_direction": 0, "price": 0.0025, "mark_price": 0.00212132, "iv": 50.28, "instrument_name": "BTC-30DEC22-19000-C", "index_price": 16854.5, "direction": "buy", "amount": 0.1}, {"trade_seq": 5399, "trade_id": "238111618", "timestamp": 1671565806289, "tick_direction": 3, "price": 0.002, "mark_price": 0.00222209, "iv": 47.24, "instrument_name": "BTC-30DEC22-19000-C", "index_price": 16882.87, "direction": "sell", "amount": 0.1}, {"trade_seq": 5398, "trade_id": "238109015", "timestamp": 1671560061935, "tick_direction": 2, "price": 0.002, "mark_price": 0.00223157, "iv": 48.47, "instrument_name": "BTC-30DEC22-19000-C", "index_price": 16805.95, "direction": "sell", "amount": 0.2}, {"trade_seq": 5397, "trade_id": "238107443", "timestamp": 1671556589916, "tick_direction": 1, "price": 0.0025, "mark_price": 0.0022049, "iv": 50.73, "instrument_name": "BTC-30DEC22-19000-C", "index_price": 16807.62, "direction": "buy", "amount": 0.3}, {"trade_seq": 5396, "trade_id": "238107435", "timestamp": 1671556583683, "tick_direction": 1, "price": 0.0025, "mark_price": 0.00220099, "iv": 50.75, "instrument_name": "BTC-30DEC22-19000-C", "index_price": 16806.74, "direction": "buy", "amount": 0.1}, {"trade_seq": 5395, "trade_id": "238107430", "timestamp": 1671556582692, "tick_direction": 0, "price": 0.0025, "mark_price": 0.00219792, "iv": 50.76, "instrument_name": "BTC-30DEC22-19000-C", "index_price": 16805.94, "direction": "buy", "amount": 0.1}, {"trade_seq": 5394, "trade_id": "238106432", "timestamp": 1671555700765, "tick_direction": 3, "price": 0.002, "mark_price": 0.00229002, "iv": 47.58, "instrument_name": "BTC-30DEC22-19000-C", "index_price": 16847.25, "direction": "sell", "amount": 0.5}, {"trade_seq": 5393, "trade_id": "238106431", "timestamp": 1671555700765, "tick_direction": 2, "price": 0.002, "mark_price": 0.00229002, "iv": 47.58, "instrument_name": "BTC-30DEC22-19000-C", "index_price": 16847.25, "direction": "sell", "amount": 0.5}, {"trade_seq": 5392, "trade_id": "238103221", "timestamp": 1671552426873, "tick_direction": 1, "price": 0.0025, "mark_price": 0.00235208, "iv": 48.83, "instrument_name": "BTC-30DEC22-19000-C", "index_price": 16905.8, "direction": "sell", "amount": 0.1}, {"trade_seq": 5391, "trade_id": "238101743", "timestamp": 1671551056461, "tick_direction": 0, "price": 0.0025, "mark_price": 0.00215505, "iv": 47.75, "instrument_name": "BTC-30DEC22-19000-C", "index_price": 16964.53, "direction": "buy", "amount": 0.4}, {"trade_seq": 5390, "trade_id": "238097138", "timestamp": 1671548860847, "tick_direction": 2, "price": 0.002, "mark_price": 0.002355, "iv": 45.8, "instrument_name": "BTC-30DEC22-19000-C", "index_price": 16937.21, "direction": "sell", "amount": 0.3}, {"trade_seq": 5389, "trade_id": "238094818", "timestamp": 1671548341719, "tick_direction": 1, "price": 0.0025, "mark_price": 0.00271326, "iv": 48.15, "instrument_name": "BTC-30DEC22-19000-C", "index_price": 16940.06, "direction": "buy", "amount": 0.1}, {"trade_seq": 5388, "trade_id": "238094611", "timestamp": 1671548335779, "tick_direction": 1, "price": 0.0025, "mark_price": 0.00270754, "iv": 48.59, "instrument_name": "BTC-30DEC22-19000-C", "index_price": 16918.14, "direction": "buy", "amount": 0.1}, {"trade_seq": 5387, "trade_id": "238094171", "timestamp": 1671548325829, "tick_direction": 0, "price": 0.0025, "mark_price": 0.0026317, "iv": 49.06, "instrument_name": "BTC-30DEC22-19000-C", "index_price": 16891.79, "direction": "buy", "amount": 0.1}, {"trade_seq": 5386, "trade_id": "238091646", "timestamp": 1671547582175, "tick_direction": 2, "price": 0.002, "mark_price": 0.00214777, "iv": 48.5, "instrument_name": "BTC-30DEC22-19000-C", "index_price": 16787.89, "direction": "sell", "amount": 1.0}, {"trade_seq": 5385, "trade_id": "238091236", "timestamp": 1671546949641, "tick_direction": 0, "price": 0.0025, "mark_price": 0.0022917, "iv": 50.32, "instrument_name": "BTC-30DEC22-19000-C", "index_price": 16818.22, "direction": "buy", "amount": 0.7}, {"trade_seq": 5384, "trade_id": "238084735", "timestamp": 1671532818355, "tick_direction": 2, "price": 0.002, "mark_price": 0.00221745, "iv": 47.91, "instrument_name": "BTC-30DEC22-19000-C", "index_price": 16794.34, "direction": "sell", "amount": 0.3}, {"trade_seq": 5383, "trade_id": "238081229", "timestamp": 1671527643394, "tick_direction": 1, "price": 0.0025, "mark_price": 0.00280403, "iv": 49.36, "instrument_name": "BTC-30DEC22-19000-C", "index_price": 16834.67, "direction": "sell", "amount": 5.0}, {"trade_seq": 5382, "trade_id": "238080278", "timestamp": 1671526320184, "tick_direction": 1, "price": 0.0025, "mark_price": 0.00275618, "iv": 49.78, "instrument_name": "BTC-30DEC22-19000-C", "index_price": 16816.75, "direction": "sell", "amount": 1.0}, {"trade_seq": 5381, "trade_id": "238077386", "timestamp": 1671522939013, "tick_direction": 1, "price": 0.0025, "mark_price": 0.00277538, "iv": 49.82, "instrument_name": "BTC-30DEC22-19000-C", "index_price": 16810.51, "direction": "sell", "amount": 2.5}, {"trade_seq": 5380, "trade_id": "238074218", "timestamp": 1671518414922, "tick_direction": 1, "price": 0.0025, "mark_price": 0.0027839, "iv": 49.75, "instrument_name": "BTC-30DEC22-19000-C", "index_price": 16801.12, "direction": "sell", "amount": 0.7}, {"trade_seq": 5379, "trade_id": "238057723", "timestamp": 1671501890051, "tick_direction": 1, "price": 0.0025, "mark_price": 0.00267057, "iv": 53.78, "instrument_name": "BTC-30DEC22-19000-C", "index_price": 16560.38, "direction": "sell", "amount": 7.9}, {"trade_seq": 5378, "trade_id": "238057722", "timestamp": 1671501890051, "tick_direction": 0, "price": 0.0025, "mark_price": 0.00267057, "iv": 53.78, "instrument_name": "BTC-30DEC22-19000-C", "index_price": 16560.38, "direction": "sell", "amount": 2.1}, {"trade_seq": 5377, "trade_id": "238051349", "timestamp": 1671494895149, "tick_direction": 3, "price": 0.002, "mark_price": 0.00222014, "iv": 53.34, "instrument_name": "BTC-30DEC22-19000-C", "index_price": 16431.64, "direction": "sell", "amount": 2.4}, {"trade_seq": 5376, "trade_id": "238051348", "timestamp": 1671494895149, "tick_direction": 3, "price": 0.002, "mark_price": 0.00222014, "iv": 53.34, "instrument_name": "BTC-30DEC22-19000-C", "index_price": 16431.64, "direction": "sell", "amount": 1.5}, {"trade_seq": 5375, "trade_id": "238051347", "timestamp": 1671494895149, "tick_direction": 2, "price": 0.002, "mark_price": 0.00222014, "iv": 53.34, "instrument_name": "BTC-30DEC22-19000-C", "index_price": 16431.64, "direction": "sell", "amount": 0.1}, {"trade_seq": 5374, "trade_id": "238049893", "timestamp": 1671491216975, "tick_direction": 3, "price": 0.0025, "mark_price": 0.00221908, "iv": 56.31, "instrument_name": "BTC-30DEC22-19000-C", "index_price": 16396.07, "direction": "buy", "amount": 0.7}, {"trade_seq": 5373, "trade_id": "238049892", "timestamp": 1671491216975, "tick_direction": 2, "price": 0.0025, "mark_price": 0.00221908, "iv": 56.31, "instrument_name": "BTC-30DEC22-19000-C", "index_price": 16396.07, "direction": "buy", "amount": 0.3}, {"trade_seq": 5372, "trade_id": "238042785", "timestamp": 1671485985490, "tick_direction": 3, "price": 0.0025, "mark_price": 0.00243664, "iv": 52.39, "instrument_name": "BTC-30DEC22-19000-C", "index_price": 16605.2, "direction": "sell", "amount": 0.1}, {"trade_seq": 5371, "trade_id": "238039615", "timestamp": 1671478385838, "tick_direction": 3, "price": 0.0025, "mark_price": 0.00238571, "iv": 53.14, "instrument_name": "BTC-30DEC22-19000-C", "index_price": 16554.47, "direction": "buy", "amount": 0.1}, {"trade_seq": 5370, "trade_id": "238022255", "timestamp": 1671460423826, "tick_direction": 2, "price": 0.0025, "mark_price": 0.0027221, "iv": 50.04, "instrument_name": "BTC-30DEC22-19000-C", "index_price": 16696.81, "direction": "sell", "amount": 0.3}, {"trade_seq": 5369, "trade_id": "238021843", "timestamp": 1671459357569, "tick_direction": 3, "price": 0.003, "mark_price": 0.00272191, "iv": 52.17, "instrument_name": "BTC-30DEC22-19000-C", "index_price": 16693.72, "direction": "buy", "amount": 7.9}, {"trade_seq": 5368, "trade_id": "238018549", "timestamp": 1671451718258, "tick_direction": 3, "price": 0.003, "mark_price": 0.00316931, "iv": 51.31, "instrument_name": "BTC-30DEC22-19000-C", "index_price": 16732.47, "direction": "buy", "amount": 0.1}, {"trade_seq": 5367, "trade_id": "238018539", "timestamp": 1671451687759, "tick_direction": 3, "price": 0.003, "mark_price": 0.00319752, "iv": 51.28, "instrument_name": "BTC-30DEC22-19000-C", "index_price": 16733.35, "direction": "sell", "amount": 1.7}, {"trade_seq": 5366, "trade_id": "238018409", "timestamp": 1671450938262, "tick_direction": 2, "price": 0.003, "mark_price": 0.00320005, "iv": 51.24, "instrument_name": "BTC-30DEC22-19000-C", "index_price": 16735.85, "direction": "sell", "amount": 0.3}, {"trade_seq": 5365, "trade_id": "238017402", "timestamp": 1671447686191, "tick_direction": 3, "price": 0.0035, "mark_price": 0.0035139, "iv": 52.4, "instrument_name": "BTC-30DEC22-19000-C", "index_price": 16767.42, "direction": "buy", "amount": 0.9}, {"trade_seq": 5364, "trade_id": "238017401", "timestamp": 1671447686191, "tick_direction": 3, "price": 0.0035, "mark_price": 0.0035139, "iv": 52.4, "instrument_name": "BTC-30DEC22-19000-C", "index_price": 16767.42, "direction": "buy", "amount": 0.1}, {"trade_seq": 5363, "trade_id": "238017309", "timestamp": 1671447569836, "tick_direction": 3, "price": 0.0035, "mark_price": 0.00375294, "iv": 52.35, "instrument_name": "BTC-30DEC22-19000-C", "index_price": 16770.65, "direction": "buy", "amount": 1.3}, {"trade_seq": 5362, "trade_id": "238017308", "timestamp": 1671447569800, "tick_direction": 3, "price": 0.0035, "mark_price": 0.00375294, "iv": 52.35, "instrument_name": "BTC-30DEC22-19000-C", "index_price": 16770.65, "direction": "sell", "amount": 13.8}, {"trade_seq": 5361, "trade_id": "238017259", "timestamp": 1671447479097, "tick_direction": 3, "price": 0.0035, "mark_price": 0.00375877, "iv": 52.34, "instrument_name": "BTC-30DEC22-19000-C", "index_price": 16770.86, "direction": "sell", "amount": 0.1}, {"trade_seq": 5360, "trade_id": "238017126", "timestamp": 1671446953537, "tick_direction": 3, "price": 0.0035, "mark_price": 0.00375106, "iv": 52.35, "instrument_name": "BTC-30DEC22-19000-C", "index_price": 16769.58, "direction": "sell", "amount": 1.0}, {"trade_seq": 5359, "trade_id": "238016890", "timestamp": 1671446095473, "tick_direction": 3, "price": 0.0035, "mark_price": 0.00373023, "iv": 52.43, "instrument_name": "BTC-30DEC22-19000-C", "index_price": 16764.97, "direction": "sell", "amount": 0.4}, {"trade_seq": 5358, "trade_id": "238016888", "timestamp": 1671446091404, "tick_direction": 3, "price": 0.0035, "mark_price": 0.00373051, "iv": 52.43, "instrument_name": "BTC-30DEC22-19000-C", "index_price": 16764.95, "direction": "sell", "amount": 0.1}, {"trade_seq": 5357, "trade_id": "238016887", "timestamp": 1671446091057, "tick_direction": 3, "price": 0.0035, "mark_price": 0.00373051, "iv": 52.43, "instrument_name": "BTC-30DEC22-19000-C", "index_price": 16765.06, "direction": "sell", "amount": 0.4}, {"trade_seq": 5356, "trade_id": "238016885", "timestamp": 1671446089508, "tick_direction": 3, "price": 0.0035, "mark_price": 0.00373045, "iv": 52.43, "instrument_name": "BTC-30DEC22-19000-C", "index_price": 16765.06, "direction": "sell", "amount": 0.1}, {"trade_seq": 5355, "trade_id": "238016879", "timestamp": 1671445934778, "tick_direction": 3, "price": 0.0035, "mark_price": 0.00373631, "iv": 52.39, "instrument_name": "BTC-30DEC22-19000-C", "index_price": 16766.77, "direction": "sell", "amount": 0.1}, {"trade_seq": 5354, "trade_id": "238016835", "timestamp": 1671445757566, "tick_direction": 3, "price": 0.0035, "mark_price": 0.00375613, "iv": 52.34, "instrument_name": "BTC-30DEC22-19000-C", "index_price": 16768.72, "direction": "sell", "amount": 0.1}, {"trade_seq": 5353, "trade_id": "238016834", "timestamp": 1671445755772, "tick_direction": 3, "price": 0.0035, "mark_price": 0.0037591, "iv": 52.32, "instrument_name": "BTC-30DEC22-19000-C", "index_price": 16769.52, "direction": "sell", "amount": 0.1}, {"trade_seq": 5352, "trade_id": "238016750", "timestamp": 1671445397664, "tick_direction": 3, "price": 0.0035, "mark_price": 0.00375947, "iv": 52.36, "instrument_name": "BTC-30DEC22-19000-C", "index_price": 16769.68, "direction": "sell", "amount": 0.1}, {"trade_seq": 5351, "trade_id": "238016749", "timestamp": 1671445395608, "tick_direction": 3, "price": 0.0035, "mark_price": 0.00375847, "iv": 52.36, "instrument_name": "BTC-30DEC22-19000-C", "index_price": 16769.56, "direction": "sell", "amount": 0.1}, {"trade_seq": 5350, "trade_id": "238016666", "timestamp": 1671445070648, "tick_direction": 3, "price": 0.0035, "mark_price": 0.00384743, "iv": 52.23, "instrument_name": "BTC-30DEC22-19000-C", "index_price": 16773.36, "direction": "sell", "amount": 0.3}, {"trade_seq": 5349, "trade_id": "238016652", "timestamp": 1671445068464, "tick_direction": 3, "price": 0.0035, "mark_price": 0.00384784, "iv": 52.17, "instrument_name": "BTC-30DEC22-19000-C", "index_price": 16776.85, "direction": "sell", "amount": 0.2}, {"trade_seq": 5348, "trade_id": "238015884", "timestamp": 1671442756830, "tick_direction": 2, "price": 0.0035, "mark_price": 0.00373964, "iv": 52.41, "instrument_name": "BTC-30DEC22-19000-C", "index_price": 16757.76, "direction": "sell", "amount": 0.2}, {"trade_seq": 5347, "trade_id": "238013564", "timestamp": 1671437649997, "tick_direction": 0, "price": 0.004, "mark_price": 0.00373519, "iv": 54.9, "instrument_name": "BTC-30DEC22-19000-C", "index_price": 16722.32, "direction": "buy", "amount": 1.0}, {"trade_seq": 5346, "trade_id": "238013370", "timestamp": 1671437267763, "tick_direction": 2, "price": 0.0035, "mark_price": 0.00377547, "iv": 52.91, "instrument_name": "BTC-30DEC22-19000-C", "index_price": 16731.9, "direction": "sell", "amount": 2.0}, {"trade_seq": 5345, "trade_id": "238009855", "timestamp": 1671427331936, "tick_direction": 1, "price": 0.004, "mark_price": 0.00374104, "iv": 54.74, "instrument_name": "BTC-30DEC22-19000-C", "index_price": 16714.51, "direction": "buy", "amount": 0.3}, {"trade_seq": 5344, "trade_id": "238009854", "timestamp": 1671427331936, "tick_direction": 1, "price": 0.004, "mark_price": 0.00374104, "iv": 54.74, "instrument_name": "BTC-30DEC22-19000-C", "index_price": 16714.51, "direction": "buy", "amount": 1.2}, {"trade_seq": 5343, "trade_id": "238009849", "timestamp": 1671427310749, "tick_direction": 0, "price": 0.004, "mark_price": 0.00373801, "iv": 54.75, "instrument_name": "BTC-30DEC22-19000-C", "index_price": 16713.59, "direction": "buy", "amount": 1.5}, {"trade_seq": 5342, "trade_id": "238008466", "timestamp": 1671421584181, "tick_direction": 2, "price": 0.0035, "mark_price": 0.00370625, "iv": 53.7, "instrument_name": "BTC-30DEC22-19000-C", "index_price": 16667.54, "direction": "sell", "amount": 0.9}, {"trade_seq": 5341, "trade_id": "237991571", "timestamp": 1671372770531, "tick_direction": 1, "price": 0.004, "mark_price": 0.00425313, "iv": 53.22, "instrument_name": "BTC-30DEC22-19000-C", "index_price": 16723.0, "direction": "sell", "amount": 0.1}, {"trade_seq": 5340, "trade_id": "237990614", "timestamp": 1671366606388, "tick_direction": 1, "price": 0.004, "mark_price": 0.00374508, "iv": 53.04, "instrument_name": "BTC-30DEC22-19000-C", "index_price": 16716.56, "direction": "buy", "amount": 0.1}, {"trade_seq": 5339, "trade_id": "237990613", "timestamp": 1671366606388, "tick_direction": 1, "price": 0.004, "mark_price": 0.00374508, "iv": 53.04, "instrument_name": "BTC-30DEC22-19000-C", "index_price": 16716.56, "direction": "buy", "amount": 2.8}, {"trade_seq": 5338, "trade_id": "237990612", "timestamp": 1671366605858, "tick_direction": 1, "price": 0.004, "mark_price": 0.00374508, "iv": 53.04, "instrument_name": "BTC-30DEC22-19000-C", "index_price": 16716.56, "direction": "buy", "amount": 0.1}, {"trade_seq": 5337, "trade_id": "237990610", "timestamp": 1671366602093, "tick_direction": 1, "price": 0.004, "mark_price": 0.00374233, "iv": 53.05, "instrument_name": "BTC-30DEC22-19000-C", "index_price": 16716.01, "direction": "buy", "amount": 4.0}, {"trade_seq": 5336, "trade_id": "237990609", "timestamp": 1671366596037, "tick_direction": 1, "price": 0.004, "mark_price": 0.00374275, "iv": 53.05, "instrument_name": "BTC-30DEC22-19000-C", "index_price": 16716.06, "direction": "buy", "amount": 4.0}, {"trade_seq": 5335, "trade_id": "237990608", "timestamp": 1671366594512, "tick_direction": 0, "price": 0.004, "mark_price": 0.00374261, "iv": 53.05, "instrument_name": "BTC-30DEC22-19000-C", "index_price": 16716.06, "direction": "buy", "amount": 4.0}, {"trade_seq": 5334, "trade_id": "237989003", "timestamp": 1671360282117, "tick_direction": 1, "price": 0.0035, "mark_price": 0.00373811, "iv": 51.52, "instrument_name": "BTC-30DEC22-19000-C", "index_price": 16706.99, "direction": "sell", "amount": 0.5}, {"trade_seq": 5333, "trade_id": "237986384", "timestamp": 1671352260787, "tick_direction": 1, "price": 0.0035, "mark_price": 0.0036781, "iv": 50.67, "instrument_name": "BTC-30DEC22-19000-C", "index_price": 16750.08, "direction": "sell", "amount": 0.4}, {"trade_seq": 5332, "trade_id": "237984530", "timestamp": 1671349318430, "tick_direction": 1, "price": 0.0035, "mark_price": 0.00324752, "iv": 50.2, "instrument_name": "BTC-30DEC22-19000-C", "index_price": 16755.51, "direction": "buy", "amount": 0.1}, {"trade_seq": 5331, "trade_id": "237984529", "timestamp": 1671349318430, "tick_direction": 1, "price": 0.0035, "mark_price": 0.00324752, "iv": 50.2, "instrument_name": "BTC-30DEC22-19000-C", "index_price": 16755.51, "direction": "buy", "amount": 2.1}, {"trade_seq": 5330, "trade_id": "237984527", "timestamp": 1671349313599, "tick_direction": 1, "price": 0.0035, "mark_price": 0.00324844, "iv": 50.19, "instrument_name": "BTC-30DEC22-19000-C", "index_price": 16755.65, "direction": "sell", "amount": 1.1}, {"trade_seq": 5329, "trade_id": "237984526", "timestamp": 1671349311755, "tick_direction": 1, "price": 0.0035, "mark_price": 0.00324695, "iv": 50.19, "instrument_name": "BTC-30DEC22-19000-C", "index_price": 16755.65, "direction": "buy", "amount": 0.1}, {"trade_seq": 5328, "trade_id": "237984525", "timestamp": 1671349311755, "tick_direction": 1, "price": 0.0035, "mark_price": 0.00324695, "iv": 50.19, "instrument_name": "BTC-30DEC22-19000-C", "index_price": 16755.65, "direction": "buy", "amount": 3.5}, {"trade_seq": 5327, "trade_id": "237982982", "timestamp": 1671345665431, "tick_direction": 0, "price": 0.0035, "mark_price": 0.00336187, "iv": 50.59, "instrument_name": "BTC-30DEC22-19000-C", "index_price": 16729.72, "direction": "buy", "amount": 0.1}, {"trade_seq": 5326, "trade_id": "237979488", "timestamp": 1671336184794, "tick_direction": 3, "price": 0.003, "mark_price": 0.00346935, "iv": 48.3, "instrument_name": "BTC-30DEC22-19000-C", "index_price": 16742.51, "direction": "sell", "amount": 0.6}, {"trade_seq": 5325, "trade_id": "237979487", "timestamp": 1671336184794, "tick_direction": 2, "price": 0.003, "mark_price": 0.00346935, "iv": 48.3, "instrument_name": "BTC-30DEC22-19000-C", "index_price": 16742.51, "direction": "sell", "amount": 1.4}, {"trade_seq": 5324, "trade_id": "237976991", "timestamp": 1671322985581, "tick_direction": 1, "price": 0.0035, "mark_price": 0.00322754, "iv": 49.72, "instrument_name": "BTC-30DEC22-19000-C", "index_price": 16757.34, "direction": "buy", "amount": 0.1}, {"trade_seq": 5323, "trade_id": "237976990", "timestamp": 1671322985581, "tick_direction": 0, "price": 0.0035, "mark_price": 0.00322754, "iv": 49.72, "instrument_name": "BTC-30DEC22-19000-C", "index_price": 16757.34, "direction": "buy", "amount": 75.3}, {"trade_seq": 5322, "trade_id": "237972583", "timestamp": 1671306128328, "tick_direction": 3, "price": 0.003, "mark_price": 0.00324551, "iv": 48.35, "instrument_name": "BTC-30DEC22-19000-C", "index_price": 16705.36, "direction": "sell", "amount": 0.1}, {"trade_seq": 5321, "trade_id": "237969910", "timestamp": 1671294930747, "tick_direction": 3, "price": 0.003, "mark_price": 0.00325637, "iv": 48.23, "instrument_name": "BTC-30DEC22-19000-C", "index_price": 16692.19, "direction": "sell", "amount": 2.0}, {"trade_seq": 5320, "trade_id": "237969641", "timestamp": 1671293974124, "tick_direction": 2, "price": 0.003, "mark_price": 0.00339243, "iv": 48.24, "instrument_name": "BTC-30DEC22-19000-C", "index_price": 16694.49, "direction": "sell", "amount": 1.0}, {"trade_seq": 5319, "trade_id": "237969534", "timestamp": 1671293432331, "tick_direction": 3, "price": 0.0035, "mark_price": 0.00374156, "iv": 49.93, "instrument_name": "BTC-30DEC22-19000-C", "index_price": 16700.59, "direction": "sell", "amount": 1.3}, {"trade_seq": 5318, "trade_id": "237969533", "timestamp": 1671293432331, "tick_direction": 3, "price": 0.0035, "mark_price": 0.00374156, "iv": 49.93, "instrument_name": "BTC-30DEC22-19000-C", "index_price": 16700.59, "direction": "sell", "amount": 3.0}, {"trade_seq": 5317, "trade_id": "237969532", "timestamp": 1671293432331, "tick_direction": 2, "price": 0.0035, "mark_price": 0.00374156, "iv": 49.93, "instrument_name": "BTC-30DEC22-19000-C", "index_price": 16700.59, "direction": "sell", "amount": 0.4}, {"trade_seq": 5316, "trade_id": "237966807", "timestamp": 1671285899222, "tick_direction": 3, "price": 0.004, "mark_price": 0.00382016, "iv": 51.5, "instrument_name": "BTC-30DEC22-19000-C", "index_price": 16695.45, "direction": "buy", "amount": 2.0}, {"trade_seq": 5315, "trade_id": "237963655", "timestamp": 1671276809671, "tick_direction": 3, "price": 0.004, "mark_price": 0.00423327, "iv": 50.92, "instrument_name": "BTC-30DEC22-19000-C", "index_price": 16717.65, "direction": "buy", "amount": 4.7}, {"trade_seq": 5314, "trade_id": "237963654", "timestamp": 1671276806885, "tick_direction": 3, "price": 0.004, "mark_price": 0.00423863, "iv": 50.91, "instrument_name": "BTC-30DEC22-19000-C", "index_price": 16717.76, "direction": "sell", "amount": 3.4}, {"trade_seq": 5313, "trade_id": "237963404", "timestamp": 1671275810025, "tick_direction": 3, "price": 0.004, "mark_price": 0.00425422, "iv": 50.75, "instrument_name": "BTC-30DEC22-19000-C", "index_price": 16731.99, "direction": "sell", "amount": 0.1}, {"trade_seq": 5312, "trade_id": "237961757", "timestamp": 1671272072876, "tick_direction": 3, "price": 0.004, "mark_price": 0.00426268, "iv": 51.16, "instrument_name": "BTC-30DEC22-19000-C", "index_price": 16702.22, "direction": "sell", "amount": 1.0}, {"trade_seq": 5311, "trade_id": "237959783", "timestamp": 1671265829811, "tick_direction": 2, "price": 0.004, "mark_price": 0.00445033, "iv": 50.5, "instrument_name": "BTC-30DEC22-19000-C", "index_price": 16726.14, "direction": "sell", "amount": 2.0}, {"trade_seq": 5310, "trade_id": "237959162", "timestamp": 1671264669901, "tick_direction": 2, "price": 0.0045, "mark_price": 0.00477062, "iv": 51.83, "instrument_name": "BTC-30DEC22-19000-C", "index_price": 16736.27, "direction": "sell", "amount": 0.5}, {"trade_seq": 5309, "trade_id": "237959022", "timestamp": 1671264407795, "tick_direction": 2, "price": 0.005, "mark_price": 0.00536546, "iv": 53.05, "instrument_name": "BTC-30DEC22-19000-C", "index_price": 16748.67, "direction": "sell", "amount": 0.1}, {"trade_seq": 5308, "trade_id": "237956028", "timestamp": 1671262783891, "tick_direction": 1, "price": 0.0055, "mark_price": 0.00526875, "iv": 54.9, "instrument_name": "BTC-30DEC22-19000-C", "index_price": 16722.87, "direction": "buy", "amount": 12.1}, {"trade_seq": 5307, "trade_id": "237956027", "timestamp": 1671262783891, "tick_direction": 1, "price": 0.0055, "mark_price": 0.00526875, "iv": 54.9, "instrument_name": "BTC-30DEC22-19000-C", "index_price": 16722.87, "direction": "buy", "amount": 0.1}, {"trade_seq": 5306, "trade_id": "237956026", "timestamp": 1671262783891, "tick_direction": 0, "price": 0.0055, "mark_price": 0.00526875, "iv": 54.9, "instrument_name": "BTC-30DEC22-19000-C", "index_price": 16722.87, "direction": "buy", "amount": 2.8}, {"trade_seq": 5305, "trade_id": "237953091", "timestamp": 1671256427728, "tick_direction": 3, "price": 0.005, "mark_price": 0.00546179, "iv": 54.12, "instrument_name": "BTC-30DEC22-19000-C", "index_price": 16690.72, "direction": "sell", "amount": 2.0}, {"trade_seq": 5304, "trade_id": "237952856", "timestamp": 1671255538364, "tick_direction": 2, "price": 0.005, "mark_price": 0.00524226, "iv": 53.91, "instrument_name": "BTC-30DEC22-19000-C", "index_price": 16700.38, "direction": "sell", "amount": 0.1}, {"trade_seq": 5303, "trade_id": "237952468", "timestamp": 1671254433263, "tick_direction": 3, "price": 0.0055, "mark_price": 0.0057383, "iv": 54.88, "instrument_name": "BTC-30DEC22-19000-C", "index_price": 16724.69, "direction": "sell", "amount": 20.0}, {"trade_seq": 5302, "trade_id": "237951912", "timestamp": 1671251935986, "tick_direction": 2, "price": 0.0055, "mark_price": 0.00577069, "iv": 55.15, "instrument_name": "BTC-30DEC22-19000-C", "index_price": 16706.55, "direction": "sell", "amount": 2.0}, {"trade_seq": 5301, "trade_id": "237950146", "timestamp": 1671247181015, "tick_direction": 1, "price": 0.006, "mark_price": 0.00613736, "iv": 57.14, "instrument_name": "BTC-30DEC22-19000-C", "index_price": 16669.0, "direction": "sell", "amount": 0.1}, {"trade_seq": 5300, "trade_id": "237947204", "timestamp": 1671242800586, "tick_direction": 3, "price": 0.0045, "mark_price": 0.00489528, "iv": 53.22, "instrument_name": "BTC-30DEC22-19000-C", "index_price": 16659.72, "direction": "sell", "amount": 1.0}, {"trade_seq": 5299, "trade_id": "237944784", "timestamp": 1671238304670, "tick_direction": 3, "price": 0.0045, "mark_price": 0.00469092, "iv": 52.29, "instrument_name": "BTC-30DEC22-19000-C", "index_price": 16706.59, "direction": "sell", "amount": 8.6}, {"trade_seq": 5298, "trade_id": "237944783", "timestamp": 1671238304670, "tick_direction": 2, "price": 0.0045, "mark_price": 0.00469092, "iv": 52.29, "instrument_name": "BTC-30DEC22-19000-C", "index_price": 16706.59, "direction": "sell", "amount": 1.4}, {"trade_seq": 5297, "trade_id": "237940511", "timestamp": 1671233965426, "tick_direction": 3, "price": 0.0045, "mark_price": 0.00473859, "iv": 54.06, "instrument_name": "BTC-30DEC22-19000-C", "index_price": 16592.79, "direction": "sell", "amount": 3.1}, {"trade_seq": 5296, "trade_id": "237940510", "timestamp": 1671233965426, "tick_direction": 3, "price": 0.0045, "mark_price": 0.00473859, "iv": 54.06, "instrument_name": "BTC-30DEC22-19000-C", "index_price": 16592.79, "direction": "sell", "amount": 2.9}, {"trade_seq": 5295, "trade_id": "237935605", "timestamp": 1671231965751, "tick_direction": 3, "price": 0.0045, "mark_price": 0.00444636, "iv": 52.42, "instrument_name": "BTC-30DEC22-19000-C", "index_price": 16677.15, "direction": "buy", "amount": 0.5}, {"trade_seq": 5294, "trade_id": "237933284", "timestamp": 1671231323188, "tick_direction": 2, "price": 0.0045, "mark_price": 0.00464867, "iv": 51.12, "instrument_name": "BTC-30DEC22-19000-C", "index_price": 16742.76, "direction": "sell", "amount": 0.5}, {"trade_seq": 5293, "trade_id": "237931785", "timestamp": 1671230364290, "tick_direction": 2, "price": 0.005, "mark_price": 0.00444337, "iv": 53.07, "instrument_name": "BTC-30DEC22-19000-C", "index_price": 16719.83, "direction": "sell", "amount": 0.3}, {"trade_seq": 5292, "trade_id": "237924724", "timestamp": 1671223718126, "tick_direction": 0, "price": 0.0055, "mark_price": 0.00520848, "iv": 50.94, "instrument_name": "BTC-30DEC22-19000-C", "index_price": 16901.51, "direction": "buy", "amount": 0.1}, {"trade_seq": 5291, "trade_id": "237918609", "timestamp": 1671218977569, "tick_direction": 2, "price": 0.0045, "mark_price": 0.00515705, "iv": 49.79, "instrument_name": "BTC-30DEC22-19000-C", "index_price": 16802.7, "direction": "sell", "amount": 0.1}, {"trade_seq": 5290, "trade_id": "237917811", "timestamp": 1671217740878, "tick_direction": 1, "price": 0.005, "mark_price": 0.00525298, "iv": 50.9, "instrument_name": "BTC-30DEC22-19000-C", "index_price": 16821.4, "direction": "sell", "amount": 0.5}, {"trade_seq": 5289, "trade_id": "237913567", "timestamp": 1671212277357, "tick_direction": 1, "price": 0.005, "mark_price": 0.00472453, "iv": 50.55, "instrument_name": "BTC-30DEC22-19000-C", "index_price": 16823.54, "direction": "buy", "amount": 4.0}, {"trade_seq": 5288, "trade_id": "237913531", "timestamp": 1671212231669, "tick_direction": 1, "price": 0.005, "mark_price": 0.00468742, "iv": 50.65, "instrument_name": "BTC-30DEC22-19000-C", "index_price": 16816.83, "direction": "buy", "amount": 1.1}, {"trade_seq": 5287, "trade_id": "237913530", "timestamp": 1671212231669, "tick_direction": 1, "price": 0.005, "mark_price": 0.00468742, "iv": 50.65, "instrument_name": "BTC-30DEC22-19000-C", "index_price": 16816.83, "direction": "buy", "amount": 3.9}, {"trade_seq": 5286, "trade_id": "237913455", "timestamp": 1671212192719, "tick_direction": 1, "price": 0.005, "mark_price": 0.00468289, "iv": 50.65, "instrument_name": "BTC-30DEC22-19000-C", "index_price": 16816.62, "direction": "buy", "amount": 4.0}, {"trade_seq": 5285, "trade_id": "237913292", "timestamp": 1671211961006, "tick_direction": 1, "price": 0.005, "mark_price": 0.00460916, "iv": 50.88, "instrument_name": "BTC-30DEC22-19000-C", "index_price": 16801.61, "direction": "buy", "amount": 2.0}, {"trade_seq": 5284, "trade_id": "237913250", "timestamp": 1671211916358, "tick_direction": 1, "price": 0.005, "mark_price": 0.00465473, "iv": 50.71, "instrument_name": "BTC-30DEC22-19000-C", "index_price": 16811.12, "direction": "buy", "amount": 5.0}, {"trade_seq": 5283, "trade_id": "237913204", "timestamp": 1671211891003, "tick_direction": 1, "price": 0.005, "mark_price": 0.00461636, "iv": 50.81, "instrument_name": "BTC-30DEC22-19000-C", "index_price": 16805.2, "direction": "buy", "amount": 3.4}, {"trade_seq": 5282, "trade_id": "237913203", "timestamp": 1671211891003, "tick_direction": 1, "price": 0.005, "mark_price": 0.00461636, "iv": 50.81, "instrument_name": "BTC-30DEC22-19000-C", "index_price": 16805.2, "direction": "buy", "amount": 1.6}, {"trade_seq": 5281, "trade_id": "237913166", "timestamp": 1671211852587, "tick_direction": 1, "price": 0.005, "mark_price": 0.00457279, "iv": 50.9, "instrument_name": "BTC-30DEC22-19000-C", "index_price": 16800.93, "direction": "buy", "amount": 2.0}, {"trade_seq": 5280, "trade_id": "237913165", "timestamp": 1671211852587, "tick_direction": 0, "price": 0.005, "mark_price": 0.00457279, "iv": 50.9, "instrument_name": "BTC-30DEC22-19000-C", "index_price": 16800.93, "direction": "buy", "amount": 3.0}, {"trade_seq": 5279, "trade_id": "237912680", "timestamp": 1671211546808, "tick_direction": 1, "price": 0.005, "mark_price": 0.00444518, "iv": 51.21, "instrument_name": "BTC-30DEC22-19000-C", "index_price": 16782.4, "direction": "buy", "amount": 0.1}, {"trade_seq": 5278, "trade_id": "237912640", "timestamp": 1671211479350, "tick_direction": 1, "price": 0.005, "mark_price": 0.00447042, "iv": 51.12, "instrument_name": "BTC-30DEC22-19000-C", "index_price": 16785.9, "direction": "buy", "amount": 1.0}, {"trade_seq": 5277, "trade_id": "237912349", "timestamp": 1671211202657, "tick_direction": 0, "price": 0.005, "mark_price": 0.00471463, "iv": 50.54, "instrument_name": "BTC-30DEC22-19000-C", "index_price": 16816.01, "direction": "buy", "amount": 1.0}, {"trade_seq": 5276, "trade_id": "237911974", "timestamp": 1671210926547, "tick_direction": 2, "price": 0.0045, "mark_price": 0.00450985, "iv": 49.64, "instrument_name": "BTC-30DEC22-19000-C", "index_price": 16787.16, "direction": "sell", "amount": 1.0}, {"trade_seq": 5275, "trade_id": "237911848", "timestamp": 1671210823473, "tick_direction": 0, "price": 0.005, "mark_price": 0.00446892, "iv": 51.09, "instrument_name": "BTC-30DEC22-19000-C", "index_price": 16786.48, "direction": "buy", "amount": 5.0}, {"trade_seq": 5274, "trade_id": "237907376", "timestamp": 1671209365727, "tick_direction": 3, "price": 0.0045, "mark_price": 0.00450222, "iv": 48.44, "instrument_name": "BTC-30DEC22-19000-C", "index_price": 16845.17, "direction": "sell", "amount": 3.0}, {"trade_seq": 5273, "trade_id": "237907368", "timestamp": 1671209360684, "tick_direction": 3, "price": 0.0045, "mark_price": 0.00450207, "iv": 48.44, "instrument_name": "BTC-30DEC22-19000-C", "index_price": 16844.88, "direction": "sell", "amount": 3.0}, {"trade_seq": 5272, "trade_id": "237907365", "timestamp": 1671209356449, "tick_direction": 3, "price": 0.0045, "mark_price": 0.00450153, "iv": 48.44, "instrument_name": "BTC-30DEC22-19000-C", "index_price": 16844.86, "direction": "sell", "amount": 3.0}, {"trade_seq": 5271, "trade_id": "237907354", "timestamp": 1671209344003, "tick_direction": 3, "price": 0.0045, "mark_price": 0.00449322, "iv": 48.47, "instrument_name": "BTC-30DEC22-19000-C", "index_price": 16843.57, "direction": "sell", "amount": 3.0}, {"trade_seq": 5270, "trade_id": "237907344", "timestamp": 1671209333201, "tick_direction": 3, "price": 0.0045, "mark_price": 0.00447689, "iv": 48.51, "instrument_name": "BTC-30DEC22-19000-C", "index_price": 16841.61, "direction": "sell", "amount": 3.0}, {"trade_seq": 5269, "trade_id": "237907143", "timestamp": 1671209241297, "tick_direction": 3, "price": 0.0045, "mark_price": 0.00453991, "iv": 48.35, "instrument_name": "BTC-30DEC22-19000-C", "index_price": 16852.64, "direction": "sell", "amount": 2.0}, {"trade_seq": 5268, "trade_id": "237907060", "timestamp": 1671209194202, "tick_direction": 3, "price": 0.0045, "mark_price": 0.00453134, "iv": 48.32, "instrument_name": "BTC-30DEC22-19000-C", "index_price": 16857.62, "direction": "sell", "amount": 5.0}, {"trade_seq": 5267, "trade_id": "237907059", "timestamp": 1671209194202, "tick_direction": 2, "price": 0.0045, "mark_price": 0.00453134, "iv": 48.32, "instrument_name": "BTC-30DEC22-19000-C", "index_price": 16857.62, "direction": "sell", "amount": 5.0}, {"trade_seq": 5266, "trade_id": "237906724", "timestamp": 1671208867210, "tick_direction": 1, "price": 0.005, "mark_price": 0.00463725, "iv": 49.21, "instrument_name": "BTC-30DEC22-19000-C", "index_price": 16881.81, "direction": "buy", "amount": 5.0}, {"trade_seq": 5265, "trade_id": "237906506", "timestamp": 1671208601210, "tick_direction": 1, "price": 0.005, "mark_price": 0.00460766, "iv": 49.18, "instrument_name": "BTC-30DEC22-19000-C", "index_price": 16880.55, "direction": "buy", "amount": 5.0}, {"trade_seq": 5264, "trade_id": "237906214", "timestamp": 1671208404333, "tick_direction": 0, "price": 0.005, "mark_price": 0.00455651, "iv": 49.21, "instrument_name": "BTC-30DEC22-19000-C", "index_price": 16878.34, "direction": "buy", "amount": 0.5}, {"trade_seq": 5263, "trade_id": "237905594", "timestamp": 1671207883488, "tick_direction": 2, "price": 0.004, "mark_price": 0.00431985, "iv": 46.99, "instrument_name": "BTC-30DEC22-19000-C", "index_price": 16842.81, "direction": "sell", "amount": 1.0}, {"trade_seq": 5262, "trade_id": "237905156", "timestamp": 1671207626056, "tick_direction": 2, "price": 0.0045, "mark_price": 0.00456132, "iv": 47.71, "instrument_name": "BTC-30DEC22-19000-C", "index_price": 16888.99, "direction": "sell", "amount": 1.0}, {"trade_seq": 5261, "trade_id": "237905065", "timestamp": 1671207508451, "tick_direction": 0, "price": 0.0048, "mark_price": 0.00461942, "iv": 48.26, "instrument_name": "BTC-30DEC22-19000-C", "index_price": 16900.08, "direction": "buy", "block_trade_id": "59149", "amount": 6.3}, {"trade_seq": 5260, "trade_id": "237904587", "timestamp": 1671207230370, "tick_direction": 2, "price": 0.004, "mark_price": 0.00442751, "iv": 46.33, "instrument_name": "BTC-30DEC22-19000-C", "index_price": 16883.02, "direction": "sell", "amount": 2.0}, {"trade_seq": 5259, "trade_id": "237902489", "timestamp": 1671206940628, "tick_direction": 2, "price": 0.0045, "mark_price": 0.00424038, "iv": 48.0, "instrument_name": "BTC-30DEC22-19000-C", "index_price": 16875.96, "direction": "sell", "amount": 5.0}, {"trade_seq": 5258, "trade_id": "237901107", "timestamp": 1671206156462, "tick_direction": 1, "price": 0.005, "mark_price": 0.00472109, "iv": 47.75, "instrument_name": "BTC-30DEC22-19000-C", "index_price": 16968.8, "direction": "buy", "amount": 4.0}, {"trade_seq": 5257, "trade_id": "237901090", "timestamp": 1671206146485, "tick_direction": 1, "price": 0.005, "mark_price": 0.00473313, "iv": 47.71, "instrument_name": "BTC-30DEC22-19000-C", "index_price": 16970.84, "direction": "buy", "amount": 5.0}, {"trade_seq": 5256, "trade_id": "237901078", "timestamp": 1671206131231, "tick_direction": 1, "price": 0.005, "mark_price": 0.0047426, "iv": 47.69, "instrument_name": "BTC-30DEC22-19000-C", "index_price": 16971.27, "direction": "buy", "amount": 1.0}, {"trade_seq": 5255, "trade_id": "237901072", "timestamp": 1671206122122, "tick_direction": 1, "price": 0.005, "mark_price": 0.00474904, "iv": 47.67, "instrument_name": "BTC-30DEC22-19000-C", "index_price": 16970.61, "direction": "buy", "amount": 3.2}, {"trade_seq": 5254, "trade_id": "237901071", "timestamp": 1671206122122, "tick_direction": 1, "price": 0.005, "mark_price": 0.00474904, "iv": 47.67, "instrument_name": "BTC-30DEC22-19000-C", "index_price": 16970.61, "direction": "buy", "amount": 1.8}, {"trade_seq": 5253, "trade_id": "237900892", "timestamp": 1671205998568, "tick_direction": 1, "price": 0.005, "mark_price": 0.00474749, "iv": 47.66, "instrument_name": "BTC-30DEC22-19000-C", "index_price": 16970.56, "direction": "buy", "amount": 5.0}, {"trade_seq": 5252, "trade_id": "237900714", "timestamp": 1671205784902, "tick_direction": 1, "price": 0.005, "mark_price": 0.0048052, "iv": 47.55, "instrument_name": "BTC-30DEC22-19000-C", "index_price": 16975.49, "direction": "buy", "amount": 5.0}, {"trade_seq": 5251, "trade_id": "237900339", "timestamp": 1671205556147, "tick_direction": 1, "price": 0.005, "mark_price": 0.00479713, "iv": 47.6, "instrument_name": "BTC-30DEC22-19000-C", "index_price": 16975.7, "direction": "buy", "amount": 5.0}, {"trade_seq": 5250, "trade_id": "237899916", "timestamp": 1671205357671, "tick_direction": 1, "price": 0.005, "mark_price": 0.00485719, "iv": 47.51, "instrument_name": "BTC-30DEC22-19000-C", "index_price": 16980.34, "direction": "buy", "amount": 0.2}, {"trade_seq": 5249, "trade_id": "237899915", "timestamp": 1671205357671, "tick_direction": 1, "price": 0.005, "mark_price": 0.00485719, "iv": 47.51, "instrument_name": "BTC-30DEC22-19000-C", "index_price": 16980.34, "direction": "buy", "amount": 2.8}, {"trade_seq": 5248, "trade_id": "237899900", "timestamp": 1671205350580, "tick_direction": 1, "price": 0.005, "mark_price": 0.00484591, "iv": 47.55, "instrument_name": "BTC-30DEC22-19000-C", "index_price": 16979.66, "direction": "buy", "amount": 0.4}, {"trade_seq": 5247, "trade_id": "237899899", "timestamp": 1671205350580, "tick_direction": 1, "price": 0.005, "mark_price": 0.00484591, "iv": 47.55, "instrument_name": "BTC-30DEC22-19000-C", "index_price": 16979.66, "direction": "buy", "amount": 4.6}, {"trade_seq": 5246, "trade_id": "237899880", "timestamp": 1671205338563, "tick_direction": 1, "price": 0.005, "mark_price": 0.00483209, "iv": 47.59, "instrument_name": "BTC-30DEC22-19000-C", "index_price": 16979.97, "direction": "buy", "amount": 3.0}, {"trade_seq": 5245, "trade_id": "237899678", "timestamp": 1671205080982, "tick_direction": 1, "price": 0.005, "mark_price": 0.00475939, "iv": 47.92, "instrument_name": "BTC-30DEC22-19000-C", "index_price": 16962.73, "direction": "buy", "amount": 2.1}, {"trade_seq": 5244, "trade_id": "237899677", "timestamp": 1671205080982, "tick_direction": 1, "price": 0.005, "mark_price": 0.00475939, "iv": 47.92, "instrument_name": "BTC-30DEC22-19000-C", "index_price": 16962.73, "direction": "buy", "amount": 2.9}, {"trade_seq": 5243, "trade_id": "237899651", "timestamp": 1671205064036, "tick_direction": 1, "price": 0.005, "mark_price": 0.00473082, "iv": 47.96, "instrument_name": "BTC-30DEC22-19000-C", "index_price": 16961.08, "direction": "buy", "amount": 1.2}, {"trade_seq": 5242, "trade_id": "237899650", "timestamp": 1671205064036, "tick_direction": 1, "price": 0.005, "mark_price": 0.00473082, "iv": 47.96, "instrument_name": "BTC-30DEC22-19000-C", "index_price": 16961.08, "direction": "buy", "amount": 3.8}, {"trade_seq": 5241, "trade_id": "237899612", "timestamp": 1671204954696, "tick_direction": 1, "price": 0.005, "mark_price": 0.00473533, "iv": 47.91, "instrument_name": "BTC-30DEC22-19000-C", "index_price": 16961.27, "direction": "buy", "amount": 5.0}, {"trade_seq": 5240, "trade_id": "237899578", "timestamp": 1671204946284, "tick_direction": 1, "price": 0.005, "mark_price": 0.00471578, "iv": 48.0, "instrument_name": "BTC-30DEC22-19000-C", "index_price": 16955.89, "direction": "buy", "amount": 2.2}, {"trade_seq": 5239, "trade_id": "237899577", "timestamp": 1671204946284, "tick_direction": 1, "price": 0.005, "mark_price": 0.00471578, "iv": 48.0, "instrument_name": "BTC-30DEC22-19000-C", "index_price": 16955.89, "direction": "buy", "amount": 2.8}, {"trade_seq": 5238, "trade_id": "237899570", "timestamp": 1671204941579, "tick_direction": 1, "price": 0.005, "mark_price": 0.00470378, "iv": 48.03, "instrument_name": "BTC-30DEC22-19000-C", "index_price": 16954.04, "direction": "buy", "amount": 4.0}, {"trade_seq": 5237, "trade_id": "237898763", "timestamp": 1671204547962, "tick_direction": 1, "price": 0.005, "mark_price": 0.00466299, "iv": 47.85, "instrument_name": "BTC-30DEC22-19000-C", "index_price": 16965.31, "direction": "buy", "amount": 4.0}, {"trade_seq": 5236, "trade_id": "237898749", "timestamp": 1671204519243, "tick_direction": 1, "price": 0.005, "mark_price": 0.0046641, "iv": 47.84, "instrument_name": "BTC-30DEC22-19000-C", "index_price": 16965.98, "direction": "buy", "amount": 1.3}, {"trade_seq": 5235, "trade_id": "237898748", "timestamp": 1671204519243, "tick_direction": 1, "price": 0.005, "mark_price": 0.0046641, "iv": 47.84, "instrument_name": "BTC-30DEC22-19000-C", "index_price": 16965.98, "direction": "buy", "amount": 1.7}, {"trade_seq": 5234, "trade_id": "237898747", "timestamp": 1671204519243, "tick_direction": 1, "price": 0.005, "mark_price": 0.0046641, "iv": 47.84, "instrument_name": "BTC-30DEC22-19000-C", "index_price": 16965.98, "direction": "buy", "amount": 2.0}, {"trade_seq": 5233, "trade_id": "237898744", "timestamp": 1671204509232, "tick_direction": 1, "price": 0.005, "mark_price": 0.00466222, "iv": 47.84, "instrument_name": "BTC-30DEC22-19000-C", "index_price": 16966.08, "direction": "buy", "amount": 3.0}, {"trade_seq": 5232, "trade_id": "237898743", "timestamp": 1671204505604, "tick_direction": 1, "price": 0.005, "mark_price": 0.00466066, "iv": 47.84, "instrument_name": "BTC-30DEC22-19000-C", "index_price": 16966.06, "direction": "buy", "amount": 3.0}, {"trade_seq": 5231, "trade_id": "237898423", "timestamp": 1671204085560, "tick_direction": 1, "price": 0.005, "mark_price": 0.00461528, "iv": 47.7, "instrument_name": "BTC-30DEC22-19000-C", "index_price": 16970.89, "direction": "buy", "amount": 5.0}, {"trade_seq": 5230, "trade_id": "237898372", "timestamp": 1671204074440, "tick_direction": 1, "price": 0.005, "mark_price": 0.00458948, "iv": 47.76, "instrument_name": "BTC-30DEC22-19000-C", "index_price": 16967.04, "direction": "buy", "amount": 5.0}, {"trade_seq": 5229, "trade_id": "237898169", "timestamp": 1671203846043, "tick_direction": 1, "price": 0.005, "mark_price": 0.00471778, "iv": 47.29, "instrument_name": "BTC-30DEC22-19000-C", "index_price": 16991.95, "direction": "buy", "amount": 5.0}, {"trade_seq": 5228, "trade_id": "237897972", "timestamp": 1671203648135, "tick_direction": 1, "price": 0.005, "mark_price": 0.00464417, "iv": 47.42, "instrument_name": "BTC-30DEC22-19000-C", "index_price": 16989.73, "direction": "buy", "amount": 5.0}, {"trade_seq": 5227, "trade_id": "237897347", "timestamp": 1671202919113, "tick_direction": 1, "price": 0.005, "mark_price": 0.00481893, "iv": 46.82, "instrument_name": "BTC-30DEC22-19000-C", "index_price": 17020.08, "direction": "buy", "amount": 1.0}, {"trade_seq": 5226, "trade_id": "237897344", "timestamp": 1671202916423, "tick_direction": 0, "price": 0.005, "mark_price": 0.00482643, "iv": 46.8, "instrument_name": "BTC-30DEC22-19000-C", "index_price": 17021.33, "direction": "buy", "amount": 1.0}, {"trade_seq": 5225, "trade_id": "237897342", "timestamp": 1671202897960, "tick_direction": 2, "price": 0.0045, "mark_price": 0.00483132, "iv": 45.48, "instrument_name": "BTC-30DEC22-19000-C", "index_price": 17021.91, "direction": "sell", "amount": 0.1}, {"trade_seq": 5224, "trade_id": "237896989", "timestamp": 1671202579355, "tick_direction": 1, "price": 0.0055, "mark_price": 0.00502182, "iv": 47.79, "instrument_name": "BTC-30DEC22-19000-C", "index_price": 17043.02, "direction": "buy", "amount": 0.8}, {"trade_seq": 5223, "trade_id": "237896988", "timestamp": 1671202579355, "tick_direction": 1, "price": 0.0055, "mark_price": 0.00502182, "iv": 47.79, "instrument_name": "BTC-30DEC22-19000-C", "index_price": 17043.02, "direction": "buy", "amount": 3.2}, {"trade_seq": 5222, "trade_id": "237896749", "timestamp": 1671202234694, "tick_direction": 0, "price": 0.0055, "mark_price": 0.00504545, "iv": 47.44, "instrument_name": "BTC-30DEC22-19000-C", "index_price": 17061.05, "direction": "buy", "amount": 2.9}, {"trade_seq": 5221, "trade_id": "237896650", "timestamp": 1671202125141, "tick_direction": 1, "price": 0.005, "mark_price": 0.00486031, "iv": 46.49, "instrument_name": "BTC-30DEC22-19000-C", "index_price": 17041.94, "direction": "buy", "amount": 0.1}, {"trade_seq": 5220, "trade_id": "237896635", "timestamp": 1671202077600, "tick_direction": 0, "price": 0.005, "mark_price": 0.00480333, "iv": 46.62, "instrument_name": "BTC-30DEC22-19000-C", "index_price": 17037.39, "direction": "buy", "amount": 3.0}, {"trade_seq": 5219, "trade_id": "237896024", "timestamp": 1671201784675, "tick_direction": 3, "price": 0.0045, "mark_price": 0.00484929, "iv": 45.24, "instrument_name": "BTC-30DEC22-19000-C", "index_price": 17038.19, "direction": "sell", "amount": 0.1}, {"trade_seq": 5218, "trade_id": "237895818", "timestamp": 1671201468264, "tick_direction": 3, "price": 0.0045, "mark_price": 0.0047108, "iv": 45.58, "instrument_name": "BTC-30DEC22-19000-C", "index_price": 17021.61, "direction": "sell", "amount": 0.1}