{"trades": [{"trade_seq": 605, "trade_id": "247765276", "timestamp": 1679584618544, "tick_direction": 3, "price": 0.0005, "mark_price": 0.00052513, "iv": 108.22, "instrument_name": "BTC-31MAR23-42000-C", "index_price": 28741.77, "direction": "buy", "amount": 10.0}, {"trade_seq": 604, "trade_id": "247497642", "timestamp": 1679513670644, "tick_direction": 2, "price": 0.0005, "mark_price": 0.00065802, "iv": 114.09, "instrument_name": "BTC-31MAR23-42000-C", "index_price": 27412.45, "direction": "sell", "amount": 5.0}, {"trade_seq": 603, "trade_id": "247341090", "timestamp": 1679496431897, "tick_direction": 1, "price": 0.001, "mark_price": 0.00088321, "iv": 110.76, "instrument_name": "BTC-31MAR23-42000-C", "index_price": 28759.93, "direction": "sell", "amount": 10.0}, {"trade_seq": 602, "trade_id": "247318977", "timestamp": 1679488231797, "tick_direction": 0, "price": 0.001, "mark_price": 0.00068082, "iv": 114.63, "instrument_name": "BTC-31MAR23-42000-C", "index_price": 28274.54, "direction": "sell", "amount": 1.0}, {"trade_seq": 601, "trade_id": "247073098", "timestamp": 1679386472737, "tick_direction": 3, "price": 0.0005, "mark_price": 0.00071006, "iv": 103.9, "instrument_name": "BTC-31MAR23-42000-C", "index_price": 27582.09, "direction": "buy", "amount": 0.8}, {"trade_seq": 600, "trade_id": "247073097", "timestamp": 1679386472735, "tick_direction": 2, "price": 0.0005, "mark_price": 0.00071006, "iv": 103.9, "instrument_name": "BTC-31MAR23-42000-C", "index_price": 27582.09, "direction": "sell", "amount": 0.2}, {"trade_seq": 599, "trade_id": "246816001", "timestamp": 1679303604497, "tick_direction": 0, "price": 0.002, "mark_price": 0.00148794, "iv": 113.33, "instrument_name": "BTC-31MAR23-42000-C", "index_price": 28324.14, "direction": "buy", "amount": 0.3}, {"trade_seq": 598, "trade_id": "246793077", "timestamp": 1679299627630, "tick_direction": 0, "price": 0.0015, "mark_price": 0.00148045, "iv": 107.95, "instrument_name": "BTC-31MAR23-42000-C", "index_price": 28365.43, "direction": "buy", "amount": 1.0}, {"trade_seq": 597, "trade_id": "246757714", "timestamp": 1679292674870, "tick_direction": 2, "price": 0.001, "mark_price": 0.00130645, "iv": 106.93, "instrument_name": "BTC-31MAR23-42000-C", "index_price": 27657.14, "direction": "sell", "amount": 0.1}, {"trade_seq": 596, "trade_id": "246553065", "timestamp": 1679243901664, "tick_direction": 1, "price": 0.0015, "mark_price": 0.00151849, "iv": 107.44, "instrument_name": "BTC-31MAR23-42000-C", "index_price": 28003.64, "direction": "sell", "amount": 11.9}, {"trade_seq": 595, "trade_id": "246553064", "timestamp": 1679243901664, "tick_direction": 0, "price": 0.0015, "mark_price": 0.00151849, "iv": 107.44, "instrument_name": "BTC-31MAR23-42000-C", "index_price": 28003.64, "direction": "sell", "amount": 15.1}, {"trade_seq": 594, "trade_id": "246439753", "timestamp": 1679192591915, "tick_direction": 1, "price": 0.001, "mark_price": 0.00122664, "iv": 105.29, "instrument_name": "BTC-31MAR23-42000-C", "index_price": 27164.93, "direction": "buy", "amount": 0.9}, {"trade_seq": 593, "trade_id": "246439752", "timestamp": 1679192591913, "tick_direction": 1, "price": 0.001, "mark_price": 0.00122664, "iv": 105.29, "instrument_name": "BTC-31MAR23-42000-C", "index_price": 27164.93, "direction": "sell", "amount": 2.8}, {"trade_seq": 592, "trade_id": "246144808", "timestamp": 1679092172926, "tick_direction": 0, "price": 0.001, "mark_price": 0.00083075, "iv": 98.33, "instrument_name": "BTC-31MAR23-42000-C", "index_price": 27447.02, "direction": "buy", "amount": 29.0}, {"trade_seq": 591, "trade_id": "246019362", "timestamp": 1679064947138, "tick_direction": 3, "price": 0.0005, "mark_price": 0.00071979, "iv": 97.24, "instrument_name": "BTC-31MAR23-42000-C", "index_price": 26269.12, "direction": "sell", "amount": 1.0}, {"trade_seq": 590, "trade_id": "246019352", "timestamp": 1679064939393, "tick_direction": 3, "price": 0.0005, "mark_price": 0.00071915, "iv": 97.22, "instrument_name": "BTC-31MAR23-42000-C", "index_price": 26270.77, "direction": "sell", "amount": 10.0}, {"trade_seq": 589, "trade_id": "245353370", "timestamp": 1678884732789, "tick_direction": 3, "price": 0.0005, "mark_price": 0.00030306, "iv": 99.88, "instrument_name": "BTC-31MAR23-42000-C", "index_price": 24858.24, "direction": "buy", "amount": 4.8}, {"trade_seq": 588, "trade_id": "245104512", "timestamp": 1678802809876, "tick_direction": 2, "price": 0.0005, "mark_price": 0.00073425, "iv": 90.38, "instrument_name": "BTC-31MAR23-42000-C", "index_price": 25853.02, "direction": "sell", "amount": 10.0}, {"trade_seq": 587, "trade_id": "245001979", "timestamp": 1678794011387, "tick_direction": 0, "price": 0.001, "mark_price": 0.00073203, "iv": 105.65, "instrument_name": "BTC-31MAR23-42000-C", "index_price": 24800.08, "direction": "buy", "amount": 1.3}, {"trade_seq": 586, "trade_id": "243892740", "timestamp": 1678407660350, "tick_direction": 3, "price": 0.0005, "mark_price": 6.15e-06, "iv": 114.54, "instrument_name": "BTC-31MAR23-42000-C", "index_price": 20146.74, "direction": "buy", "amount": 0.2}, {"trade_seq": 585, "trade_id": "243187042", "timestamp": 1677683054943, "tick_direction": 3, "price": 0.0005, "mark_price": 0.00046629, "iv": 78.15, "instrument_name": "BTC-31MAR23-42000-C", "index_price": 23668.52, "direction": "buy", "amount": 0.2}, {"trade_seq": 584, "trade_id": "243177114", "timestamp": 1677676760345, "tick_direction": 3, "price": 0.0005, "mark_price": 0.00048787, "iv": 77.88, "instrument_name": "BTC-31MAR23-42000-C", "index_price": 23693.51, "direction": "buy", "amount": 0.2}, {"trade_seq": 583, "trade_id": "243177011", "timestamp": 1677676388074, "tick_direction": 3, "price": 0.0005, "mark_price": 0.00048788, "iv": 77.88, "instrument_name": "BTC-31MAR23-42000-C", "index_price": 23694.76, "direction": "buy", "amount": 1.0}, {"trade_seq": 582, "trade_id": "243176746", "timestamp": 1677676087269, "tick_direction": 3, "price": 0.0005, "mark_price": 0.00049128, "iv": 77.82, "instrument_name": "BTC-31MAR23-42000-C", "index_price": 23706.48, "direction": "buy", "amount": 0.9}, {"trade_seq": 581, "trade_id": "243166002", "timestamp": 1677661223342, "tick_direction": 3, "price": 0.0005, "mark_price": 0.00050972, "iv": 76.62, "instrument_name": "BTC-31MAR23-42000-C", "index_price": 23900.94, "direction": "buy", "amount": 16.0}, {"trade_seq": 580, "trade_id": "243166001", "timestamp": 1677661223342, "tick_direction": 3, "price": 0.0005, "mark_price": 0.00050972, "iv": 76.62, "instrument_name": "BTC-31MAR23-42000-C", "index_price": 23900.94, "direction": "buy", "amount": 9.0}, {"trade_seq": 579, "trade_id": "243006449", "timestamp": 1677502777612, "tick_direction": 3, "price": 0.0005, "mark_price": 0.00053458, "iv": 76.86, "instrument_name": "BTC-31MAR23-42000-C", "index_price": 23398.32, "direction": "sell", "amount": 1.0}, {"trade_seq": 578, "trade_id": "242848904", "timestamp": 1677256633842, "tick_direction": 3, "price": 0.0005, "mark_price": 0.00073602, "iv": 74.61, "instrument_name": "BTC-31MAR23-42000-C", "index_price": 23195.63, "direction": "buy", "amount": 16.0}, {"trade_seq": 577, "trade_id": "242848903", "timestamp": 1677256633762, "tick_direction": 3, "price": 0.0005, "mark_price": 0.00073602, "iv": 74.61, "instrument_name": "BTC-31MAR23-42000-C", "index_price": 23195.63, "direction": "buy", "amount": 20.0}, {"trade_seq": 576, "trade_id": "242848902", "timestamp": 1677256633752, "tick_direction": 3, "price": 0.0005, "mark_price": 0.00073602, "iv": 74.61, "instrument_name": "BTC-31MAR23-42000-C", "index_price": 23195.63, "direction": "sell", "amount": 20.0}, {"trade_seq": 575, "trade_id": "242848901", "timestamp": 1677256633752, "tick_direction": 3, "price": 0.0005, "mark_price": 0.00073602, "iv": 74.61, "instrument_name": "BTC-31MAR23-42000-C", "index_price": 23195.63, "direction": "sell", "amount": 5.0}, {"trade_seq": 574, "trade_id": "242848900", "timestamp": 1677256633752, "tick_direction": 3, "price": 0.0005, "mark_price": 0.00073602, "iv": 74.61, "instrument_name": "BTC-31MAR23-42000-C", "index_price": 23195.63, "direction": "sell", "amount": 15.0}, {"trade_seq": 573, "trade_id": "242848899", "timestamp": 1677256633752, "tick_direction": 2, "price": 0.0005, "mark_price": 0.00073602, "iv": 74.61, "instrument_name": "BTC-31MAR23-42000-C", "index_price": 23195.63, "direction": "sell", "amount": 1.0}, {"trade_seq": 572, "trade_id": "242623213", "timestamp": 1677093942463, "tick_direction": 2, "price": 0.0015, "mark_price": 0.0015625, "iv": 79.78, "instrument_name": "BTC-31MAR23-42000-C", "index_price": 23816.2, "direction": "sell", "amount": 1.0}, {"trade_seq": 571, "trade_id": "242510374", "timestamp": 1677018713370, "tick_direction": 3, "price": 0.002, "mark_price": 0.00222574, "iv": 79.48, "instrument_name": "BTC-31MAR23-42000-C", "index_price": 24300.5, "direction": "sell", "amount": 3.9}, {"trade_seq": 570, "trade_id": "242510356", "timestamp": 1677018653339, "tick_direction": 3, "price": 0.002, "mark_price": 0.00224428, "iv": 79.51, "instrument_name": "BTC-31MAR23-42000-C", "index_price": 24293.25, "direction": "sell", "amount": 5.4}, {"trade_seq": 569, "trade_id": "242510348", "timestamp": 1677018625094, "tick_direction": 3, "price": 0.002, "mark_price": 0.00224732, "iv": 79.53, "instrument_name": "BTC-31MAR23-42000-C", "index_price": 24290.63, "direction": "sell", "amount": 5.0}, {"trade_seq": 568, "trade_id": "242510333", "timestamp": 1677018598325, "tick_direction": 3, "price": 0.002, "mark_price": 0.0022574, "iv": 79.5, "instrument_name": "BTC-31MAR23-42000-C", "index_price": 24297.61, "direction": "sell", "amount": 4.5}, {"trade_seq": 567, "trade_id": "242476153", "timestamp": 1676998160566, "tick_direction": 3, "price": 0.002, "mark_price": 0.00162106, "iv": 78.54, "instrument_name": "BTC-31MAR23-42000-C", "index_price": 24433.16, "direction": "buy", "amount": 3.6}, {"trade_seq": 566, "trade_id": "242476058", "timestamp": 1676998136628, "tick_direction": 3, "price": 0.002, "mark_price": 0.00153546, "iv": 78.57, "instrument_name": "BTC-31MAR23-42000-C", "index_price": 24430.18, "direction": "buy", "amount": 3.5}, {"trade_seq": 565, "trade_id": "242476042", "timestamp": 1676998127563, "tick_direction": 3, "price": 0.002, "mark_price": 0.00146348, "iv": 78.57, "instrument_name": "BTC-31MAR23-42000-C", "index_price": 24429.86, "direction": "buy", "amount": 15.6}, {"trade_seq": 564, "trade_id": "242476036", "timestamp": 1676998124743, "tick_direction": 3, "price": 0.002, "mark_price": 0.00146603, "iv": 78.56, "instrument_name": "BTC-31MAR23-42000-C", "index_price": 24430.9, "direction": "buy", "amount": 37.0}, {"trade_seq": 563, "trade_id": "242476035", "timestamp": 1676998124743, "tick_direction": 2, "price": 0.002, "mark_price": 0.00146603, "iv": 78.56, "instrument_name": "BTC-31MAR23-42000-C", "index_price": 24430.9, "direction": "buy", "amount": 3.5}, {"trade_seq": 562, "trade_id": "242333451", "timestamp": 1676887670279, "tick_direction": 0, "price": 0.0025, "mark_price": 0.00235842, "iv": 77.26, "instrument_name": "BTC-31MAR23-42000-C", "index_price": 24941.66, "direction": "buy", "amount": 7.1}, {"trade_seq": 561, "trade_id": "242324201", "timestamp": 1676883895519, "tick_direction": 3, "price": 0.002, "mark_price": 0.00160827, "iv": 77.01, "instrument_name": "BTC-31MAR23-42000-C", "index_price": 24473.09, "direction": "buy", "amount": 8.9}, {"trade_seq": 560, "trade_id": "242324143", "timestamp": 1676883830187, "tick_direction": 3, "price": 0.002, "mark_price": 0.00157414, "iv": 77.11, "instrument_name": "BTC-31MAR23-42000-C", "index_price": 24451.89, "direction": "buy", "amount": 1.0}, {"trade_seq": 559, "trade_id": "242324142", "timestamp": 1676883830187, "tick_direction": 3, "price": 0.002, "mark_price": 0.00157414, "iv": 77.11, "instrument_name": "BTC-31MAR23-42000-C", "index_price": 24451.89, "direction": "buy", "amount": 3.5}, {"trade_seq": 558, "trade_id": "242324141", "timestamp": 1676883830187, "tick_direction": 3, "price": 0.002, "mark_price": 0.00157414, "iv": 77.11, "instrument_name": "BTC-31MAR23-42000-C", "index_price": 24451.89, "direction": "buy", "amount": 9.5}, {"trade_seq": 557, "trade_id": "242324140", "timestamp": 1676883830187, "tick_direction": 2, "price": 0.002, "mark_price": 0.00157414, "iv": 77.11, "instrument_name": "BTC-31MAR23-42000-C", "index_price": 24451.89, "direction": "buy", "amount": 2.0}, {"trade_seq": 556, "trade_id": "242246132", "timestamp": 1676823223651, "tick_direction": 0, "price": 0.0025, "mark_price": 0.00225404, "iv": 76.05, "instrument_name": "BTC-31MAR23-42000-C", "index_price": 25043.12, "direction": "buy", "amount": 4.3}, {"trade_seq": 555, "trade_id": "242244701", "timestamp": 1676822839460, "tick_direction": 0, "price": 0.002, "mark_price": 0.00211015, "iv": 74.04, "instrument_name": "BTC-31MAR23-42000-C", "index_price": 24929.59, "direction": "sell", "amount": 1.0}, {"trade_seq": 554, "trade_id": "242224119", "timestamp": 1676794011650, "tick_direction": 0, "price": 0.0015, "mark_price": 0.00175068, "iv": 72.33, "instrument_name": "BTC-31MAR23-42000-C", "index_price": 24615.85, "direction": "sell", "amount": 2.6}, {"trade_seq": 553, "trade_id": "242024041", "timestamp": 1676622035141, "tick_direction": 2, "price": 0.001, "mark_price": 0.00123307, "iv": 71.32, "instrument_name": "BTC-31MAR23-42000-C", "index_price": 23665.67, "direction": "sell", "amount": 4.5}, {"trade_seq": 552, "trade_id": "241923973", "timestamp": 1676574811062, "tick_direction": 1, "price": 0.002, "mark_price": 0.00221461, "iv": 71.65, "instrument_name": "BTC-31MAR23-42000-C", "index_price": 24936.92, "direction": "sell", "amount": 0.7}, {"trade_seq": 551, "trade_id": "241920857", "timestamp": 1676573206760, "tick_direction": 1, "price": 0.002, "mark_price": 0.00226954, "iv": 71.33, "instrument_name": "BTC-31MAR23-42000-C", "index_price": 25002.43, "direction": "sell", "amount": 5.0}, {"trade_seq": 550, "trade_id": "241920738", "timestamp": 1676573124162, "tick_direction": 1, "price": 0.002, "mark_price": 0.00229307, "iv": 71.24, "instrument_name": "BTC-31MAR23-42000-C", "index_price": 25018.25, "direction": "sell", "amount": 5.0}, {"trade_seq": 549, "trade_id": "241918016", "timestamp": 1676571104663, "tick_direction": 0, "price": 0.002, "mark_price": 0.00197635, "iv": 71.69, "instrument_name": "BTC-31MAR23-42000-C", "index_price": 24923.97, "direction": "sell", "amount": 1.8}, {"trade_seq": 548, "trade_id": "241884223", "timestamp": 1676562728189, "tick_direction": 1, "price": 0.0015, "mark_price": 0.00148062, "iv": 68.78, "instrument_name": "BTC-31MAR23-42000-C", "index_price": 24909.0, "direction": "sell", "amount": 1.3}, {"trade_seq": 547, "trade_id": "241882544", "timestamp": 1676562521443, "tick_direction": 1, "price": 0.0015, "mark_price": 0.00107578, "iv": 68.96, "instrument_name": "BTC-31MAR23-42000-C", "index_price": 24884.46, "direction": "sell", "amount": 0.3}, {"trade_seq": 546, "trade_id": "241882543", "timestamp": 1676562521361, "tick_direction": 1, "price": 0.0015, "mark_price": 0.00107578, "iv": 68.96, "instrument_name": "BTC-31MAR23-42000-C", "index_price": 24866.96, "direction": "sell", "amount": 3.2}, {"trade_seq": 545, "trade_id": "241882542", "timestamp": 1676562521308, "tick_direction": 1, "price": 0.0015, "mark_price": 0.00107578, "iv": 68.96, "instrument_name": "BTC-31MAR23-42000-C", "index_price": 24866.96, "direction": "sell", "amount": 3.0}, {"trade_seq": 544, "trade_id": "241882541", "timestamp": 1676562521304, "tick_direction": 1, "price": 0.0015, "mark_price": 0.00107578, "iv": 68.96, "instrument_name": "BTC-31MAR23-42000-C", "index_price": 24866.96, "direction": "sell", "amount": 4.0}, {"trade_seq": 543, "trade_id": "241882530", "timestamp": 1676562521021, "tick_direction": 0, "price": 0.0015, "mark_price": 0.00107578, "iv": 68.96, "instrument_name": "BTC-31MAR23-42000-C", "index_price": 24866.96, "direction": "buy", "amount": 3.8}, {"trade_seq": 542, "trade_id": "241816219", "timestamp": 1676514725118, "tick_direction": 0, "price": 0.001, "mark_price": 0.0012279, "iv": 66.0, "instrument_name": "BTC-31MAR23-42000-C", "index_price": 24659.83, "direction": "buy", "amount": 3.4}, {"trade_seq": 541, "trade_id": "241697420", "timestamp": 1676463305141, "tick_direction": 3, "price": 0.0005, "mark_price": 0.00093708, "iv": 68.59, "instrument_name": "BTC-31MAR23-42000-C", "index_price": 22693.12, "direction": "sell", "amount": 5.0}, {"trade_seq": 540, "trade_id": "241578715", "timestamp": 1676364483766, "tick_direction": 3, "price": 0.0005, "mark_price": 0.00072329, "iv": 71.87, "instrument_name": "BTC-31MAR23-42000-C", "index_price": 21727.94, "direction": "sell", "amount": 0.1}, {"trade_seq": 539, "trade_id": "241578714", "timestamp": 1676364483766, "tick_direction": 3, "price": 0.0005, "mark_price": 0.00072329, "iv": 71.87, "instrument_name": "BTC-31MAR23-42000-C", "index_price": 21727.94, "direction": "sell", "amount": 10.0}, {"trade_seq": 538, "trade_id": "241578713", "timestamp": 1676364483766, "tick_direction": 2, "price": 0.0005, "mark_price": 0.00072329, "iv": 71.87, "instrument_name": "BTC-31MAR23-42000-C", "index_price": 21727.94, "direction": "sell", "amount": 3.0}, {"trade_seq": 537, "trade_id": "241298298", "timestamp": 1675994328029, "tick_direction": 2, "price": 0.001, "mark_price": 0.00123426, "iv": 73.45, "instrument_name": "BTC-31MAR23-42000-C", "index_price": 21898.16, "direction": "sell", "amount": 2.5}, {"trade_seq": 536, "trade_id": "241184356", "timestamp": 1675912329979, "tick_direction": 3, "price": 0.0015, "mark_price": 0.00148103, "iv": 73.32, "instrument_name": "BTC-31MAR23-42000-C", "index_price": 22600.89, "direction": "sell", "amount": 0.1}, {"trade_seq": 535, "trade_id": "241184355", "timestamp": 1675912329966, "tick_direction": 3, "price": 0.0015, "mark_price": 0.00148103, "iv": 73.32, "instrument_name": "BTC-31MAR23-42000-C", "index_price": 22600.89, "direction": "sell", "amount": 1.7}, {"trade_seq": 534, "trade_id": "241184331", "timestamp": 1675912321970, "tick_direction": 2, "price": 0.0015, "mark_price": 0.00146834, "iv": 73.35, "instrument_name": "BTC-31MAR23-42000-C", "index_price": 22595.14, "direction": "sell", "amount": 1.2}, {"trade_seq": 533, "trade_id": "241129832", "timestamp": 1675854979224, "tick_direction": 2, "price": 0.002, "mark_price": 0.00174047, "iv": 73.22, "instrument_name": "BTC-31MAR23-42000-C", "index_price": 23162.35, "direction": "buy", "amount": 0.1}, {"trade_seq": 532, "trade_id": "240834129", "timestamp": 1675444671918, "tick_direction": 0, "price": 0.0025, "mark_price": 0.00255854, "iv": 70.52, "instrument_name": "BTC-31MAR23-42000-C", "index_price": 23549.19, "direction": "sell", "amount": 0.1}, {"trade_seq": 531, "trade_id": "240808073", "timestamp": 1675427246750, "tick_direction": 3, "price": 0.002, "mark_price": 0.00246172, "iv": 68.24, "instrument_name": "BTC-31MAR23-42000-C", "index_price": 23506.83, "direction": "sell", "amount": 14.7}, {"trade_seq": 530, "trade_id": "240808072", "timestamp": 1675427246750, "tick_direction": 3, "price": 0.002, "mark_price": 0.00246172, "iv": 68.24, "instrument_name": "BTC-31MAR23-42000-C", "index_price": 23506.83, "direction": "sell", "amount": 2.0}, {"trade_seq": 529, "trade_id": "240808071", "timestamp": 1675427246750, "tick_direction": 2, "price": 0.002, "mark_price": 0.00246172, "iv": 68.24, "instrument_name": "BTC-31MAR23-42000-C", "index_price": 23506.83, "direction": "sell", "amount": 3.3}, {"trade_seq": 528, "trade_id": "240705387", "timestamp": 1675338828659, "tick_direction": 3, "price": 0.003, "mark_price": 0.00302732, "iv": 70.52, "instrument_name": "BTC-31MAR23-42000-C", "index_price": 23811.08, "direction": "sell", "amount": 0.1}, {"trade_seq": 527, "trade_id": "240705386", "timestamp": 1675338828459, "tick_direction": 3, "price": 0.003, "mark_price": 0.00302732, "iv": 70.52, "instrument_name": "BTC-31MAR23-42000-C", "index_price": 23811.08, "direction": "sell", "amount": 0.1}, {"trade_seq": 526, "trade_id": "240705369", "timestamp": 1675338826392, "tick_direction": 3, "price": 0.003, "mark_price": 0.00302601, "iv": 70.52, "instrument_name": "BTC-31MAR23-42000-C", "index_price": 23810.91, "direction": "sell", "amount": 0.2}, {"trade_seq": 525, "trade_id": "240705355", "timestamp": 1675338808161, "tick_direction": 3, "price": 0.003, "mark_price": 0.00302232, "iv": 70.51, "instrument_name": "BTC-31MAR23-42000-C", "index_price": 23813.42, "direction": "sell", "amount": 0.2}, {"trade_seq": 524, "trade_id": "240705141", "timestamp": 1675338624636, "tick_direction": 3, "price": 0.003, "mark_price": 0.00296137, "iv": 70.41, "instrument_name": "BTC-31MAR23-42000-C", "index_price": 23832.01, "direction": "sell", "amount": 0.2}, {"trade_seq": 523, "trade_id": "240705139", "timestamp": 1675338622323, "tick_direction": 3, "price": 0.003, "mark_price": 0.00296026, "iv": 70.41, "instrument_name": "BTC-31MAR23-42000-C", "index_price": 23831.88, "direction": "sell", "amount": 0.2}, {"trade_seq": 522, "trade_id": "240705130", "timestamp": 1675338617739, "tick_direction": 2, "price": 0.003, "mark_price": 0.00295753, "iv": 70.41, "instrument_name": "BTC-31MAR23-42000-C", "index_price": 23831.75, "direction": "sell", "amount": 0.7}, {"trade_seq": 521, "trade_id": "240652854", "timestamp": 1675289676241, "tick_direction": 1, "price": 0.0035, "mark_price": 0.00344643, "iv": 72.05, "instrument_name": "BTC-31MAR23-42000-C", "index_price": 23756.96, "direction": "buy", "amount": 0.1}, {"trade_seq": 520, "trade_id": "240652851", "timestamp": 1675289657314, "tick_direction": 0, "price": 0.0035, "mark_price": 0.00344559, "iv": 72.05, "instrument_name": "BTC-31MAR23-42000-C", "index_price": 23757.03, "direction": "buy", "amount": 0.2}, {"trade_seq": 519, "trade_id": "240573169", "timestamp": 1675233642650, "tick_direction": 3, "price": 0.0025, "mark_price": 0.00317105, "iv": 70.78, "instrument_name": "BTC-31MAR23-42000-C", "index_price": 23113.36, "direction": "sell", "amount": 7.3}, {"trade_seq": 518, "trade_id": "240573168", "timestamp": 1675233642650, "tick_direction": 3, "price": 0.0025, "mark_price": 0.00317105, "iv": 70.78, "instrument_name": "BTC-31MAR23-42000-C", "index_price": 23113.36, "direction": "sell", "amount": 2.7}, {"trade_seq": 517, "trade_id": "240475356", "timestamp": 1675092841890, "tick_direction": 3, "price": 0.0025, "mark_price": 0.00221582, "iv": 69.64, "instrument_name": "BTC-31MAR23-42000-C", "index_price": 23168.28, "direction": "buy", "amount": 8.9}, {"trade_seq": 516, "trade_id": "240473711", "timestamp": 1675090609880, "tick_direction": 3, "price": 0.0025, "mark_price": 0.0023241, "iv": 69.26, "instrument_name": "BTC-31MAR23-42000-C", "index_price": 23260.87, "direction": "buy", "amount": 13.1}, {"trade_seq": 515, "trade_id": "240473384", "timestamp": 1675090291409, "tick_direction": 3, "price": 0.0025, "mark_price": 0.00230763, "iv": 69.28, "instrument_name": "BTC-31MAR23-42000-C", "index_price": 23251.57, "direction": "buy", "amount": 10.0}, {"trade_seq": 514, "trade_id": "240472300", "timestamp": 1675088798018, "tick_direction": 2, "price": 0.0025, "mark_price": 0.00275987, "iv": 69.55, "instrument_name": "BTC-31MAR23-42000-C", "index_price": 23192.68, "direction": "sell", "amount": 3.1}, {"trade_seq": 513, "trade_id": "240406937", "timestamp": 1675016767197, "tick_direction": 0, "price": 0.004, "mark_price": 0.00440783, "iv": 72.49, "instrument_name": "BTC-31MAR23-42000-C", "index_price": 23597.56, "direction": "sell", "amount": 120.0}, {"trade_seq": 512, "trade_id": "240358818", "timestamp": 1674953954533, "tick_direction": 1, "price": 0.003, "mark_price": 0.00247638, "iv": 70.78, "instrument_name": "BTC-31MAR23-42000-C", "index_price": 23119.92, "direction": "sell", "amount": 0.5}, {"trade_seq": 511, "trade_id": "240358817", "timestamp": 1674953951232, "tick_direction": 1, "price": 0.003, "mark_price": 0.00247279, "iv": 70.78, "instrument_name": "BTC-31MAR23-42000-C", "index_price": 23119.36, "direction": "sell", "amount": 2.2}, {"trade_seq": 510, "trade_id": "240358816", "timestamp": 1674953949142, "tick_direction": 1, "price": 0.003, "mark_price": 0.00247001, "iv": 70.78, "instrument_name": "BTC-31MAR23-42000-C", "index_price": 23120.06, "direction": "buy", "amount": 2.3}, {"trade_seq": 509, "trade_id": "240331648", "timestamp": 1674869653802, "tick_direction": 2, "price": 0.0025, "mark_price": 0.00295613, "iv": 68.44, "instrument_name": "BTC-31MAR23-42000-C", "index_price": 23092.64, "direction": "sell", "amount": 0.2}, {"trade_seq": 508, "trade_id": "240278889", "timestamp": 1674812745639, "tick_direction": 3, "price": 0.0035, "mark_price": 0.00351198, "iv": 72.29, "instrument_name": "BTC-31MAR23-42000-C", "index_price": 22959.04, "direction": "sell", "amount": 0.2}, {"trade_seq": 507, "trade_id": "240257444", "timestamp": 1674803323952, "tick_direction": 3, "price": 0.0035, "mark_price": 0.00370813, "iv": 72.11, "instrument_name": "BTC-31MAR23-42000-C", "index_price": 22986.48, "direction": "sell", "amount": 0.1}, {"trade_seq": 506, "trade_id": "240257432", "timestamp": 1674803321670, "tick_direction": 3, "price": 0.0035, "mark_price": 0.00371007, "iv": 72.11, "instrument_name": "BTC-31MAR23-42000-C", "index_price": 22987.08, "direction": "sell", "amount": 0.1}, {"trade_seq": 505, "trade_id": "240257391", "timestamp": 1674803234360, "tick_direction": 3, "price": 0.0035, "mark_price": 0.00373225, "iv": 72.08, "instrument_name": "BTC-31MAR23-42000-C", "index_price": 22994.12, "direction": "sell", "amount": 0.1}, {"trade_seq": 504, "trade_id": "240233645", "timestamp": 1674775189694, "tick_direction": 3, "price": 0.0035, "mark_price": 0.00373895, "iv": 71.88, "instrument_name": "BTC-31MAR23-42000-C", "index_price": 22995.2, "direction": "sell", "amount": 0.2}, {"trade_seq": 503, "trade_id": "240233644", "timestamp": 1674775188850, "tick_direction": 3, "price": 0.0035, "mark_price": 0.00374199, "iv": 71.87, "instrument_name": "BTC-31MAR23-42000-C", "index_price": 22997.49, "direction": "sell", "amount": 0.1}, {"trade_seq": 502, "trade_id": "240233640", "timestamp": 1674775187349, "tick_direction": 3, "price": 0.0035, "mark_price": 0.00374321, "iv": 71.87, "instrument_name": "BTC-31MAR23-42000-C", "index_price": 22997.93, "direction": "sell", "amount": 0.5}, {"trade_seq": 501, "trade_id": "240233639", "timestamp": 1674775185052, "tick_direction": 3, "price": 0.0035, "mark_price": 0.00374336, "iv": 71.87, "instrument_name": "BTC-31MAR23-42000-C", "index_price": 22998.32, "direction": "sell", "amount": 0.2}, {"trade_seq": 500, "trade_id": "240233638", "timestamp": 1674775180902, "tick_direction": 3, "price": 0.0035, "mark_price": 0.0037434, "iv": 71.87, "instrument_name": "BTC-31MAR23-42000-C", "index_price": 22998.12, "direction": "sell", "amount": 0.1}, {"trade_seq": 499, "trade_id": "240229858", "timestamp": 1674768967126, "tick_direction": 3, "price": 0.0035, "mark_price": 0.00352931, "iv": 71.63, "instrument_name": "BTC-31MAR23-42000-C", "index_price": 23045.6, "direction": "sell", "amount": 0.1}, {"trade_seq": 498, "trade_id": "240229857", "timestamp": 1674768967049, "tick_direction": 2, "price": 0.0035, "mark_price": 0.00352931, "iv": 71.63, "instrument_name": "BTC-31MAR23-42000-C", "index_price": 23045.6, "direction": "sell", "amount": 0.1}, {"trade_seq": 497, "trade_id": "240154862", "timestamp": 1674686375180, "tick_direction": 1, "price": 0.005, "mark_price": 0.00471217, "iv": 73.63, "instrument_name": "BTC-31MAR23-42000-C", "index_price": 23433.01, "direction": "buy", "amount": 0.6}, {"trade_seq": 496, "trade_id": "240154859", "timestamp": 1674686370806, "tick_direction": 0, "price": 0.005, "mark_price": 0.004704, "iv": 73.63, "instrument_name": "BTC-31MAR23-42000-C", "index_price": 23432.01, "direction": "buy", "amount": 1.8}, {"trade_seq": 495, "trade_id": "240104008", "timestamp": 1674656500856, "tick_direction": 2, "price": 0.004, "mark_price": 0.00396326, "iv": 74.32, "instrument_name": "BTC-31MAR23-42000-C", "index_price": 22585.14, "direction": "sell", "amount": 1.0}, {"trade_seq": 494, "trade_id": "239981002", "timestamp": 1674501543128, "tick_direction": 1, "price": 0.0055, "mark_price": 0.00543384, "iv": 76.16, "instrument_name": "BTC-31MAR23-42000-C", "index_price": 22878.88, "direction": "buy", "amount": 2.0}, {"trade_seq": 493, "trade_id": "239967723", "timestamp": 1674491285715, "tick_direction": 1, "price": 0.0055, "mark_price": 0.00572586, "iv": 76.25, "instrument_name": "BTC-31MAR23-42000-C", "index_price": 22843.18, "direction": "sell", "amount": 1.7}, {"trade_seq": 492, "trade_id": "239937754", "timestamp": 1674474906650, "tick_direction": 3, "price": 0.005, "mark_price": 0.00541606, "iv": 74.87, "instrument_name": "BTC-31MAR23-42000-C", "index_price": 22853.57, "direction": "sell", "amount": 2.2}, {"trade_seq": 491, "trade_id": "239937753", "timestamp": 1674474906650, "tick_direction": 3, "price": 0.005, "mark_price": 0.00541606, "iv": 74.87, "instrument_name": "BTC-31MAR23-42000-C", "index_price": 22853.57, "direction": "sell", "amount": 32.0}, {"trade_seq": 490, "trade_id": "239937752", "timestamp": 1674474906650, "tick_direction": 2, "price": 0.005, "mark_price": 0.00541606, "iv": 74.87, "instrument_name": "BTC-31MAR23-42000-C", "index_price": 22853.57, "direction": "sell", "amount": 2.4}, {"trade_seq": 489, "trade_id": "239937536", "timestamp": 1674474560880, "tick_direction": 3, "price": 0.0055, "mark_price": 0.00565592, "iv": 76.0, "instrument_name": "BTC-31MAR23-42000-C", "index_price": 22879.68, "direction": "buy", "amount": 0.1}, {"trade_seq": 488, "trade_id": "239937533", "timestamp": 1674474560848, "tick_direction": 3, "price": 0.0055, "mark_price": 0.00565722, "iv": 76.0, "instrument_name": "BTC-31MAR23-42000-C", "index_price": 22879.68, "direction": "buy", "amount": 0.1}, {"trade_seq": 487, "trade_id": "239937532", "timestamp": 1674474560841, "tick_direction": 3, "price": 0.0055, "mark_price": 0.00565722, "iv": 76.0, "instrument_name": "BTC-31MAR23-42000-C", "index_price": 22879.68, "direction": "buy", "amount": 0.1}, {"trade_seq": 486, "trade_id": "239937528", "timestamp": 1674474560826, "tick_direction": 3, "price": 0.0055, "mark_price": 0.00565722, "iv": 76.0, "instrument_name": "BTC-31MAR23-42000-C", "index_price": 22879.68, "direction": "buy", "amount": 0.8}, {"trade_seq": 485, "trade_id": "239937500", "timestamp": 1674474476127, "tick_direction": 3, "price": 0.0055, "mark_price": 0.00572504, "iv": 76.03, "instrument_name": "BTC-31MAR23-42000-C", "index_price": 22874.35, "direction": "buy", "amount": 1.5}, {"trade_seq": 484, "trade_id": "239937499", "timestamp": 1674474473557, "tick_direction": 3, "price": 0.0055, "mark_price": 0.00572851, "iv": 76.02, "instrument_name": "BTC-31MAR23-42000-C", "index_price": 22874.64, "direction": "buy", "amount": 1.0}, {"trade_seq": 483, "trade_id": "239937498", "timestamp": 1674474473555, "tick_direction": 3, "price": 0.0055, "mark_price": 0.00572851, "iv": 76.02, "instrument_name": "BTC-31MAR23-42000-C", "index_price": 22874.64, "direction": "sell", "amount": 15.0}, {"trade_seq": 482, "trade_id": "239937497", "timestamp": 1674474473555, "tick_direction": 3, "price": 0.0055, "mark_price": 0.00572851, "iv": 76.02, "instrument_name": "BTC-31MAR23-42000-C", "index_price": 22874.64, "direction": "sell", "amount": 2.9}, {"trade_seq": 481, "trade_id": "239937496", "timestamp": 1674474473555, "tick_direction": 3, "price": 0.0055, "mark_price": 0.00572851, "iv": 76.02, "instrument_name": "BTC-31MAR23-42000-C", "index_price": 22874.64, "direction": "sell", "amount": 1.9}, {"trade_seq": 480, "trade_id": "239937348", "timestamp": 1674474186772, "tick_direction": 3, "price": 0.0055, "mark_price": 0.00575185, "iv": 75.99, "instrument_name": "BTC-31MAR23-42000-C", "index_price": 22881.31, "direction": "buy", "amount": 13.3}, {"trade_seq": 479, "trade_id": "239937347", "timestamp": 1674474186751, "tick_direction": 3, "price": 0.0055, "mark_price": 0.00575185, "iv": 75.99, "instrument_name": "BTC-31MAR23-42000-C", "index_price": 22881.31, "direction": "sell", "amount": 8.0}, {"trade_seq": 478, "trade_id": "239937346", "timestamp": 1674474186751, "tick_direction": 3, "price": 0.0055, "mark_price": 0.00575185, "iv": 75.99, "instrument_name": "BTC-31MAR23-42000-C", "index_price": 22881.31, "direction": "sell", "amount": 2.0}, {"trade_seq": 477, "trade_id": "239937345", "timestamp": 1674474186751, "tick_direction": 3, "price": 0.0055, "mark_price": 0.00575185, "iv": 75.99, "instrument_name": "BTC-31MAR23-42000-C", "index_price": 22881.31, "direction": "sell", "amount": 15.0}, {"trade_seq": 476, "trade_id": "239937344", "timestamp": 1674474186751, "tick_direction": 3, "price": 0.0055, "mark_price": 0.00575185, "iv": 75.99, "instrument_name": "BTC-31MAR23-42000-C", "index_price": 22881.31, "direction": "sell", "amount": 1.8}, {"trade_seq": 475, "trade_id": "239937343", "timestamp": 1674474186751, "tick_direction": 3, "price": 0.0055, "mark_price": 0.00575185, "iv": 75.99, "instrument_name": "BTC-31MAR23-42000-C", "index_price": 22881.31, "direction": "sell", "amount": 9.9}, {"trade_seq": 474, "trade_id": "239906379", "timestamp": 1674421540621, "tick_direction": 3, "price": 0.0055, "mark_price": 0.00570028, "iv": 77.41, "instrument_name": "BTC-31MAR23-42000-C", "index_price": 22480.28, "direction": "sell", "amount": 1.2}, {"trade_seq": 473, "trade_id": "239906374", "timestamp": 1674421538330, "tick_direction": 2, "price": 0.0055, "mark_price": 0.00569984, "iv": 77.41, "instrument_name": "BTC-31MAR23-42000-C", "index_price": 22481.38, "direction": "sell", "amount": 0.1}, {"trade_seq": 472, "trade_id": "239794611", "timestamp": 1674296899819, "tick_direction": 1, "price": 0.0075, "mark_price": 0.00677769, "iv": 78.92, "instrument_name": "BTC-31MAR23-42000-C", "index_price": 22923.94, "direction": "sell", "amount": 1.9}, {"trade_seq": 471, "trade_id": "239794610", "timestamp": 1674296899710, "tick_direction": 1, "price": 0.0075, "mark_price": 0.00677769, "iv": 78.92, "instrument_name": "BTC-31MAR23-42000-C", "index_price": 22923.94, "direction": "sell", "amount": 1.3}, {"trade_seq": 470, "trade_id": "239794609", "timestamp": 1674296899707, "tick_direction": 0, "price": 0.0075, "mark_price": 0.00677769, "iv": 78.92, "instrument_name": "BTC-31MAR23-42000-C", "index_price": 22923.94, "direction": "sell", "amount": 6.8}, {"trade_seq": 469, "trade_id": "239760910", "timestamp": 1674275707309, "tick_direction": 0, "price": 0.005, "mark_price": 0.00466745, "iv": 74.56, "instrument_name": "BTC-31MAR23-42000-C", "index_price": 22619.07, "direction": "buy", "amount": 1.6}, {"trade_seq": 468, "trade_id": "239755498", "timestamp": 1674263017114, "tick_direction": 3, "price": 0.0045, "mark_price": 0.00477314, "iv": 73.26, "instrument_name": "BTC-31MAR23-42000-C", "index_price": 22607.58, "direction": "sell", "amount": 0.4}, {"trade_seq": 467, "trade_id": "239755491", "timestamp": 1674262997386, "tick_direction": 3, "price": 0.0045, "mark_price": 0.00477443, "iv": 73.27, "instrument_name": "BTC-31MAR23-42000-C", "index_price": 22606.51, "direction": "sell", "amount": 0.1}, {"trade_seq": 466, "trade_id": "239755459", "timestamp": 1674262938365, "tick_direction": 3, "price": 0.0045, "mark_price": 0.00478164, "iv": 73.28, "instrument_name": "BTC-31MAR23-42000-C", "index_price": 22606.88, "direction": "sell", "amount": 0.1}, {"trade_seq": 465, "trade_id": "239755458", "timestamp": 1674262937448, "tick_direction": 3, "price": 0.0045, "mark_price": 0.00478419, "iv": 73.27, "instrument_name": "BTC-31MAR23-42000-C", "index_price": 22608.4, "direction": "sell", "amount": 0.1}, {"trade_seq": 464, "trade_id": "239755446", "timestamp": 1674262909888, "tick_direction": 3, "price": 0.0045, "mark_price": 0.00478959, "iv": 73.27, "instrument_name": "BTC-31MAR23-42000-C", "index_price": 22608.4, "direction": "sell", "amount": 0.1}, {"trade_seq": 463, "trade_id": "239755445", "timestamp": 1674262907635, "tick_direction": 3, "price": 0.0045, "mark_price": 0.00479168, "iv": 73.27, "instrument_name": "BTC-31MAR23-42000-C", "index_price": 22607.96, "direction": "sell", "amount": 0.1}, {"trade_seq": 462, "trade_id": "239755443", "timestamp": 1674262903158, "tick_direction": 3, "price": 0.0045, "mark_price": 0.00479218, "iv": 73.27, "instrument_name": "BTC-31MAR23-42000-C", "index_price": 22609.14, "direction": "sell", "amount": 0.1}, {"trade_seq": 461, "trade_id": "239755422", "timestamp": 1674262853745, "tick_direction": 3, "price": 0.0045, "mark_price": 0.00478835, "iv": 73.28, "instrument_name": "BTC-31MAR23-42000-C", "index_price": 22605.2, "direction": "sell", "amount": 0.2}, {"trade_seq": 460, "trade_id": "239755421", "timestamp": 1674262851475, "tick_direction": 3, "price": 0.0045, "mark_price": 0.00479556, "iv": 73.27, "instrument_name": "BTC-31MAR23-42000-C", "index_price": 22606.96, "direction": "sell", "amount": 0.2}, {"trade_seq": 459, "trade_id": "239755419", "timestamp": 1674262850239, "tick_direction": 3, "price": 0.0045, "mark_price": 0.00479783, "iv": 73.27, "instrument_name": "BTC-31MAR23-42000-C", "index_price": 22609.13, "direction": "sell", "amount": 0.1}, {"trade_seq": 458, "trade_id": "239755412", "timestamp": 1674262849235, "tick_direction": 3, "price": 0.0045, "mark_price": 0.00479834, "iv": 73.26, "instrument_name": "BTC-31MAR23-42000-C", "index_price": 22610.35, "direction": "sell", "amount": 0.6}, {"trade_seq": 457, "trade_id": "239755337", "timestamp": 1674262793142, "tick_direction": 3, "price": 0.0045, "mark_price": 0.00476242, "iv": 73.37, "instrument_name": "BTC-31MAR23-42000-C", "index_price": 22581.8, "direction": "sell", "amount": 0.4}, {"trade_seq": 456, "trade_id": "239755305", "timestamp": 1674262710203, "tick_direction": 3, "price": 0.0045, "mark_price": 0.00477164, "iv": 73.35, "instrument_name": "BTC-31MAR23-42000-C", "index_price": 22587.03, "direction": "sell", "amount": 0.1}, {"trade_seq": 455, "trade_id": "239755303", "timestamp": 1674262707900, "tick_direction": 3, "price": 0.0045, "mark_price": 0.00477451, "iv": 73.34, "instrument_name": "BTC-31MAR23-42000-C", "index_price": 22589.58, "direction": "sell", "amount": 0.3}, {"trade_seq": 454, "trade_id": "239755292", "timestamp": 1674262698372, "tick_direction": 3, "price": 0.0045, "mark_price": 0.004782, "iv": 73.32, "instrument_name": "BTC-31MAR23-42000-C", "index_price": 22589.35, "direction": "sell", "amount": 0.1}, {"trade_seq": 453, "trade_id": "239755291", "timestamp": 1674262698369, "tick_direction": 3, "price": 0.0045, "mark_price": 0.004782, "iv": 73.32, "instrument_name": "BTC-31MAR23-42000-C", "index_price": 22589.35, "direction": "sell", "amount": 0.1}, {"trade_seq": 452, "trade_id": "239755285", "timestamp": 1674262696737, "tick_direction": 3, "price": 0.0045, "mark_price": 0.0047859, "iv": 73.31, "instrument_name": "BTC-31MAR23-42000-C", "index_price": 22591.67, "direction": "sell", "amount": 0.1}, {"trade_seq": 451, "trade_id": "239754731", "timestamp": 1674261953872, "tick_direction": 3, "price": 0.0045, "mark_price": 0.00490483, "iv": 73.18, "instrument_name": "BTC-31MAR23-42000-C", "index_price": 22632.05, "direction": "sell", "amount": 0.1}, {"trade_seq": 450, "trade_id": "239754315", "timestamp": 1674261426180, "tick_direction": 3, "price": 0.0045, "mark_price": 0.0046926, "iv": 73.34, "instrument_name": "BTC-31MAR23-42000-C", "index_price": 22586.06, "direction": "sell", "amount": 0.1}, {"trade_seq": 449, "trade_id": "239753901", "timestamp": 1674260943400, "tick_direction": 3, "price": 0.0045, "mark_price": 0.00475033, "iv": 73.35, "instrument_name": "BTC-31MAR23-42000-C", "index_price": 22585.36, "direction": "sell", "amount": 0.1}, {"trade_seq": 448, "trade_id": "239753894", "timestamp": 1674260938292, "tick_direction": 3, "price": 0.0045, "mark_price": 0.0047559, "iv": 73.33, "instrument_name": "BTC-31MAR23-42000-C", "index_price": 22587.83, "direction": "sell", "amount": 0.1}, {"trade_seq": 447, "trade_id": "239753096", "timestamp": 1674260288462, "tick_direction": 3, "price": 0.0045, "mark_price": 0.00469438, "iv": 73.7, "instrument_name": "BTC-31MAR23-42000-C", "index_price": 22503.17, "direction": "sell", "amount": 0.2}, {"trade_seq": 446, "trade_id": "239753093", "timestamp": 1674260287866, "tick_direction": 3, "price": 0.0045, "mark_price": 0.00469295, "iv": 73.69, "instrument_name": "BTC-31MAR23-42000-C", "index_price": 22504.96, "direction": "sell", "amount": 0.1}, {"trade_seq": 445, "trade_id": "239753092", "timestamp": 1674260287864, "tick_direction": 3, "price": 0.0045, "mark_price": 0.00469295, "iv": 73.69, "instrument_name": "BTC-31MAR23-42000-C", "index_price": 22504.96, "direction": "sell", "amount": 0.1}, {"trade_seq": 444, "trade_id": "239753090", "timestamp": 1674260286883, "tick_direction": 3, "price": 0.0045, "mark_price": 0.00468881, "iv": 73.71, "instrument_name": "BTC-31MAR23-42000-C", "index_price": 22503.83, "direction": "sell", "amount": 0.1}, {"trade_seq": 443, "trade_id": "239753089", "timestamp": 1674260286874, "tick_direction": 3, "price": 0.0045, "mark_price": 0.00468881, "iv": 73.71, "instrument_name": "BTC-31MAR23-42000-C", "index_price": 22503.83, "direction": "sell", "amount": 0.1}, {"trade_seq": 442, "trade_id": "239753088", "timestamp": 1674260286247, "tick_direction": 3, "price": 0.0045, "mark_price": 0.00468994, "iv": 73.71, "instrument_name": "BTC-31MAR23-42000-C", "index_price": 22501.2, "direction": "sell", "amount": 0.1}, {"trade_seq": 441, "trade_id": "239753047", "timestamp": 1674260256234, "tick_direction": 3, "price": 0.0045, "mark_price": 0.00467434, "iv": 73.76, "instrument_name": "BTC-31MAR23-42000-C", "index_price": 22489.35, "direction": "sell", "amount": 0.1}, {"trade_seq": 440, "trade_id": "239752993", "timestamp": 1674260233940, "tick_direction": 3, "price": 0.0045, "mark_price": 0.00467523, "iv": 73.76, "instrument_name": "BTC-31MAR23-42000-C", "index_price": 22485.0, "direction": "sell", "amount": 0.1}, {"trade_seq": 439, "trade_id": "239752983", "timestamp": 1674260226863, "tick_direction": 3, "price": 0.0045, "mark_price": 0.00468321, "iv": 73.74, "instrument_name": "BTC-31MAR23-42000-C", "index_price": 22488.94, "direction": "sell", "amount": 0.1}, {"trade_seq": 438, "trade_id": "239752982", "timestamp": 1674260226854, "tick_direction": 3, "price": 0.0045, "mark_price": 0.00468321, "iv": 73.74, "instrument_name": "BTC-31MAR23-42000-C", "index_price": 22488.94, "direction": "sell", "amount": 0.1}, {"trade_seq": 437, "trade_id": "239752944", "timestamp": 1674260214129, "tick_direction": 3, "price": 0.0045, "mark_price": 0.0047001, "iv": 73.69, "instrument_name": "BTC-31MAR23-42000-C", "index_price": 22501.52, "direction": "sell", "amount": 0.1}, {"trade_seq": 436, "trade_id": "239752942", "timestamp": 1674260213367, "tick_direction": 3, "price": 0.0045, "mark_price": 0.00471433, "iv": 73.66, "instrument_name": "BTC-31MAR23-42000-C", "index_price": 22506.6, "direction": "sell", "amount": 0.1}, {"trade_seq": 435, "trade_id": "239752941", "timestamp": 1674260213284, "tick_direction": 3, "price": 0.0045, "mark_price": 0.00471433, "iv": 73.66, "instrument_name": "BTC-31MAR23-42000-C", "index_price": 22506.6, "direction": "sell", "amount": 0.1}, {"trade_seq": 434, "trade_id": "239752940", "timestamp": 1674260213271, "tick_direction": 3, "price": 0.0045, "mark_price": 0.00471433, "iv": 73.66, "instrument_name": "BTC-31MAR23-42000-C", "index_price": 22506.6, "direction": "sell", "amount": 0.1}, {"trade_seq": 433, "trade_id": "239752937", "timestamp": 1674260212520, "tick_direction": 3, "price": 0.0045, "mark_price": 0.004714, "iv": 73.66, "instrument_name": "BTC-31MAR23-42000-C", "index_price": 22511.02, "direction": "sell", "amount": 0.1}, {"trade_seq": 432, "trade_id": "239752936", "timestamp": 1674260212492, "tick_direction": 3, "price": 0.0045, "mark_price": 0.004714, "iv": 73.66, "instrument_name": "BTC-31MAR23-42000-C", "index_price": 22511.02, "direction": "sell", "amount": 0.4}, {"trade_seq": 431, "trade_id": "239752798", "timestamp": 1674260167344, "tick_direction": 3, "price": 0.0045, "mark_price": 0.00469643, "iv": 73.69, "instrument_name": "BTC-31MAR23-42000-C", "index_price": 22506.58, "direction": "sell", "amount": 0.1}, {"trade_seq": 430, "trade_id": "239752797", "timestamp": 1674260167109, "tick_direction": 3, "price": 0.0045, "mark_price": 0.00469643, "iv": 73.69, "instrument_name": "BTC-31MAR23-42000-C", "index_price": 22506.58, "direction": "sell", "amount": 0.1}, {"trade_seq": 429, "trade_id": "239752775", "timestamp": 1674260147143, "tick_direction": 3, "price": 0.0045, "mark_price": 0.00471304, "iv": 73.64, "instrument_name": "BTC-31MAR23-42000-C", "index_price": 22516.01, "direction": "sell", "amount": 0.1}, {"trade_seq": 428, "trade_id": "239752718", "timestamp": 1674260132260, "tick_direction": 3, "price": 0.0045, "mark_price": 0.00470685, "iv": 73.66, "instrument_name": "BTC-31MAR23-42000-C", "index_price": 22507.9, "direction": "sell", "amount": 0.1}, {"trade_seq": 427, "trade_id": "239752714", "timestamp": 1674260128885, "tick_direction": 2, "price": 0.0045, "mark_price": 0.00470695, "iv": 73.66, "instrument_name": "BTC-31MAR23-42000-C", "index_price": 22508.08, "direction": "sell", "amount": 0.1}, {"trade_seq": 426, "trade_id": "239749260", "timestamp": 1674259671895, "tick_direction": 0, "price": 0.005, "mark_price": 0.00512762, "iv": 74.04, "instrument_name": "BTC-31MAR23-42000-C", "index_price": 22732.51, "direction": "sell", "amount": 0.2}, {"trade_seq": 425, "trade_id": "239720141", "timestamp": 1674247797478, "tick_direction": 1, "price": 0.004, "mark_price": 0.00440372, "iv": 73.51, "instrument_name": "BTC-31MAR23-42000-C", "index_price": 22192.8, "direction": "sell", "amount": 0.1}, {"trade_seq": 424, "trade_id": "239720121", "timestamp": 1674247795630, "tick_direction": 1, "price": 0.004, "mark_price": 0.00439337, "iv": 73.53, "instrument_name": "BTC-31MAR23-42000-C", "index_price": 22187.99, "direction": "sell", "amount": 0.3}, {"trade_seq": 423, "trade_id": "239719675", "timestamp": 1674247658557, "tick_direction": 1, "price": 0.004, "mark_price": 0.00430182, "iv": 73.66, "instrument_name": "BTC-31MAR23-42000-C", "index_price": 22156.84, "direction": "sell", "amount": 0.1}, {"trade_seq": 422, "trade_id": "239719674", "timestamp": 1674247658465, "tick_direction": 1, "price": 0.004, "mark_price": 0.00430182, "iv": 73.66, "instrument_name": "BTC-31MAR23-42000-C", "index_price": 22156.84, "direction": "sell", "amount": 0.1}, {"trade_seq": 421, "trade_id": "239719669", "timestamp": 1674247656595, "tick_direction": 1, "price": 0.004, "mark_price": 0.00430725, "iv": 73.64, "instrument_name": "BTC-31MAR23-42000-C", "index_price": 22161.75, "direction": "sell", "amount": 0.1}, {"trade_seq": 420, "trade_id": "239719668", "timestamp": 1674247656067, "tick_direction": 1, "price": 0.004, "mark_price": 0.00430725, "iv": 73.63, "instrument_name": "BTC-31MAR23-42000-C", "index_price": 22165.87, "direction": "sell", "amount": 0.1}, {"trade_seq": 419, "trade_id": "239719665", "timestamp": 1674247654997, "tick_direction": 1, "price": 0.004, "mark_price": 0.00431283, "iv": 73.61, "instrument_name": "BTC-31MAR23-42000-C", "index_price": 22169.8, "direction": "sell", "amount": 0.5}, {"trade_seq": 418, "trade_id": "239719664", "timestamp": 1674247654797, "tick_direction": 1, "price": 0.004, "mark_price": 0.00431283, "iv": 73.61, "instrument_name": "BTC-31MAR23-42000-C", "index_price": 22169.8, "direction": "sell", "amount": 0.1}, {"trade_seq": 417, "trade_id": "239719662", "timestamp": 1674247654515, "tick_direction": 1, "price": 0.004, "mark_price": 0.00431491, "iv": 73.61, "instrument_name": "BTC-31MAR23-42000-C", "index_price": 22169.8, "direction": "sell", "amount": 0.1}, {"trade_seq": 416, "trade_id": "239719661", "timestamp": 1674247654385, "tick_direction": 0, "price": 0.004, "mark_price": 0.00431491, "iv": 73.6, "instrument_name": "BTC-31MAR23-42000-C", "index_price": 22169.8, "direction": "sell", "amount": 0.1}, {"trade_seq": 415, "trade_id": "239681454", "timestamp": 1674221061676, "tick_direction": 3, "price": 0.003, "mark_price": 0.00273389, "iv": 74.58, "instrument_name": "BTC-31MAR23-42000-C", "index_price": 21101.59, "direction": "buy", "amount": 5.0}, {"trade_seq": 414, "trade_id": "239681404", "timestamp": 1674221009627, "tick_direction": 3, "price": 0.003, "mark_price": 0.00274254, "iv": 74.56, "instrument_name": "BTC-31MAR23-42000-C", "index_price": 21106.09, "direction": "buy", "amount": 5.0}, {"trade_seq": 413, "trade_id": "239681403", "timestamp": 1674221005070, "tick_direction": 3, "price": 0.003, "mark_price": 0.00274196, "iv": 74.56, "instrument_name": "BTC-31MAR23-42000-C", "index_price": 21105.97, "direction": "buy", "amount": 0.4}, {"trade_seq": 412, "trade_id": "239681402", "timestamp": 1674221005070, "tick_direction": 3, "price": 0.003, "mark_price": 0.00274196, "iv": 74.56, "instrument_name": "BTC-31MAR23-42000-C", "index_price": 21105.97, "direction": "buy", "amount": 2.6}, {"trade_seq": 411, "trade_id": "239681401", "timestamp": 1674221005070, "tick_direction": 3, "price": 0.003, "mark_price": 0.00274196, "iv": 74.56, "instrument_name": "BTC-31MAR23-42000-C", "index_price": 21105.97, "direction": "buy", "amount": 2.0}, {"trade_seq": 410, "trade_id": "239606304", "timestamp": 1674121883777, "tick_direction": 3, "price": 0.003, "mark_price": 0.00348894, "iv": 75.25, "instrument_name": "BTC-31MAR23-42000-C", "index_price": 20796.16, "direction": "sell", "amount": 3.0}, {"trade_seq": 409, "trade_id": "239606303", "timestamp": 1674121883777, "tick_direction": 2, "price": 0.003, "mark_price": 0.00348894, "iv": 75.25, "instrument_name": "BTC-31MAR23-42000-C", "index_price": 20796.16, "direction": "sell", "amount": 3.2}, {"trade_seq": 408, "trade_id": "239584844", "timestamp": 1674077791134, "tick_direction": 3, "price": 0.004, "mark_price": 0.00349462, "iv": 78.37, "instrument_name": "BTC-31MAR23-42000-C", "index_price": 20791.54, "direction": "buy", "amount": 1.9}, {"trade_seq": 407, "trade_id": "239584843", "timestamp": 1674077791134, "tick_direction": 3, "price": 0.004, "mark_price": 0.00349462, "iv": 78.37, "instrument_name": "BTC-31MAR23-42000-C", "index_price": 20791.54, "direction": "buy", "amount": 2.3}, {"trade_seq": 406, "trade_id": "239584842", "timestamp": 1674077789810, "tick_direction": 3, "price": 0.004, "mark_price": 0.00349168, "iv": 78.38, "instrument_name": "BTC-31MAR23-42000-C", "index_price": 20789.81, "direction": "buy", "amount": 1.7}, {"trade_seq": 405, "trade_id": "239584841", "timestamp": 1674077789810, "tick_direction": 3, "price": 0.004, "mark_price": 0.00349168, "iv": 78.38, "instrument_name": "BTC-31MAR23-42000-C", "index_price": 20789.81, "direction": "buy", "amount": 2.0}, {"trade_seq": 404, "trade_id": "239584839", "timestamp": 1674077788114, "tick_direction": 3, "price": 0.004, "mark_price": 0.00349016, "iv": 78.38, "instrument_name": "BTC-31MAR23-42000-C", "index_price": 20789.76, "direction": "buy", "amount": 1.8}, {"trade_seq": 403, "trade_id": "239584838", "timestamp": 1674077788114, "tick_direction": 3, "price": 0.004, "mark_price": 0.00349016, "iv": 78.38, "instrument_name": "BTC-31MAR23-42000-C", "index_price": 20789.76, "direction": "buy", "amount": 3.7}, {"trade_seq": 402, "trade_id": "239584837", "timestamp": 1674077788114, "tick_direction": 2, "price": 0.004, "mark_price": 0.00349016, "iv": 78.38, "instrument_name": "BTC-31MAR23-42000-C", "index_price": 20789.76, "direction": "buy", "amount": 2.4}, {"trade_seq": 401, "trade_id": "239521300", "timestamp": 1674051751599, "tick_direction": 3, "price": 0.005, "mark_price": 0.00487314, "iv": 77.68, "instrument_name": "BTC-31MAR23-42000-C", "index_price": 21557.3, "direction": "buy", "amount": 3.2}, {"trade_seq": 400, "trade_id": "239480644", "timestamp": 1673989864609, "tick_direction": 3, "price": 0.005, "mark_price": 0.00547001, "iv": 78.29, "instrument_name": "BTC-31MAR23-42000-C", "index_price": 21322.15, "direction": "sell", "amount": 0.1}, {"trade_seq": 399, "trade_id": "239431303", "timestamp": 1673946104316, "tick_direction": 3, "price": 0.005, "mark_price": 0.00549432, "iv": 78.57, "instrument_name": "BTC-31MAR23-42000-C", "index_price": 21199.12, "direction": "sell", "amount": 1.9}, {"trade_seq": 398, "trade_id": "239431302", "timestamp": 1673946104316, "tick_direction": 3, "price": 0.005, "mark_price": 0.00549432, "iv": 78.57, "instrument_name": "BTC-31MAR23-42000-C", "index_price": 21199.12, "direction": "sell", "amount": 4.0}, {"trade_seq": 397, "trade_id": "239431301", "timestamp": 1673946104316, "tick_direction": 3, "price": 0.005, "mark_price": 0.00549432, "iv": 78.57, "instrument_name": "BTC-31MAR23-42000-C", "index_price": 21199.12, "direction": "sell", "amount": 10.5}, {"trade_seq": 396, "trade_id": "239431282", "timestamp": 1673946088436, "tick_direction": 3, "price": 0.005, "mark_price": 0.00549683, "iv": 78.57, "instrument_name": "BTC-31MAR23-42000-C", "index_price": 21196.99, "direction": "sell", "amount": 11.1}, {"trade_seq": 395, "trade_id": "239431281", "timestamp": 1673946088436, "tick_direction": 3, "price": 0.005, "mark_price": 0.00549683, "iv": 78.57, "instrument_name": "BTC-31MAR23-42000-C", "index_price": 21196.99, "direction": "sell", "amount": 28.5}, {"trade_seq": 394, "trade_id": "239431280", "timestamp": 1673946088436, "tick_direction": 3, "price": 0.005, "mark_price": 0.00549683, "iv": 78.57, "instrument_name": "BTC-31MAR23-42000-C", "index_price": 21196.99, "direction": "sell", "amount": 1.9}, {"trade_seq": 393, "trade_id": "239431279", "timestamp": 1673946088436, "tick_direction": 3, "price": 0.005, "mark_price": 0.00549683, "iv": 78.57, "instrument_name": "BTC-31MAR23-42000-C", "index_price": 21196.99, "direction": "sell", "amount": 10.0}, {"trade_seq": 392, "trade_id": "239431278", "timestamp": 1673946088436, "tick_direction": 2, "price": 0.005, "mark_price": 0.00549683, "iv": 78.57, "instrument_name": "BTC-31MAR23-42000-C", "index_price": 21196.99, "direction": "sell", "amount": 6.3}, {"trade_seq": 391, "trade_id": "239383724", "timestamp": 1673896324979, "tick_direction": 0, "price": 0.006, "mark_price": 0.00602076, "iv": 80.03, "instrument_name": "BTC-31MAR23-42000-C", "index_price": 21333.35, "direction": "buy", "amount": 1.0}, {"trade_seq": 390, "trade_id": "239376713", "timestamp": 1673890590472, "tick_direction": 3, "price": 0.0055, "mark_price": 0.00589447, "iv": 80.21, "instrument_name": "BTC-31MAR23-42000-C", "index_price": 21023.18, "direction": "sell", "amount": 6.5}, {"trade_seq": 389, "trade_id": "239376712", "timestamp": 1673890590472, "tick_direction": 3, "price": 0.0055, "mark_price": 0.00589447, "iv": 80.21, "instrument_name": "BTC-31MAR23-42000-C", "index_price": 21023.18, "direction": "sell", "amount": 2.5}, {"trade_seq": 388, "trade_id": "239353511", "timestamp": 1673875725349, "tick_direction": 2, "price": 0.0055, "mark_price": 0.005751, "iv": 80.97, "instrument_name": "BTC-31MAR23-42000-C", "index_price": 20842.58, "direction": "sell", "amount": 0.1}, {"trade_seq": 387, "trade_id": "239344947", "timestamp": 1673863021418, "tick_direction": 3, "price": 0.007, "mark_price": 0.00677604, "iv": 84.37, "instrument_name": "BTC-31MAR23-42000-C", "index_price": 20834.75, "direction": "buy", "amount": 0.1}, {"trade_seq": 386, "trade_id": "239344946", "timestamp": 1673863009018, "tick_direction": 3, "price": 0.007, "mark_price": 0.00677156, "iv": 84.37, "instrument_name": "BTC-31MAR23-42000-C", "index_price": 20833.81, "direction": "buy", "amount": 0.1}, {"trade_seq": 385, "trade_id": "239344886", "timestamp": 1673862791847, "tick_direction": 3, "price": 0.007, "mark_price": 0.00677007, "iv": 84.4, "instrument_name": "BTC-31MAR23-42000-C", "index_price": 20826.66, "direction": "buy", "amount": 0.1}, {"trade_seq": 384, "trade_id": "239344885", "timestamp": 1673862791350, "tick_direction": 2, "price": 0.007, "mark_price": 0.00677007, "iv": 84.4, "instrument_name": "BTC-31MAR23-42000-C", "index_price": 20826.66, "direction": "buy", "amount": 0.2}, {"trade_seq": 383, "trade_id": "239337986", "timestamp": 1673857026002, "tick_direction": 3, "price": 0.0075, "mark_price": 0.00794721, "iv": 85.44, "instrument_name": "BTC-31MAR23-42000-C", "index_price": 20819.34, "direction": "sell", "amount": 1.7}, {"trade_seq": 382, "trade_id": "239337975", "timestamp": 1673857023433, "tick_direction": 3, "price": 0.0075, "mark_price": 0.00793478, "iv": 85.46, "instrument_name": "BTC-31MAR23-42000-C", "index_price": 20814.16, "direction": "sell", "amount": 1.7}, {"trade_seq": 381, "trade_id": "239337974", "timestamp": 1673857023433, "tick_direction": 3, "price": 0.0075, "mark_price": 0.00793478, "iv": 85.46, "instrument_name": "BTC-31MAR23-42000-C", "index_price": 20814.16, "direction": "sell", "amount": 1.7}, {"trade_seq": 380, "trade_id": "239337973", "timestamp": 1673857023433, "tick_direction": 2, "price": 0.0075, "mark_price": 0.00793478, "iv": 85.46, "instrument_name": "BTC-31MAR23-42000-C", "index_price": 20814.16, "direction": "sell", "amount": 2.2}, {"trade_seq": 379, "trade_id": "239328248", "timestamp": 1673853492302, "tick_direction": 1, "price": 0.0085, "mark_price": 0.00852077, "iv": 85.93, "instrument_name": "BTC-31MAR23-42000-C", "index_price": 21132.71, "direction": "sell", "amount": 1.0}, {"trade_seq": 378, "trade_id": "239328247", "timestamp": 1673853492300, "tick_direction": 0, "price": 0.0085, "mark_price": 0.00852077, "iv": 85.93, "instrument_name": "BTC-31MAR23-42000-C", "index_price": 21132.71, "direction": "sell", "amount": 1.0}, {"trade_seq": 377, "trade_id": "239257010", "timestamp": 1673772786932, "tick_direction": 2, "price": 0.0065, "mark_price": 0.00691693, "iv": 83.46, "instrument_name": "BTC-31MAR23-42000-C", "index_price": 20635.79, "direction": "sell", "amount": 0.3}, {"trade_seq": 376, "trade_id": "239231022", "timestamp": 1673740283135, "tick_direction": 0, "price": 0.0075, "mark_price": 0.00690517, "iv": 83.81, "instrument_name": "BTC-31MAR23-42000-C", "index_price": 21023.54, "direction": "buy", "amount": 1.9}, {"trade_seq": 375, "trade_id": "239230503", "timestamp": 1673739551578, "tick_direction": 0, "price": 0.007, "mark_price": 0.00650244, "iv": 82.74, "instrument_name": "BTC-31MAR23-42000-C", "index_price": 21030.48, "direction": "buy", "amount": 0.1}, {"trade_seq": 374, "trade_id": "239204849", "timestamp": 1673710837924, "tick_direction": 0, "price": 0.0045, "mark_price": 0.0041015, "iv": 77.55, "instrument_name": "BTC-31MAR23-42000-C", "index_price": 20801.32, "direction": "buy", "amount": 1.0}, {"trade_seq": 373, "trade_id": "239187688", "timestamp": 1673705968704, "tick_direction": 1, "price": 0.004, "mark_price": 0.00340473, "iv": 75.74, "instrument_name": "BTC-31MAR23-42000-C", "index_price": 20888.47, "direction": "buy", "amount": 0.2}, {"trade_seq": 372, "trade_id": "239150759", "timestamp": 1673686004024, "tick_direction": 0, "price": 0.0035, "mark_price": 0.00304676, "iv": 73.52, "instrument_name": "BTC-31MAR23-42000-C", "index_price": 21008.23, "direction": "buy", "amount": 2.6}, {"trade_seq": 371, "trade_id": "239117819", "timestamp": 1673660124463, "tick_direction": 1, "price": 0.003, "mark_price": 0.00340963, "iv": 72.79, "instrument_name": "BTC-31MAR23-42000-C", "index_price": 20780.32, "direction": "sell", "amount": 2.6}, {"trade_seq": 370, "trade_id": "239117818", "timestamp": 1673660124005, "tick_direction": 1, "price": 0.003, "mark_price": 0.00340963, "iv": 72.79, "instrument_name": "BTC-31MAR23-42000-C", "index_price": 20780.32, "direction": "sell", "amount": 2.6}, {"trade_seq": 369, "trade_id": "239117817", "timestamp": 1673660123634, "tick_direction": 1, "price": 0.003, "mark_price": 0.00340382, "iv": 72.79, "instrument_name": "BTC-31MAR23-42000-C", "index_price": 20780.32, "direction": "sell", "amount": 2.6}, {"trade_seq": 368, "trade_id": "239117816", "timestamp": 1673660123433, "tick_direction": 0, "price": 0.003, "mark_price": 0.00340382, "iv": 72.84, "instrument_name": "BTC-31MAR23-42000-C", "index_price": 20775.33, "direction": "sell", "amount": 2.8}, {"trade_seq": 367, "trade_id": "238859832", "timestamp": 1673530268813, "tick_direction": 0, "price": 0.002, "mark_price": 0.00139299, "iv": 78.88, "instrument_name": "BTC-31MAR23-42000-C", "index_price": 18111.96, "direction": "sell", "amount": 0.1}, {"trade_seq": 366, "trade_id": "238748900", "timestamp": 1673407131462, "tick_direction": 3, "price": 0.0015, "mark_price": 0.00123025, "iv": 78.52, "instrument_name": "BTC-31MAR23-42000-C", "index_price": 17398.95, "direction": "buy", "amount": 1.0}, {"trade_seq": 365, "trade_id": "238747328", "timestamp": 1673400232033, "tick_direction": 3, "price": 0.0015, "mark_price": 0.00172517, "iv": 78.2, "instrument_name": "BTC-31MAR23-42000-C", "index_price": 17463.28, "direction": "sell", "amount": 5.9}, {"trade_seq": 364, "trade_id": "238744798", "timestamp": 1673395658840, "tick_direction": 3, "price": 0.0015, "mark_price": 0.00123341, "iv": 78.28, "instrument_name": "BTC-31MAR23-42000-C", "index_price": 17440.61, "direction": "sell", "amount": 3.0}, {"trade_seq": 363, "trade_id": "238744796", "timestamp": 1673395657433, "tick_direction": 3, "price": 0.0015, "mark_price": 0.00123255, "iv": 78.28, "instrument_name": "BTC-31MAR23-42000-C", "index_price": 17440.53, "direction": "buy", "amount": 4.2}, {"trade_seq": 362, "trade_id": "238744795", "timestamp": 1673395657433, "tick_direction": 3, "price": 0.0015, "mark_price": 0.00123255, "iv": 78.28, "instrument_name": "BTC-31MAR23-42000-C", "index_price": 17440.53, "direction": "buy", "amount": 1.9}, {"trade_seq": 361, "trade_id": "238688782", "timestamp": 1673262559146, "tick_direction": 3, "price": 0.0015, "mark_price": 0.00156415, "iv": 78.26, "instrument_name": "BTC-31MAR23-42000-C", "index_price": 17275.75, "direction": "sell", "amount": 3.0}, {"trade_seq": 360, "trade_id": "238678666", "timestamp": 1673237447938, "tick_direction": 3, "price": 0.0015, "mark_price": 0.00167888, "iv": 78.45, "instrument_name": "BTC-31MAR23-42000-C", "index_price": 17200.31, "direction": "sell", "amount": 6.1}, {"trade_seq": 359, "trade_id": "238678648", "timestamp": 1673237427786, "tick_direction": 3, "price": 0.0015, "mark_price": 0.00168067, "iv": 78.42, "instrument_name": "BTC-31MAR23-42000-C", "index_price": 17205.22, "direction": "sell", "amount": 8.9}, {"trade_seq": 358, "trade_id": "238678302", "timestamp": 1673235823184, "tick_direction": 3, "price": 0.0015, "mark_price": 0.00171838, "iv": 78.42, "instrument_name": "BTC-31MAR23-42000-C", "index_price": 17208.86, "direction": "sell", "amount": 8.9}, {"trade_seq": 357, "trade_id": "238675014", "timestamp": 1673228884979, "tick_direction": 2, "price": 0.0015, "mark_price": 0.00124611, "iv": 78.48, "instrument_name": "BTC-31MAR23-42000-C", "index_price": 17183.21, "direction": "buy", "amount": 3.0}, {"trade_seq": 356, "trade_id": "238652961", "timestamp": 1673151956751, "tick_direction": 0, "price": 0.002, "mark_price": 0.00146285, "iv": 82.0, "instrument_name": "BTC-31MAR23-42000-C", "index_price": 16938.34, "direction": "buy", "amount": 0.5}, {"trade_seq": 355, "trade_id": "238652648", "timestamp": 1673144690171, "tick_direction": 3, "price": 0.0015, "mark_price": 0.00173636, "iv": 79.13, "instrument_name": "BTC-31MAR23-42000-C", "index_price": 16927.91, "direction": "sell", "amount": 3.4}, {"trade_seq": 354, "trade_id": "238652647", "timestamp": 1673144690171, "tick_direction": 3, "price": 0.0015, "mark_price": 0.00173636, "iv": 79.13, "instrument_name": "BTC-31MAR23-42000-C", "index_price": 16927.91, "direction": "sell", "amount": 0.9}, {"trade_seq": 353, "trade_id": "238649960", "timestamp": 1673113184931, "tick_direction": 2, "price": 0.0015, "mark_price": 0.00174185, "iv": 78.94, "instrument_name": "BTC-31MAR23-42000-C", "index_price": 16929.38, "direction": "sell", "amount": 0.1}, {"trade_seq": 352, "trade_id": "238483589", "timestamp": 1672643373170, "tick_direction": 1, "price": 0.0025, "mark_price": 0.00197468, "iv": 83.03, "instrument_name": "BTC-31MAR23-42000-C", "index_price": 16638.52, "direction": "sell", "amount": 8.9}, {"trade_seq": 351, "trade_id": "238483588", "timestamp": 1672643373168, "tick_direction": 1, "price": 0.0025, "mark_price": 0.00197468, "iv": 83.03, "instrument_name": "BTC-31MAR23-42000-C", "index_price": 16638.52, "direction": "buy", "amount": 12.1}, {"trade_seq": 350, "trade_id": "238483587", "timestamp": 1672643373168, "tick_direction": 1, "price": 0.0025, "mark_price": 0.00197468, "iv": 83.03, "instrument_name": "BTC-31MAR23-42000-C", "index_price": 16638.52, "direction": "buy", "amount": 1.0}, {"trade_seq": 349, "trade_id": "238483586", "timestamp": 1672643373168, "tick_direction": 1, "price": 0.0025, "mark_price": 0.00197468, "iv": 83.03, "instrument_name": "BTC-31MAR23-42000-C", "index_price": 16638.52, "direction": "buy", "amount": 2.0}, {"trade_seq": 348, "trade_id": "238483585", "timestamp": 1672643373168, "tick_direction": 0, "price": 0.0025, "mark_price": 0.00197468, "iv": 83.03, "instrument_name": "BTC-31MAR23-42000-C", "index_price": 16638.52, "direction": "buy", "amount": 2.3}, {"trade_seq": 347, "trade_id": "238483576", "timestamp": 1672643344992, "tick_direction": 1, "price": 0.002, "mark_price": 0.00196042, "iv": 80.67, "instrument_name": "BTC-31MAR23-42000-C", "index_price": 16638.71, "direction": "sell", "amount": 4.8}, {"trade_seq": 346, "trade_id": "238483575", "timestamp": 1672643344964, "tick_direction": 1, "price": 0.002, "mark_price": 0.00196042, "iv": 80.67, "instrument_name": "BTC-31MAR23-42000-C", "index_price": 16638.71, "direction": "sell", "amount": 3.9}, {"trade_seq": 345, "trade_id": "238479533", "timestamp": 1672628894691, "tick_direction": 1, "price": 0.002, "mark_price": 0.00195783, "iv": 80.86, "instrument_name": "BTC-31MAR23-42000-C", "index_price": 16585.91, "direction": "sell", "amount": 1.0}, {"trade_seq": 344, "trade_id": "238477376", "timestamp": 1672616491063, "tick_direction": 0, "price": 0.002, "mark_price": 0.00221539, "iv": 80.69, "instrument_name": "BTC-31MAR23-42000-C", "index_price": 16606.59, "direction": "sell", "amount": 9.2}, {"trade_seq": 343, "trade_id": "238468844", "timestamp": 1672568038907, "tick_direction": 2, "price": 0.0015, "mark_price": 0.0018, "iv": 78.03, "instrument_name": "BTC-31MAR23-42000-C", "index_price": 16531.05, "direction": "sell", "amount": 0.1}, {"trade_seq": 342, "trade_id": "238417144", "timestamp": 1672390011771, "tick_direction": 2, "price": 0.0025, "mark_price": 0.00297871, "iv": 82.61, "instrument_name": "BTC-31MAR23-42000-C", "index_price": 16486.21, "direction": "sell", "amount": 0.1}, {"trade_seq": 341, "trade_id": "238400238", "timestamp": 1672371882076, "tick_direction": 3, "price": 0.0035, "mark_price": 0.00325488, "iv": 85.89, "instrument_name": "BTC-31MAR23-42000-C", "index_price": 16594.25, "direction": "buy", "amount": 2.7}, {"trade_seq": 340, "trade_id": "238400237", "timestamp": 1672371882076, "tick_direction": 2, "price": 0.0035, "mark_price": 0.00325488, "iv": 85.89, "instrument_name": "BTC-31MAR23-42000-C", "index_price": 16594.25, "direction": "buy", "amount": 0.2}, {"trade_seq": 339, "trade_id": "238272264", "timestamp": 1672022152170, "tick_direction": 3, "price": 0.004, "mark_price": 0.00398889, "iv": 84.43, "instrument_name": "BTC-31MAR23-42000-C", "index_price": 16890.69, "direction": "sell", "amount": 2.2}, {"trade_seq": 338, "trade_id": "238227385", "timestamp": 1671802895633, "tick_direction": 3, "price": 0.004, "mark_price": 0.00435038, "iv": 83.33, "instrument_name": "BTC-31MAR23-42000-C", "index_price": 16880.69, "direction": "buy", "amount": 0.6}, {"trade_seq": 337, "trade_id": "238227384", "timestamp": 1671802895624, "tick_direction": 3, "price": 0.004, "mark_price": 0.00435038, "iv": 83.33, "instrument_name": "BTC-31MAR23-42000-C", "index_price": 16880.69, "direction": "sell", "amount": 2.4}, {"trade_seq": 336, "trade_id": "238217758", "timestamp": 1671788506149, "tick_direction": 3, "price": 0.004, "mark_price": 0.00449049, "iv": 83.44, "instrument_name": "BTC-31MAR23-42000-C", "index_price": 16837.05, "direction": "sell", "amount": 0.2}, {"trade_seq": 335, "trade_id": "238217757", "timestamp": 1671788506149, "tick_direction": 2, "price": 0.004, "mark_price": 0.00449049, "iv": 83.44, "instrument_name": "BTC-31MAR23-42000-C", "index_price": 16837.05, "direction": "sell", "amount": 0.1}, {"trade_seq": 334, "trade_id": "238014629", "timestamp": 1671440995223, "tick_direction": 2, "price": 0.0045, "mark_price": 0.00474012, "iv": 83.53, "instrument_name": "BTC-31MAR23-42000-C", "index_price": 16749.3, "direction": "sell", "amount": 5.0}, {"trade_seq": 333, "trade_id": "237923615", "timestamp": 1671222663300, "tick_direction": 3, "price": 0.0055, "mark_price": 0.00586216, "iv": 84.18, "instrument_name": "BTC-31MAR23-42000-C", "index_price": 16929.64, "direction": "sell", "amount": 0.1}, {"trade_seq": 332, "trade_id": "237923611", "timestamp": 1671222659255, "tick_direction": 3, "price": 0.0055, "mark_price": 0.00586153, "iv": 84.18, "instrument_name": "BTC-31MAR23-42000-C", "index_price": 16929.63, "direction": "sell", "amount": 0.1}, {"trade_seq": 331, "trade_id": "237923584", "timestamp": 1671222643340, "tick_direction": 3, "price": 0.0055, "mark_price": 0.00585652, "iv": 84.18, "instrument_name": "BTC-31MAR23-42000-C", "index_price": 16929.26, "direction": "sell", "amount": 0.1}, {"trade_seq": 330, "trade_id": "237922999", "timestamp": 1671222379528, "tick_direction": 3, "price": 0.0055, "mark_price": 0.0058035, "iv": 84.15, "instrument_name": "BTC-31MAR23-42000-C", "index_price": 16938.69, "direction": "sell", "amount": 0.1}, {"trade_seq": 329, "trade_id": "237922678", "timestamp": 1671222320713, "tick_direction": 3, "price": 0.0055, "mark_price": 0.00573407, "iv": 84.23, "instrument_name": "BTC-31MAR23-42000-C", "index_price": 16917.19, "direction": "sell", "amount": 0.1}, {"trade_seq": 328, "trade_id": "237922618", "timestamp": 1671222318014, "tick_direction": 3, "price": 0.0055, "mark_price": 0.00572548, "iv": 84.24, "instrument_name": "BTC-31MAR23-42000-C", "index_price": 16916.33, "direction": "sell", "amount": 0.1}, {"trade_seq": 327, "trade_id": "237922307", "timestamp": 1671222215973, "tick_direction": 3, "price": 0.0055, "mark_price": 0.00561582, "iv": 84.35, "instrument_name": "BTC-31MAR23-42000-C", "index_price": 16890.51, "direction": "sell", "amount": 0.1}, {"trade_seq": 326, "trade_id": "237867448", "timestamp": 1671182115755, "tick_direction": 3, "price": 0.0055, "mark_price": 0.00545684, "iv": 83.72, "instrument_name": "BTC-31MAR23-42000-C", "index_price": 16977.36, "direction": "buy", "amount": 1.0}, {"trade_seq": 325, "trade_id": "237865858", "timestamp": 1671181799256, "tick_direction": 3, "price": 0.0055, "mark_price": 0.00568779, "iv": 83.33, "instrument_name": "BTC-31MAR23-42000-C", "index_price": 17070.53, "direction": "buy", "amount": 1.0}, {"trade_seq": 324, "trade_id": "237865660", "timestamp": 1671181762805, "tick_direction": 3, "price": 0.0055, "mark_price": 0.00564942, "iv": 83.43, "instrument_name": "BTC-31MAR23-42000-C", "index_price": 17048.47, "direction": "buy", "amount": 1.0}, {"trade_seq": 323, "trade_id": "237842473", "timestamp": 1671167088814, "tick_direction": 3, "price": 0.0055, "mark_price": 0.00584161, "iv": 81.82, "instrument_name": "BTC-31MAR23-42000-C", "index_price": 17391.99, "direction": "sell", "amount": 1.0}, {"trade_seq": 322, "trade_id": "237841101", "timestamp": 1671161348847, "tick_direction": 3, "price": 0.0055, "mark_price": 0.00591383, "iv": 81.76, "instrument_name": "BTC-31MAR23-42000-C", "index_price": 17404.85, "direction": "sell", "amount": 0.1}, {"trade_seq": 321, "trade_id": "237841098", "timestamp": 1671161289902, "tick_direction": 3, "price": 0.0055, "mark_price": 0.0059175, "iv": 81.77, "instrument_name": "BTC-31MAR23-42000-C", "index_price": 17405.26, "direction": "sell", "amount": 0.1}, {"trade_seq": 320, "trade_id": "237841097", "timestamp": 1671161279757, "tick_direction": 3, "price": 0.0055, "mark_price": 0.00591905, "iv": 81.77, "instrument_name": "BTC-31MAR23-42000-C", "index_price": 17405.86, "direction": "sell", "amount": 0.1}, {"trade_seq": 319, "trade_id": "237841096", "timestamp": 1671161273650, "tick_direction": 3, "price": 0.0055, "mark_price": 0.00591944, "iv": 81.77, "instrument_name": "BTC-31MAR23-42000-C", "index_price": 17405.78, "direction": "sell", "amount": 0.1}, {"trade_seq": 318, "trade_id": "237841095", "timestamp": 1671161269584, "tick_direction": 3, "price": 0.0055, "mark_price": 0.00592014, "iv": 81.77, "instrument_name": "BTC-31MAR23-42000-C", "index_price": 17405.97, "direction": "sell", "amount": 0.1}, {"trade_seq": 317, "trade_id": "237841063", "timestamp": 1671161165386, "tick_direction": 3, "price": 0.0055, "mark_price": 0.00593824, "iv": 81.73, "instrument_name": "BTC-31MAR23-42000-C", "index_price": 17413.85, "direction": "sell", "amount": 0.1}, {"trade_seq": 316, "trade_id": "237841019", "timestamp": 1671160769209, "tick_direction": 3, "price": 0.0055, "mark_price": 0.00594572, "iv": 81.73, "instrument_name": "BTC-31MAR23-42000-C", "index_price": 17412.65, "direction": "sell", "amount": 0.1}, {"trade_seq": 315, "trade_id": "237841018", "timestamp": 1671160765148, "tick_direction": 3, "price": 0.0055, "mark_price": 0.00594535, "iv": 81.74, "instrument_name": "BTC-31MAR23-42000-C", "index_price": 17412.31, "direction": "sell", "amount": 0.1}, {"trade_seq": 314, "trade_id": "237838086", "timestamp": 1671155379463, "tick_direction": 3, "price": 0.0055, "mark_price": 0.00597936, "iv": 81.77, "instrument_name": "BTC-31MAR23-42000-C", "index_price": 17389.14, "direction": "sell", "amount": 0.1}, {"trade_seq": 313, "trade_id": "237838085", "timestamp": 1671155369278, "tick_direction": 3, "price": 0.0055, "mark_price": 0.0059786, "iv": 81.77, "instrument_name": "BTC-31MAR23-42000-C", "index_price": 17388.91, "direction": "sell", "amount": 0.1}, {"trade_seq": 312, "trade_id": "237838084", "timestamp": 1671155359117, "tick_direction": 3, "price": 0.0055, "mark_price": 0.00597594, "iv": 81.78, "instrument_name": "BTC-31MAR23-42000-C", "index_price": 17388.45, "direction": "sell", "amount": 0.1}, {"trade_seq": 311, "trade_id": "237838083", "timestamp": 1671155344950, "tick_direction": 3, "price": 0.0055, "mark_price": 0.00597816, "iv": 81.77, "instrument_name": "BTC-31MAR23-42000-C", "index_price": 17390.02, "direction": "sell", "amount": 0.1}, {"trade_seq": 310, "trade_id": "237838082", "timestamp": 1671155344941, "tick_direction": 3, "price": 0.0055, "mark_price": 0.00597816, "iv": 81.77, "instrument_name": "BTC-31MAR23-42000-C", "index_price": 17390.02, "direction": "sell", "amount": 0.1}, {"trade_seq": 309, "trade_id": "237838081", "timestamp": 1671155344930, "tick_direction": 3, "price": 0.0055, "mark_price": 0.00597816, "iv": 81.77, "instrument_name": "BTC-31MAR23-42000-C", "index_price": 17390.02, "direction": "sell", "amount": 0.2}, {"trade_seq": 308, "trade_id": "237838080", "timestamp": 1671155344918, "tick_direction": 3, "price": 0.0055, "mark_price": 0.00597816, "iv": 81.77, "instrument_name": "BTC-31MAR23-42000-C", "index_price": 17390.02, "direction": "sell", "amount": 0.4}, {"trade_seq": 307, "trade_id": "237838079", "timestamp": 1671155344894, "tick_direction": 2, "price": 0.0055, "mark_price": 0.00597816, "iv": 81.77, "instrument_name": "BTC-31MAR23-42000-C", "index_price": 17390.02, "direction": "sell", "amount": 0.7}, {"trade_seq": 306, "trade_id": "237723994", "timestamp": 1671041635659, "tick_direction": 3, "price": 0.0065, "mark_price": 0.00615708, "iv": 80.16, "instrument_name": "BTC-31MAR23-42000-C", "index_price": 18174.36, "direction": "sell", "amount": 3.3}, {"trade_seq": 305, "trade_id": "237723993", "timestamp": 1671041635657, "tick_direction": 3, "price": 0.0065, "mark_price": 0.00615708, "iv": 80.16, "instrument_name": "BTC-31MAR23-42000-C", "index_price": 18174.36, "direction": "sell", "amount": 5.5}, {"trade_seq": 304, "trade_id": "237723992", "timestamp": 1671041635362, "tick_direction": 3, "price": 0.0065, "mark_price": 0.00615561, "iv": 80.16, "instrument_name": "BTC-31MAR23-42000-C", "index_price": 18174.36, "direction": "sell", "amount": 5.6}, {"trade_seq": 303, "trade_id": "237723991", "timestamp": 1671041635124, "tick_direction": 3, "price": 0.0065, "mark_price": 0.00615561, "iv": 80.16, "instrument_name": "BTC-31MAR23-42000-C", "index_price": 18174.09, "direction": "buy", "amount": 2.5}, {"trade_seq": 302, "trade_id": "237723990", "timestamp": 1671041635124, "tick_direction": 2, "price": 0.0065, "mark_price": 0.00615561, "iv": 80.16, "instrument_name": "BTC-31MAR23-42000-C", "index_price": 18174.09, "direction": "buy", "amount": 5.4}, {"trade_seq": 301, "trade_id": "237624758", "timestamp": 1670928338025, "tick_direction": 3, "price": 0.007, "mark_price": 0.00675865, "iv": 83.93, "instrument_name": "BTC-31MAR23-42000-C", "index_price": 17431.59, "direction": "buy", "amount": 3.0}, {"trade_seq": 300, "trade_id": "237600385", "timestamp": 1670895448887, "tick_direction": 3, "price": 0.007, "mark_price": 0.00684474, "iv": 84.9, "instrument_name": "BTC-31MAR23-42000-C", "index_price": 17165.2, "direction": "buy", "amount": 3.0}, {"trade_seq": 299, "trade_id": "237600384", "timestamp": 1670895439862, "tick_direction": 3, "price": 0.007, "mark_price": 0.00684195, "iv": 84.9, "instrument_name": "BTC-31MAR23-42000-C", "index_price": 17165.13, "direction": "buy", "amount": 3.0}, {"trade_seq": 298, "trade_id": "237600381", "timestamp": 1670895424285, "tick_direction": 3, "price": 0.007, "mark_price": 0.00683755, "iv": 84.9, "instrument_name": "BTC-31MAR23-42000-C", "index_price": 17165.0, "direction": "buy", "amount": 2.0}, {"trade_seq": 297, "trade_id": "237600379", "timestamp": 1670895418573, "tick_direction": 3, "price": 0.007, "mark_price": 0.00683619, "iv": 84.9, "instrument_name": "BTC-31MAR23-42000-C", "index_price": 17164.97, "direction": "buy", "amount": 2.0}, {"trade_seq": 296, "trade_id": "237600377", "timestamp": 1670895407095, "tick_direction": 3, "price": 0.007, "mark_price": 0.00683295, "iv": 84.9, "instrument_name": "BTC-31MAR23-42000-C", "index_price": 17164.75, "direction": "buy", "amount": 3.0}, {"trade_seq": 295, "trade_id": "237600275", "timestamp": 1670894771013, "tick_direction": 3, "price": 0.007, "mark_price": 0.00698867, "iv": 84.95, "instrument_name": "BTC-31MAR23-42000-C", "index_price": 17151.99, "direction": "buy", "amount": 3.0}, {"trade_seq": 294, "trade_id": "237595054", "timestamp": 1670883843332, "tick_direction": 3, "price": 0.007, "mark_price": 0.0072298, "iv": 84.83, "instrument_name": "BTC-31MAR23-42000-C", "index_price": 17164.35, "direction": "sell", "amount": 7.2}, {"trade_seq": 293, "trade_id": "237591263", "timestamp": 1670879056196, "tick_direction": 3, "price": 0.007, "mark_price": 0.00720531, "iv": 84.84, "instrument_name": "BTC-31MAR23-42000-C", "index_price": 17168.44, "direction": "sell", "amount": 0.1}, {"trade_seq": 292, "trade_id": "237591262", "timestamp": 1670879056183, "tick_direction": 3, "price": 0.007, "mark_price": 0.00720531, "iv": 84.84, "instrument_name": "BTC-31MAR23-42000-C", "index_price": 17168.44, "direction": "sell", "amount": 0.1}, {"trade_seq": 291, "trade_id": "237570657", "timestamp": 1670829278831, "tick_direction": 2, "price": 0.007, "mark_price": 0.0074801, "iv": 85.63, "instrument_name": "BTC-31MAR23-42000-C", "index_price": 16932.37, "direction": "sell", "amount": 0.1}, {"trade_seq": 290, "trade_id": "237550802", "timestamp": 1670784654990, "tick_direction": 0, "price": 0.008, "mark_price": 0.00774664, "iv": 86.24, "instrument_name": "BTC-31MAR23-42000-C", "index_price": 17176.5, "direction": "buy", "amount": 2.0}, {"trade_seq": 289, "trade_id": "237550050", "timestamp": 1670777554729, "tick_direction": 0, "price": 0.0075, "mark_price": 0.00775318, "iv": 85.33, "instrument_name": "BTC-31MAR23-42000-C", "index_price": 17166.75, "direction": "sell", "amount": 5.0}, {"trade_seq": 288, "trade_id": "237518281", "timestamp": 1670611448864, "tick_direction": 1, "price": 0.007, "mark_price": 0.00680695, "iv": 83.7, "instrument_name": "BTC-31MAR23-42000-C", "index_price": 17145.58, "direction": "buy", "amount": 0.2}, {"trade_seq": 287, "trade_id": "237518276", "timestamp": 1670611422486, "tick_direction": 1, "price": 0.007, "mark_price": 0.00679837, "iv": 83.7, "instrument_name": "BTC-31MAR23-42000-C", "index_price": 17145.25, "direction": "buy", "amount": 0.2}, {"trade_seq": 286, "trade_id": "237518272", "timestamp": 1670611418922, "tick_direction": 1, "price": 0.007, "mark_price": 0.00679775, "iv": 83.7, "instrument_name": "BTC-31MAR23-42000-C", "index_price": 17145.37, "direction": "buy", "amount": 0.3}, {"trade_seq": 285, "trade_id": "237518268", "timestamp": 1670611406260, "tick_direction": 1, "price": 0.007, "mark_price": 0.0067943, "iv": 83.7, "instrument_name": "BTC-31MAR23-42000-C", "index_price": 17144.83, "direction": "buy", "amount": 0.4}, {"trade_seq": 284, "trade_id": "237518267", "timestamp": 1670611387987, "tick_direction": 1, "price": 0.007, "mark_price": 0.0067913, "iv": 83.7, "instrument_name": "BTC-31MAR23-42000-C", "index_price": 17144.78, "direction": "buy", "amount": 0.6}, {"trade_seq": 283, "trade_id": "237517905", "timestamp": 1670609798757, "tick_direction": 1, "price": 0.007, "mark_price": 0.00674278, "iv": 83.74, "instrument_name": "BTC-31MAR23-42000-C", "index_price": 17131.79, "direction": "buy", "amount": 0.1}, {"trade_seq": 282, "trade_id": "237517902", "timestamp": 1670609798744, "tick_direction": 1, "price": 0.007, "mark_price": 0.00674278, "iv": 83.74, "instrument_name": "BTC-31MAR23-42000-C", "index_price": 17131.79, "direction": "buy", "amount": 0.1}, {"trade_seq": 281, "trade_id": "237517561", "timestamp": 1670608935956, "tick_direction": 1, "price": 0.007, "mark_price": 0.00672613, "iv": 83.66, "instrument_name": "BTC-31MAR23-42000-C", "index_price": 17149.87, "direction": "buy", "amount": 0.1}, {"trade_seq": 280, "trade_id": "237517560", "timestamp": 1670608931263, "tick_direction": 1, "price": 0.007, "mark_price": 0.00672635, "iv": 83.66, "instrument_name": "BTC-31MAR23-42000-C", "index_price": 17150.31, "direction": "buy", "amount": 0.1}, {"trade_seq": 279, "trade_id": "237517559", "timestamp": 1670608930896, "tick_direction": 1, "price": 0.007, "mark_price": 0.00672635, "iv": 83.66, "instrument_name": "BTC-31MAR23-42000-C", "index_price": 17150.31, "direction": "buy", "amount": 0.1}, {"trade_seq": 278, "trade_id": "237517557", "timestamp": 1670608929854, "tick_direction": 1, "price": 0.007, "mark_price": 0.00672689, "iv": 83.66, "instrument_name": "BTC-31MAR23-42000-C", "index_price": 17150.59, "direction": "buy", "amount": 0.1}, {"trade_seq": 277, "trade_id": "237517556", "timestamp": 1670608927019, "tick_direction": 1, "price": 0.007, "mark_price": 0.00672695, "iv": 83.66, "instrument_name": "BTC-31MAR23-42000-C", "index_price": 17150.7, "direction": "buy", "amount": 0.2}, {"trade_seq": 276, "trade_id": "237517555", "timestamp": 1670608925799, "tick_direction": 1, "price": 0.007, "mark_price": 0.00672613, "iv": 83.66, "instrument_name": "BTC-31MAR23-42000-C", "index_price": 17150.34, "direction": "buy", "amount": 0.1}, {"trade_seq": 275, "trade_id": "237517552", "timestamp": 1670608925084, "tick_direction": 1, "price": 0.007, "mark_price": 0.00672457, "iv": 83.66, "instrument_name": "BTC-31MAR23-42000-C", "index_price": 17149.65, "direction": "buy", "amount": 0.4}, {"trade_seq": 274, "trade_id": "237517550", "timestamp": 1670608921750, "tick_direction": 1, "price": 0.007, "mark_price": 0.00672185, "iv": 83.67, "instrument_name": "BTC-31MAR23-42000-C", "index_price": 17148.64, "direction": "buy", "amount": 0.1}, {"trade_seq": 273, "trade_id": "237517546", "timestamp": 1670608913618, "tick_direction": 1, "price": 0.007, "mark_price": 0.00672034, "iv": 83.67, "instrument_name": "BTC-31MAR23-42000-C", "index_price": 17149.42, "direction": "buy", "amount": 0.5}, {"trade_seq": 272, "trade_id": "237517455", "timestamp": 1670608887211, "tick_direction": 1, "price": 0.007, "mark_price": 0.00674337, "iv": 83.63, "instrument_name": "BTC-31MAR23-42000-C", "index_price": 17160.32, "direction": "buy", "amount": 0.1}, {"trade_seq": 271, "trade_id": "237517424", "timestamp": 1670608838499, "tick_direction": 1, "price": 0.007, "mark_price": 0.00674383, "iv": 83.62, "instrument_name": "BTC-31MAR23-42000-C", "index_price": 17161.67, "direction": "buy", "amount": 0.1}, {"trade_seq": 270, "trade_id": "237517397", "timestamp": 1670608611997, "tick_direction": 1, "price": 0.007, "mark_price": 0.0067515, "iv": 83.61, "instrument_name": "BTC-31MAR23-42000-C", "index_price": 17164.46, "direction": "buy", "amount": 0.1}, {"trade_seq": 269, "trade_id": "237517283", "timestamp": 1670607260919, "tick_direction": 1, "price": 0.007, "mark_price": 0.00674786, "iv": 83.63, "instrument_name": "BTC-31MAR23-42000-C", "index_price": 17161.31, "direction": "buy", "amount": 0.1}, {"trade_seq": 268, "trade_id": "237517272", "timestamp": 1670607260640, "tick_direction": 1, "price": 0.007, "mark_price": 0.00674786, "iv": 83.63, "instrument_name": "BTC-31MAR23-42000-C", "index_price": 17161.31, "direction": "buy", "amount": 0.1}, {"trade_seq": 267, "trade_id": "237517265", "timestamp": 1670607259472, "tick_direction": 1, "price": 0.007, "mark_price": 0.00674786, "iv": 83.63, "instrument_name": "BTC-31MAR23-42000-C", "index_price": 17159.69, "direction": "buy", "amount": 0.1}, {"trade_seq": 266, "trade_id": "237517258", "timestamp": 1670607255968, "tick_direction": 1, "price": 0.007, "mark_price": 0.00674716, "iv": 83.63, "instrument_name": "BTC-31MAR23-42000-C", "index_price": 17159.11, "direction": "buy", "amount": 0.2}, {"trade_seq": 265, "trade_id": "237517249", "timestamp": 1670607253147, "tick_direction": 1, "price": 0.007, "mark_price": 0.00674652, "iv": 83.63, "instrument_name": "BTC-31MAR23-42000-C", "index_price": 17158.99, "direction": "buy", "amount": 0.4}, {"trade_seq": 264, "trade_id": "237517233", "timestamp": 1670607176112, "tick_direction": 1, "price": 0.007, "mark_price": 0.00673928, "iv": 83.65, "instrument_name": "BTC-31MAR23-42000-C", "index_price": 17156.52, "direction": "buy", "amount": 0.1}, {"trade_seq": 263, "trade_id": "237517230", "timestamp": 1670607163790, "tick_direction": 0, "price": 0.007, "mark_price": 0.00674028, "iv": 83.65, "instrument_name": "BTC-31MAR23-42000-C", "index_price": 17156.74, "direction": "buy", "amount": 0.1}, {"trade_seq": 262, "trade_id": "237510786", "timestamp": 1670592951377, "tick_direction": 3, "price": 0.0065, "mark_price": 0.00662402, "iv": 82.64, "instrument_name": "BTC-31MAR23-42000-C", "index_price": 17136.22, "direction": "sell", "amount": 2.0}, {"trade_seq": 261, "trade_id": "237443949", "timestamp": 1670497175060, "tick_direction": 3, "price": 0.0065, "mark_price": 0.00675368, "iv": 83.49, "instrument_name": "BTC-31MAR23-42000-C", "index_price": 16823.8, "direction": "sell", "amount": 1.7}, {"trade_seq": 260, "trade_id": "237443948", "timestamp": 1670497174996, "tick_direction": 3, "price": 0.0065, "mark_price": 0.00675368, "iv": 83.49, "instrument_name": "BTC-31MAR23-42000-C", "index_price": 16823.8, "direction": "sell", "amount": 3.0}, {"trade_seq": 259, "trade_id": "237436196", "timestamp": 1670473662160, "tick_direction": 3, "price": 0.0065, "mark_price": 0.00672626, "iv": 83.44, "instrument_name": "BTC-31MAR23-42000-C", "index_price": 16817.16, "direction": "sell", "amount": 2.0}, {"trade_seq": 258, "trade_id": "237432453", "timestamp": 1670463324449, "tick_direction": 2, "price": 0.0065, "mark_price": 0.00658524, "iv": 83.5, "instrument_name": "BTC-31MAR23-42000-C", "index_price": 16802.02, "direction": "buy", "amount": 1.0}, {"trade_seq": 257, "trade_id": "237431938", "timestamp": 1670462709166, "tick_direction": 3, "price": 0.007, "mark_price": 0.00668949, "iv": 84.33, "instrument_name": "BTC-31MAR23-42000-C", "index_price": 16837.66, "direction": "buy", "amount": 1.0}, {"trade_seq": 256, "trade_id": "237431937", "timestamp": 1670462709166, "tick_direction": 3, "price": 0.007, "mark_price": 0.00668949, "iv": 84.33, "instrument_name": "BTC-31MAR23-42000-C", "index_price": 16837.66, "direction": "buy", "amount": 1.0}, {"trade_seq": 255, "trade_id": "237431936", "timestamp": 1670462709166, "tick_direction": 2, "price": 0.007, "mark_price": 0.00668949, "iv": 84.33, "instrument_name": "BTC-31MAR23-42000-C", "index_price": 16837.66, "direction": "buy", "amount": 1.0}, {"trade_seq": 254, "trade_id": "237423765", "timestamp": 1670443711711, "tick_direction": 1, "price": 0.0075, "mark_price": 0.00773362, "iv": 85.44, "instrument_name": "BTC-31MAR23-42000-C", "index_price": 16806.62, "direction": "sell", "amount": 4.9}, {"trade_seq": 253, "trade_id": "237423764", "timestamp": 1670443709623, "tick_direction": 1, "price": 0.0075, "mark_price": 0.00773433, "iv": 85.44, "instrument_name": "BTC-31MAR23-42000-C", "index_price": 16806.77, "direction": "buy", "amount": 1.2}, {"trade_seq": 252, "trade_id": "237423763", "timestamp": 1670443708245, "tick_direction": 1, "price": 0.0075, "mark_price": 0.00773488, "iv": 85.44, "instrument_name": "BTC-31MAR23-42000-C", "index_price": 16806.58, "direction": "buy", "amount": 3.0}, {"trade_seq": 251, "trade_id": "237423762", "timestamp": 1670443708244, "tick_direction": 0, "price": 0.0075, "mark_price": 0.00773488, "iv": 85.44, "instrument_name": "BTC-31MAR23-42000-C", "index_price": 16806.58, "direction": "sell", "amount": 5.8}, {"trade_seq": 250, "trade_id": "237418447", "timestamp": 1670433779275, "tick_direction": 0, "price": 0.0065, "mark_price": 0.00644082, "iv": 83.25, "instrument_name": "BTC-31MAR23-42000-C", "index_price": 16810.66, "direction": "buy", "amount": 0.1}, {"trade_seq": 249, "trade_id": "237334471", "timestamp": 1670261957479, "tick_direction": 3, "price": 0.0055, "mark_price": 0.00576005, "iv": 79.16, "instrument_name": "BTC-31MAR23-42000-C", "index_price": 17082.55, "direction": "sell", "amount": 9.4}, {"trade_seq": 248, "trade_id": "237334470", "timestamp": 1670261957389, "tick_direction": 3, "price": 0.0055, "mark_price": 0.00576005, "iv": 79.16, "instrument_name": "BTC-31MAR23-42000-C", "index_price": 17082.55, "direction": "sell", "amount": 18.4}, {"trade_seq": 247, "trade_id": "237234410", "timestamp": 1670130745479, "tick_direction": 3, "price": 0.0055, "mark_price": 0.0057948, "iv": 78.78, "instrument_name": "BTC-31MAR23-42000-C", "index_price": 17060.54, "direction": "sell", "amount": 2.0}, {"trade_seq": 246, "trade_id": "237161901", "timestamp": 1669988396477, "tick_direction": 3, "price": 0.0055, "mark_price": 0.00581823, "iv": 79.04, "instrument_name": "BTC-31MAR23-42000-C", "index_price": 16888.57, "direction": "sell", "amount": 18.2}, {"trade_seq": 245, "trade_id": "236992537", "timestamp": 1669829413406, "tick_direction": 2, "price": 0.0055, "mark_price": 0.00571945, "iv": 78.96, "instrument_name": "BTC-31MAR23-42000-C", "index_price": 16763.46, "direction": "sell", "amount": 2.0}, {"trade_seq": 244, "trade_id": "236731576", "timestamp": 1669378535787, "tick_direction": 2, "price": 0.006, "mark_price": 0.00651342, "iv": 79.33, "instrument_name": "BTC-31MAR23-42000-C", "index_price": 16536.71, "direction": "sell", "amount": 1.0}, {"trade_seq": 243, "trade_id": "236562310", "timestamp": 1669131449649, "tick_direction": 0, "price": 0.0075, "mark_price": 0.00674755, "iv": 83.2, "instrument_name": "BTC-31MAR23-42000-C", "index_price": 16166.01, "direction": "buy", "amount": 0.1}, {"trade_seq": 242, "trade_id": "236399629", "timestamp": 1668982312857, "tick_direction": 3, "price": 0.008, "mark_price": 0.00695719, "iv": 83.01, "instrument_name": "BTC-31MAR23-42000-C", "index_price": 16286.83, "direction": "buy", "amount": 18.0}, {"trade_seq": 241, "trade_id": "236399623", "timestamp": 1668982304244, "tick_direction": 3, "price": 0.008, "mark_price": 0.00695123, "iv": 83.02, "instrument_name": "BTC-31MAR23-42000-C", "index_price": 16285.33, "direction": "sell", "amount": 1.6}, {"trade_seq": 240, "trade_id": "236399622", "timestamp": 1668982304232, "tick_direction": 3, "price": 0.008, "mark_price": 0.00695123, "iv": 83.02, "instrument_name": "BTC-31MAR23-42000-C", "index_price": 16285.33, "direction": "buy", "amount": 20.4}, {"trade_seq": 239, "trade_id": "236399621", "timestamp": 1668982304232, "tick_direction": 2, "price": 0.008, "mark_price": 0.00695123, "iv": 83.02, "instrument_name": "BTC-31MAR23-42000-C", "index_price": 16285.33, "direction": "buy", "amount": 18.0}, {"trade_seq": 238, "trade_id": "236138659", "timestamp": 1668604775924, "tick_direction": 0, "price": 0.009, "mark_price": 0.00779019, "iv": 82.23, "instrument_name": "BTC-31MAR23-42000-C", "index_price": 16573.35, "direction": "sell", "amount": 29.7}, {"trade_seq": 237, "trade_id": "235960381", "timestamp": 1668465894628, "tick_direction": 1, "price": 0.007, "mark_price": 0.00777402, "iv": 79.41, "instrument_name": "BTC-31MAR23-42000-C", "index_price": 16341.53, "direction": "buy", "amount": 0.7}, {"trade_seq": 236, "trade_id": "235960380", "timestamp": 1668465894473, "tick_direction": 1, "price": 0.007, "mark_price": 0.00777402, "iv": 79.41, "instrument_name": "BTC-31MAR23-42000-C", "index_price": 16341.53, "direction": "sell", "amount": 4.3}, {"trade_seq": 235, "trade_id": "235850946", "timestamp": 1668430706182, "tick_direction": 1, "price": 0.007, "mark_price": 0.00645205, "iv": 77.39, "instrument_name": "BTC-31MAR23-42000-C", "index_price": 16775.06, "direction": "buy", "amount": 4.6}, {"trade_seq": 234, "trade_id": "235850945", "timestamp": 1668430705912, "tick_direction": 0, "price": 0.007, "mark_price": 0.00645205, "iv": 77.39, "instrument_name": "BTC-31MAR23-42000-C", "index_price": 16775.06, "direction": "buy", "amount": 4.0}, {"trade_seq": 233, "trade_id": "235841623", "timestamp": 1668425124821, "tick_direction": 3, "price": 0.0065, "mark_price": 0.00616408, "iv": 76.58, "instrument_name": "BTC-31MAR23-42000-C", "index_price": 16751.2, "direction": "sell", "amount": 10.0}, {"trade_seq": 232, "trade_id": "235841617", "timestamp": 1668425121844, "tick_direction": 3, "price": 0.0065, "mark_price": 0.00616385, "iv": 76.57, "instrument_name": "BTC-31MAR23-42000-C", "index_price": 16752.4, "direction": "sell", "amount": 0.2}, {"trade_seq": 231, "trade_id": "235841616", "timestamp": 1668425121844, "tick_direction": 3, "price": 0.0065, "mark_price": 0.00616385, "iv": 76.57, "instrument_name": "BTC-31MAR23-42000-C", "index_price": 16752.4, "direction": "sell", "amount": 9.8}, {"trade_seq": 230, "trade_id": "235841594", "timestamp": 1668425118536, "tick_direction": 2, "price": 0.0065, "mark_price": 0.00617079, "iv": 76.56, "instrument_name": "BTC-31MAR23-42000-C", "index_price": 16755.04, "direction": "sell", "amount": 10.0}, {"trade_seq": 229, "trade_id": "235536420", "timestamp": 1668190955977, "tick_direction": 2, "price": 0.007, "mark_price": 0.00636037, "iv": 76.21, "instrument_name": "BTC-31MAR23-42000-C", "index_price": 16893.04, "direction": "sell", "amount": 1.0}, {"trade_seq": 228, "trade_id": "234820657", "timestamp": 1668038872267, "tick_direction": 1, "price": 0.0105, "mark_price": 0.01028021, "iv": 84.76, "instrument_name": "BTC-31MAR23-42000-C", "index_price": 15895.8, "direction": "sell", "amount": 0.1}, {"trade_seq": 227, "trade_id": "234041693", "timestamp": 1667923483093, "tick_direction": 1, "price": 0.0105, "mark_price": 0.01085363, "iv": 69.22, "instrument_name": "BTC-31MAR23-42000-C", "index_price": 19758.81, "direction": "buy", "amount": 7.1}, {"trade_seq": 226, "trade_id": "234041610", "timestamp": 1667923480097, "tick_direction": 1, "price": 0.0105, "mark_price": 0.01085368, "iv": 69.19, "instrument_name": "BTC-31MAR23-42000-C", "index_price": 19767.63, "direction": "buy", "amount": 1.6}, {"trade_seq": 225, "trade_id": "234041609", "timestamp": 1667923480095, "tick_direction": 1, "price": 0.0105, "mark_price": 0.01085368, "iv": 69.19, "instrument_name": "BTC-31MAR23-42000-C", "index_price": 19767.63, "direction": "buy", "amount": 0.1}, {"trade_seq": 224, "trade_id": "234041608", "timestamp": 1667923480090, "tick_direction": 1, "price": 0.0105, "mark_price": 0.01085368, "iv": 69.19, "instrument_name": "BTC-31MAR23-42000-C", "index_price": 19767.63, "direction": "buy", "amount": 2.7}, {"trade_seq": 223, "trade_id": "234040959", "timestamp": 1667923446459, "tick_direction": 1, "price": 0.0105, "mark_price": 0.01088198, "iv": 69.37, "instrument_name": "BTC-31MAR23-42000-C", "index_price": 19715.82, "direction": "buy", "amount": 1.9}, {"trade_seq": 222, "trade_id": "234040958", "timestamp": 1667923446449, "tick_direction": 1, "price": 0.0105, "mark_price": 0.01088198, "iv": 69.37, "instrument_name": "BTC-31MAR23-42000-C", "index_price": 19715.82, "direction": "buy", "amount": 0.1}, {"trade_seq": 221, "trade_id": "234040957", "timestamp": 1667923446414, "tick_direction": 1, "price": 0.0105, "mark_price": 0.01088198, "iv": 69.37, "instrument_name": "BTC-31MAR23-42000-C", "index_price": 19715.82, "direction": "buy", "amount": 2.9}, {"trade_seq": 220, "trade_id": "234040956", "timestamp": 1667923446409, "tick_direction": 1, "price": 0.0105, "mark_price": 0.01088198, "iv": 69.37, "instrument_name": "BTC-31MAR23-42000-C", "index_price": 19715.82, "direction": "buy", "amount": 16.7}, {"trade_seq": 219, "trade_id": "234037813", "timestamp": 1667922844513, "tick_direction": 1, "price": 0.0105, "mark_price": 0.01042803, "iv": 70.33, "instrument_name": "BTC-31MAR23-42000-C", "index_price": 19446.93, "direction": "buy", "amount": 5.0}, {"trade_seq": 218, "trade_id": "234027021", "timestamp": 1667920601175, "tick_direction": 1, "price": 0.0105, "mark_price": 0.01027275, "iv": 70.31, "instrument_name": "BTC-31MAR23-42000-C", "index_price": 19453.02, "direction": "buy", "amount": 16.7}, {"trade_seq": 217, "trade_id": "234027020", "timestamp": 1667920600942, "tick_direction": 1, "price": 0.0105, "mark_price": 0.01027275, "iv": 70.31, "instrument_name": "BTC-31MAR23-42000-C", "index_price": 19453.02, "direction": "buy", "amount": 18.5}, {"trade_seq": 216, "trade_id": "234024806", "timestamp": 1667919988083, "tick_direction": 1, "price": 0.0105, "mark_price": 0.01021821, "iv": 70.43, "instrument_name": "BTC-31MAR23-42000-C", "index_price": 19416.04, "direction": "buy", "amount": 16.7}, {"trade_seq": 215, "trade_id": "233986715", "timestamp": 1667899306760, "tick_direction": 1, "price": 0.0105, "mark_price": 0.01002102, "iv": 69.22, "instrument_name": "BTC-31MAR23-42000-C", "index_price": 19746.52, "direction": "buy", "amount": 4.0}, {"trade_seq": 214, "trade_id": "233986714", "timestamp": 1667899306760, "tick_direction": 0, "price": 0.0105, "mark_price": 0.01002102, "iv": 69.22, "instrument_name": "BTC-31MAR23-42000-C", "index_price": 19746.52, "direction": "buy", "amount": 3.9}, {"trade_seq": 213, "trade_id": "233983332", "timestamp": 1667896474066, "tick_direction": 3, "price": 0.01, "mark_price": 0.01054148, "iv": 68.61, "instrument_name": "BTC-31MAR23-42000-C", "index_price": 19739.65, "direction": "sell", "amount": 1.6}, {"trade_seq": 212, "trade_id": "233983331", "timestamp": 1667896474066, "tick_direction": 2, "price": 0.01, "mark_price": 0.01054148, "iv": 68.61, "instrument_name": "BTC-31MAR23-42000-C", "index_price": 19739.65, "direction": "sell", "amount": 3.4}, {"trade_seq": 211, "trade_id": "233883965", "timestamp": 1667846110925, "tick_direction": 1, "price": 0.0115, "mark_price": 0.01166979, "iv": 66.85, "instrument_name": "BTC-31MAR23-42000-C", "index_price": 20726.53, "direction": "sell", "amount": 1.0}, {"trade_seq": 210, "trade_id": "233883964", "timestamp": 1667846110925, "tick_direction": 1, "price": 0.0115, "mark_price": 0.01166979, "iv": 66.85, "instrument_name": "BTC-31MAR23-42000-C", "index_price": 20726.53, "direction": "sell", "amount": 1.0}