{"trades": [{"trade_seq": 1750, "trade_id": "248829308", "timestamp": 1680127819607, "tick_direction": 3, "price": 0.0005, "mark_price": 7.239e-05, "iv": 136.56, "instrument_name": "BTC-31MAR23-34000-C", "index_price": 28278.7, "direction": "buy", "amount": 1.0}, {"trade_seq": 1749, "trade_id": "248755241", "timestamp": 1680086911410, "tick_direction": 3, "price": 0.0005, "mark_price": 0.00029808, "iv": 116.43, "instrument_name": "BTC-31MAR23-34000-C", "index_price": 28368.16, "direction": "buy", "amount": 5.0}, {"trade_seq": 1748, "trade_id": "248752881", "timestamp": 1680085409942, "tick_direction": 3, "price": 0.0005, "mark_price": 0.00031254, "iv": 115.73, "instrument_name": "BTC-31MAR23-34000-C", "index_price": 28374.72, "direction": "buy", "amount": 2.0}, {"trade_seq": 1747, "trade_id": "248748068", "timestamp": 1680083103758, "tick_direction": 3, "price": 0.0005, "mark_price": 0.0003324, "iv": 114.82, "instrument_name": "BTC-31MAR23-34000-C", "index_price": 28378.03, "direction": "sell", "amount": 5.0}, {"trade_seq": 1746, "trade_id": "248747517", "timestamp": 1680082724791, "tick_direction": 3, "price": 0.0005, "mark_price": 0.00036046, "iv": 113.6, "instrument_name": "BTC-31MAR23-34000-C", "index_price": 28427.99, "direction": "sell", "amount": 10.0}, {"trade_seq": 1745, "trade_id": "248746775", "timestamp": 1680082241406, "tick_direction": 3, "price": 0.0005, "mark_price": 0.00031582, "iv": 113.06, "instrument_name": "BTC-31MAR23-34000-C", "index_price": 28453.54, "direction": "buy", "amount": 4.2}, {"trade_seq": 1744, "trade_id": "248742404", "timestamp": 1680080278014, "tick_direction": 3, "price": 0.0005, "mark_price": 0.00037305, "iv": 110.62, "instrument_name": "BTC-31MAR23-34000-C", "index_price": 28550.8, "direction": "buy", "amount": 0.5}, {"trade_seq": 1743, "trade_id": "248741832", "timestamp": 1680080192117, "tick_direction": 3, "price": 0.0005, "mark_price": 0.00038153, "iv": 110.29, "instrument_name": "BTC-31MAR23-34000-C", "index_price": 28562.89, "direction": "buy", "amount": 0.2}, {"trade_seq": 1742, "trade_id": "248741412", "timestamp": 1680080120057, "tick_direction": 3, "price": 0.0005, "mark_price": 0.00036721, "iv": 110.75, "instrument_name": "BTC-31MAR23-34000-C", "index_price": 28529.87, "direction": "buy", "amount": 0.1}, {"trade_seq": 1741, "trade_id": "248741411", "timestamp": 1680080120052, "tick_direction": 3, "price": 0.0005, "mark_price": 0.00036721, "iv": 110.75, "instrument_name": "BTC-31MAR23-34000-C", "index_price": 28529.87, "direction": "sell", "amount": 1.0}, {"trade_seq": 1740, "trade_id": "248741410", "timestamp": 1680080120052, "tick_direction": 3, "price": 0.0005, "mark_price": 0.00036721, "iv": 110.75, "instrument_name": "BTC-31MAR23-34000-C", "index_price": 28529.87, "direction": "sell", "amount": 0.7}, {"trade_seq": 1739, "trade_id": "248741076", "timestamp": 1680080076173, "tick_direction": 3, "price": 0.0005, "mark_price": 0.00033691, "iv": 111.67, "instrument_name": "BTC-31MAR23-34000-C", "index_price": 28486.23, "direction": "sell", "amount": 0.1}, {"trade_seq": 1738, "trade_id": "248740269", "timestamp": 1680079707249, "tick_direction": 3, "price": 0.0005, "mark_price": 0.00027902, "iv": 111.48, "instrument_name": "BTC-31MAR23-34000-C", "index_price": 28485.47, "direction": "buy", "amount": 0.2}, {"trade_seq": 1737, "trade_id": "248717302", "timestamp": 1680075662456, "tick_direction": 3, "price": 0.0005, "mark_price": 0.00018421, "iv": 117.07, "instrument_name": "BTC-31MAR23-34000-C", "index_price": 28124.31, "direction": "buy", "amount": 5.0}, {"trade_seq": 1736, "trade_id": "248713069", "timestamp": 1680073670999, "tick_direction": 3, "price": 0.0005, "mark_price": 0.00016679, "iv": 118.36, "instrument_name": "BTC-31MAR23-34000-C", "index_price": 28025.53, "direction": "buy", "amount": 5.0}, {"trade_seq": 1735, "trade_id": "248713068", "timestamp": 1680073670999, "tick_direction": 3, "price": 0.0005, "mark_price": 0.00016679, "iv": 118.36, "instrument_name": "BTC-31MAR23-34000-C", "index_price": 28025.53, "direction": "buy", "amount": 10.0}, {"trade_seq": 1734, "trade_id": "248504627", "timestamp": 1679937944786, "tick_direction": 3, "price": 0.0005, "mark_price": 0.0006991, "iv": 102.13, "instrument_name": "BTC-31MAR23-34000-C", "index_price": 27108.89, "direction": "sell", "amount": 20.0}, {"trade_seq": 1733, "trade_id": "248504622", "timestamp": 1679937942319, "tick_direction": 3, "price": 0.0005, "mark_price": 0.00069644, "iv": 102.2, "instrument_name": "BTC-31MAR23-34000-C", "index_price": 27104.65, "direction": "sell", "amount": 20.0}, {"trade_seq": 1732, "trade_id": "248494427", "timestamp": 1679935715536, "tick_direction": 2, "price": 0.0005, "mark_price": 0.00068484, "iv": 101.24, "instrument_name": "BTC-31MAR23-34000-C", "index_price": 27137.59, "direction": "sell", "amount": 0.1}, {"trade_seq": 1731, "trade_id": "248492555", "timestamp": 1679935272003, "tick_direction": 0, "price": 0.001, "mark_price": 0.00065128, "iv": 110.78, "instrument_name": "BTC-31MAR23-34000-C", "index_price": 27188.08, "direction": "buy", "amount": 0.2}, {"trade_seq": 1730, "trade_id": "248485992", "timestamp": 1679933578110, "tick_direction": 3, "price": 0.0005, "mark_price": 0.00017802, "iv": 100.63, "instrument_name": "BTC-31MAR23-34000-C", "index_price": 27153.96, "direction": "sell", "amount": 3.0}, {"trade_seq": 1729, "trade_id": "248485960", "timestamp": 1679933573494, "tick_direction": 3, "price": 0.0005, "mark_price": 0.00017654, "iv": 100.62, "instrument_name": "BTC-31MAR23-34000-C", "index_price": 27155.91, "direction": "sell", "amount": 6.7}, {"trade_seq": 1728, "trade_id": "248485959", "timestamp": 1679933573492, "tick_direction": 3, "price": 0.0005, "mark_price": 0.00017654, "iv": 100.62, "instrument_name": "BTC-31MAR23-34000-C", "index_price": 27155.91, "direction": "buy", "amount": 0.2}, {"trade_seq": 1727, "trade_id": "248354571", "timestamp": 1679887461924, "tick_direction": 3, "price": 0.0005, "mark_price": 0.000497, "iv": 84.24, "instrument_name": "BTC-31MAR23-34000-C", "index_price": 27888.61, "direction": "buy", "amount": 2.4}, {"trade_seq": 1726, "trade_id": "248354569", "timestamp": 1679887460923, "tick_direction": 3, "price": 0.0005, "mark_price": 0.00049763, "iv": 84.23, "instrument_name": "BTC-31MAR23-34000-C", "index_price": 27888.16, "direction": "buy", "amount": 2.4}, {"trade_seq": 1725, "trade_id": "248352023", "timestamp": 1679885213365, "tick_direction": 3, "price": 0.0005, "mark_price": 0.00049006, "iv": 84.41, "instrument_name": "BTC-31MAR23-34000-C", "index_price": 27864.65, "direction": "sell", "amount": 0.4}, {"trade_seq": 1724, "trade_id": "248349737", "timestamp": 1679883203698, "tick_direction": 3, "price": 0.0005, "mark_price": 0.000569, "iv": 84.01, "instrument_name": "BTC-31MAR23-34000-C", "index_price": 27877.39, "direction": "buy", "amount": 3.6}, {"trade_seq": 1723, "trade_id": "248318475", "timestamp": 1679868753610, "tick_direction": 3, "price": 0.0005, "mark_price": 0.00072605, "iv": 82.22, "instrument_name": "BTC-31MAR23-34000-C", "index_price": 27882.64, "direction": "sell", "amount": 4.0}, {"trade_seq": 1722, "trade_id": "248318474", "timestamp": 1679868750083, "tick_direction": 3, "price": 0.0005, "mark_price": 0.00072549, "iv": 82.23, "instrument_name": "BTC-31MAR23-34000-C", "index_price": 27882.59, "direction": "sell", "amount": 0.5}, {"trade_seq": 1721, "trade_id": "248318473", "timestamp": 1679868750083, "tick_direction": 3, "price": 0.0005, "mark_price": 0.00072549, "iv": 82.23, "instrument_name": "BTC-31MAR23-34000-C", "index_price": 27882.59, "direction": "sell", "amount": 5.0}, {"trade_seq": 1720, "trade_id": "248318472", "timestamp": 1679868750083, "tick_direction": 3, "price": 0.0005, "mark_price": 0.00072549, "iv": 82.23, "instrument_name": "BTC-31MAR23-34000-C", "index_price": 27882.59, "direction": "sell", "amount": 5.4}, {"trade_seq": 1719, "trade_id": "248318471", "timestamp": 1679868750083, "tick_direction": 2, "price": 0.0005, "mark_price": 0.00072549, "iv": 82.23, "instrument_name": "BTC-31MAR23-34000-C", "index_price": 27882.59, "direction": "sell", "amount": 0.4}, {"trade_seq": 1718, "trade_id": "248286217", "timestamp": 1679848051074, "tick_direction": 1, "price": 0.001, "mark_price": 0.00072961, "iv": 89.28, "instrument_name": "BTC-31MAR23-34000-C", "index_price": 27826.68, "direction": "buy", "amount": 1.0}, {"trade_seq": 1717, "trade_id": "248286191", "timestamp": 1679848021919, "tick_direction": 1, "price": 0.001, "mark_price": 0.00071967, "iv": 89.39, "instrument_name": "BTC-31MAR23-34000-C", "index_price": 27814.61, "direction": "buy", "amount": 1.0}, {"trade_seq": 1716, "trade_id": "248286190", "timestamp": 1679848020108, "tick_direction": 1, "price": 0.001, "mark_price": 0.00071957, "iv": 89.41, "instrument_name": "BTC-31MAR23-34000-C", "index_price": 27814.63, "direction": "buy", "amount": 1.0}, {"trade_seq": 1715, "trade_id": "248286181", "timestamp": 1679848018459, "tick_direction": 1, "price": 0.001, "mark_price": 0.00071941, "iv": 89.41, "instrument_name": "BTC-31MAR23-34000-C", "index_price": 27814.17, "direction": "buy", "amount": 1.0}, {"trade_seq": 1714, "trade_id": "248286179", "timestamp": 1679848016776, "tick_direction": 1, "price": 0.001, "mark_price": 0.0007191, "iv": 89.4, "instrument_name": "BTC-31MAR23-34000-C", "index_price": 27815.35, "direction": "buy", "amount": 1.0}, {"trade_seq": 1713, "trade_id": "248286178", "timestamp": 1679848015188, "tick_direction": 1, "price": 0.001, "mark_price": 0.00071969, "iv": 89.4, "instrument_name": "BTC-31MAR23-34000-C", "index_price": 27815.4, "direction": "buy", "amount": 1.0}, {"trade_seq": 1712, "trade_id": "248285841", "timestamp": 1679847816477, "tick_direction": 1, "price": 0.001, "mark_price": 0.0007326, "iv": 89.19, "instrument_name": "BTC-31MAR23-34000-C", "index_price": 27838.17, "direction": "buy", "amount": 1.0}, {"trade_seq": 1711, "trade_id": "248285840", "timestamp": 1679847815331, "tick_direction": 1, "price": 0.001, "mark_price": 0.00073081, "iv": 89.2, "instrument_name": "BTC-31MAR23-34000-C", "index_price": 27838.11, "direction": "buy", "amount": 1.0}, {"trade_seq": 1710, "trade_id": "248285839", "timestamp": 1679847814131, "tick_direction": 1, "price": 0.001, "mark_price": 0.00073119, "iv": 89.2, "instrument_name": "BTC-31MAR23-34000-C", "index_price": 27838.11, "direction": "buy", "amount": 1.0}, {"trade_seq": 1709, "trade_id": "248285838", "timestamp": 1679847812552, "tick_direction": 1, "price": 0.001, "mark_price": 0.00073122, "iv": 89.21, "instrument_name": "BTC-31MAR23-34000-C", "index_price": 27838.11, "direction": "buy", "amount": 1.0}, {"trade_seq": 1708, "trade_id": "248280821", "timestamp": 1679844879159, "tick_direction": 0, "price": 0.001, "mark_price": 0.00071214, "iv": 88.9, "instrument_name": "BTC-31MAR23-34000-C", "index_price": 27835.34, "direction": "buy", "amount": 0.2}, {"trade_seq": 1707, "trade_id": "248280462", "timestamp": 1679844444038, "tick_direction": 2, "price": 0.0005, "mark_price": 0.00073824, "iv": 79.88, "instrument_name": "BTC-31MAR23-34000-C", "index_price": 27864.26, "direction": "sell", "amount": 0.2}, {"trade_seq": 1706, "trade_id": "248233545", "timestamp": 1679819507809, "tick_direction": 3, "price": 0.001, "mark_price": 0.00121152, "iv": 90.34, "instrument_name": "BTC-31MAR23-34000-C", "index_price": 27528.06, "direction": "sell", "amount": 2.0}, {"trade_seq": 1705, "trade_id": "248233544", "timestamp": 1679819507809, "tick_direction": 2, "price": 0.001, "mark_price": 0.00121152, "iv": 90.34, "instrument_name": "BTC-31MAR23-34000-C", "index_price": 27528.06, "direction": "sell", "amount": 9.3}, {"trade_seq": 1704, "trade_id": "248210024", "timestamp": 1679782418105, "tick_direction": 0, "price": 0.0015, "mark_price": 0.0012483, "iv": 93.2, "instrument_name": "BTC-31MAR23-34000-C", "index_price": 27499.93, "direction": "buy", "amount": 5.0}, {"trade_seq": 1703, "trade_id": "248204730", "timestamp": 1679777082376, "tick_direction": 3, "price": 0.001, "mark_price": 0.00082339, "iv": 87.28, "instrument_name": "BTC-31MAR23-34000-C", "index_price": 27442.53, "direction": "sell", "amount": 0.4}, {"trade_seq": 1702, "trade_id": "248204729", "timestamp": 1679777081401, "tick_direction": 3, "price": 0.001, "mark_price": 0.00082378, "iv": 87.27, "instrument_name": "BTC-31MAR23-34000-C", "index_price": 27442.53, "direction": "sell", "amount": 2.0}, {"trade_seq": 1701, "trade_id": "248204728", "timestamp": 1679777080392, "tick_direction": 3, "price": 0.001, "mark_price": 0.0008235, "iv": 87.27, "instrument_name": "BTC-31MAR23-34000-C", "index_price": 27443.39, "direction": "sell", "amount": 3.6}, {"trade_seq": 1700, "trade_id": "248204727", "timestamp": 1679777079407, "tick_direction": 3, "price": 0.001, "mark_price": 0.00082342, "iv": 87.25, "instrument_name": "BTC-31MAR23-34000-C", "index_price": 27444.34, "direction": "sell", "amount": 3.6}, {"trade_seq": 1699, "trade_id": "248179463", "timestamp": 1679764028625, "tick_direction": 3, "price": 0.001, "mark_price": 0.00123693, "iv": 83.2, "instrument_name": "BTC-31MAR23-34000-C", "index_price": 27682.38, "direction": "sell", "amount": 1.0}, {"trade_seq": 1698, "trade_id": "248170967", "timestamp": 1679759112001, "tick_direction": 3, "price": 0.001, "mark_price": 0.00125785, "iv": 83.13, "instrument_name": "BTC-31MAR23-34000-C", "index_price": 27644.06, "direction": "sell", "amount": 0.1}, {"trade_seq": 1697, "trade_id": "248133073", "timestamp": 1679723415305, "tick_direction": 2, "price": 0.001, "mark_price": 0.00119524, "iv": 82.21, "instrument_name": "BTC-31MAR23-34000-C", "index_price": 27464.25, "direction": "sell", "amount": 10.0}, {"trade_seq": 1696, "trade_id": "248121592", "timestamp": 1679709904181, "tick_direction": 1, "price": 0.0015, "mark_price": 0.00091462, "iv": 86.51, "instrument_name": "BTC-31MAR23-34000-C", "index_price": 27512.75, "direction": "buy", "amount": 2.6}, {"trade_seq": 1695, "trade_id": "248116635", "timestamp": 1679703406434, "tick_direction": 0, "price": 0.0015, "mark_price": 0.00111231, "iv": 85.85, "instrument_name": "BTC-31MAR23-34000-C", "index_price": 27521.98, "direction": "buy", "amount": 1.0}, {"trade_seq": 1694, "trade_id": "248116201", "timestamp": 1679702768806, "tick_direction": 3, "price": 0.001, "mark_price": 0.00101281, "iv": 80.6, "instrument_name": "BTC-31MAR23-34000-C", "index_price": 27486.62, "direction": "buy", "amount": 0.1}, {"trade_seq": 1693, "trade_id": "248116200", "timestamp": 1679702768803, "tick_direction": 3, "price": 0.001, "mark_price": 0.00101281, "iv": 80.6, "instrument_name": "BTC-31MAR23-34000-C", "index_price": 27486.62, "direction": "sell", "amount": 2.9}, {"trade_seq": 1692, "trade_id": "248116138", "timestamp": 1679702695279, "tick_direction": 2, "price": 0.001, "mark_price": 0.00099763, "iv": 80.61, "instrument_name": "BTC-31MAR23-34000-C", "index_price": 27485.8, "direction": "sell", "amount": 0.2}, {"trade_seq": 1691, "trade_id": "248072095", "timestamp": 1679684146197, "tick_direction": 2, "price": 0.0015, "mark_price": 0.00163347, "iv": 80.56, "instrument_name": "BTC-31MAR23-34000-C", "index_price": 27833.54, "direction": "sell", "amount": 2.2}, {"trade_seq": 1690, "trade_id": "248032474", "timestamp": 1679670529638, "tick_direction": 1, "price": 0.002, "mark_price": 0.00163664, "iv": 82.69, "instrument_name": "BTC-31MAR23-34000-C", "index_price": 27929.88, "direction": "buy", "amount": 4.2}, {"trade_seq": 1689, "trade_id": "248032473", "timestamp": 1679670529638, "tick_direction": 1, "price": 0.002, "mark_price": 0.00163664, "iv": 82.69, "instrument_name": "BTC-31MAR23-34000-C", "index_price": 27929.88, "direction": "buy", "amount": 9.5}, {"trade_seq": 1688, "trade_id": "248032472", "timestamp": 1679670523596, "tick_direction": 1, "price": 0.002, "mark_price": 0.00163912, "iv": 82.66, "instrument_name": "BTC-31MAR23-34000-C", "index_price": 27932.06, "direction": "sell", "amount": 5.8}, {"trade_seq": 1687, "trade_id": "248032471", "timestamp": 1679670523545, "tick_direction": 1, "price": 0.002, "mark_price": 0.00163912, "iv": 82.66, "instrument_name": "BTC-31MAR23-34000-C", "index_price": 27932.06, "direction": "buy", "amount": 1.4}, {"trade_seq": 1686, "trade_id": "248032470", "timestamp": 1679670523545, "tick_direction": 1, "price": 0.002, "mark_price": 0.00163912, "iv": 82.66, "instrument_name": "BTC-31MAR23-34000-C", "index_price": 27932.06, "direction": "buy", "amount": 12.8}, {"trade_seq": 1685, "trade_id": "248032423", "timestamp": 1679670516940, "tick_direction": 1, "price": 0.002, "mark_price": 0.00165456, "iv": 82.45, "instrument_name": "BTC-31MAR23-34000-C", "index_price": 27947.56, "direction": "buy", "amount": 2.9}, {"trade_seq": 1684, "trade_id": "248032422", "timestamp": 1679670516940, "tick_direction": 1, "price": 0.002, "mark_price": 0.00165456, "iv": 82.45, "instrument_name": "BTC-31MAR23-34000-C", "index_price": 27947.56, "direction": "buy", "amount": 4.5}, {"trade_seq": 1683, "trade_id": "248032421", "timestamp": 1679670516940, "tick_direction": 1, "price": 0.002, "mark_price": 0.00165456, "iv": 82.45, "instrument_name": "BTC-31MAR23-34000-C", "index_price": 27947.56, "direction": "buy", "amount": 4.5}, {"trade_seq": 1682, "trade_id": "248032420", "timestamp": 1679670516940, "tick_direction": 1, "price": 0.002, "mark_price": 0.00165456, "iv": 82.45, "instrument_name": "BTC-31MAR23-34000-C", "index_price": 27947.56, "direction": "buy", "amount": 8.0}, {"trade_seq": 1681, "trade_id": "248032419", "timestamp": 1679670516940, "tick_direction": 0, "price": 0.002, "mark_price": 0.00165456, "iv": 82.45, "instrument_name": "BTC-31MAR23-34000-C", "index_price": 27947.56, "direction": "buy", "amount": 9.0}, {"trade_seq": 1680, "trade_id": "248030469", "timestamp": 1679669902016, "tick_direction": 2, "price": 0.0015, "mark_price": 0.00180856, "iv": 76.92, "instrument_name": "BTC-31MAR23-34000-C", "index_price": 28060.12, "direction": "sell", "amount": 10.0}, {"trade_seq": 1679, "trade_id": "248025865", "timestamp": 1679668699319, "tick_direction": 0, "price": 0.002, "mark_price": 0.00194668, "iv": 80.36, "instrument_name": "BTC-31MAR23-34000-C", "index_price": 28111.69, "direction": "buy", "amount": 8.2}, {"trade_seq": 1678, "trade_id": "248022289", "timestamp": 1679668041773, "tick_direction": 3, "price": 0.0016, "mark_price": 0.001867, "iv": 76.88, "instrument_name": "BTC-31MAR23-34000-C", "index_price": 28127.1, "direction": "sell", "block_trade_id": "69975", "amount": 200.0}, {"trade_seq": 1677, "trade_id": "248021550", "timestamp": 1679667880830, "tick_direction": 2, "price": 0.0016, "mark_price": 0.00174424, "iv": 77.52, "instrument_name": "BTC-31MAR23-34000-C", "index_price": 28070.4, "direction": "sell", "combo_id": "BTC-STRG-31MAR23-25000_34000", "block_trade_id": "69974", "amount": 100.0}, {"trade_seq": 1676, "trade_id": "247996754", "timestamp": 1679661182724, "tick_direction": 1, "price": 0.002, "mark_price": 0.00189371, "iv": 81.99, "instrument_name": "BTC-31MAR23-34000-C", "index_price": 27932.44, "direction": "sell", "amount": 0.9}, {"trade_seq": 1675, "trade_id": "247995046", "timestamp": 1679660669335, "tick_direction": 1, "price": 0.002, "mark_price": 0.00191628, "iv": 80.76, "instrument_name": "BTC-31MAR23-34000-C", "index_price": 28027.56, "direction": "sell", "amount": 1.1}, {"trade_seq": 1674, "trade_id": "247973476", "timestamp": 1679655250671, "tick_direction": 1, "price": 0.002, "mark_price": 0.00178492, "iv": 79.7, "instrument_name": "BTC-31MAR23-34000-C", "index_price": 28080.84, "direction": "buy", "amount": 1.5}, {"trade_seq": 1673, "trade_id": "247973475", "timestamp": 1679655250671, "tick_direction": 0, "price": 0.002, "mark_price": 0.00178492, "iv": 79.7, "instrument_name": "BTC-31MAR23-34000-C", "index_price": 28080.84, "direction": "buy", "amount": 0.5}, {"trade_seq": 1672, "trade_id": "247970981", "timestamp": 1679653624967, "tick_direction": 2, "price": 0.0015, "mark_price": 0.00172808, "iv": 76.04, "instrument_name": "BTC-31MAR23-34000-C", "index_price": 28044.44, "direction": "sell", "amount": 0.3}, {"trade_seq": 1671, "trade_id": "247966501", "timestamp": 1679652110876, "tick_direction": 1, "price": 0.002, "mark_price": 0.00182238, "iv": 79.33, "instrument_name": "BTC-31MAR23-34000-C", "index_price": 28090.5, "direction": "sell", "amount": 2.0}, {"trade_seq": 1670, "trade_id": "247960102", "timestamp": 1679648561289, "tick_direction": 1, "price": 0.002, "mark_price": 0.00203749, "iv": 78.99, "instrument_name": "BTC-31MAR23-34000-C", "index_price": 28110.18, "direction": "sell", "amount": 0.2}, {"trade_seq": 1669, "trade_id": "247956528", "timestamp": 1679647500514, "tick_direction": 0, "price": 0.002, "mark_price": 0.00185751, "iv": 78.96, "instrument_name": "BTC-31MAR23-34000-C", "index_price": 28097.64, "direction": "buy", "amount": 3.0}, {"trade_seq": 1668, "trade_id": "247955656", "timestamp": 1679647259434, "tick_direction": 2, "price": 0.0015, "mark_price": 0.00206162, "iv": 74.95, "instrument_name": "BTC-31MAR23-34000-C", "index_price": 28102.53, "direction": "sell", "amount": 3.0}, {"trade_seq": 1667, "trade_id": "247953935", "timestamp": 1679646983455, "tick_direction": 2, "price": 0.002, "mark_price": 0.00210234, "iv": 78.61, "instrument_name": "BTC-31MAR23-34000-C", "index_price": 28123.92, "direction": "buy", "amount": 0.5}, {"trade_seq": 1666, "trade_id": "247953156", "timestamp": 1679646701608, "tick_direction": 2, "price": 0.0025, "mark_price": 0.00221043, "iv": 81.12, "instrument_name": "BTC-31MAR23-34000-C", "index_price": 28203.36, "direction": "buy", "amount": 0.1}, {"trade_seq": 1665, "trade_id": "247906317", "timestamp": 1679620609941, "tick_direction": 2, "price": 0.003, "mark_price": 0.00320262, "iv": 81.87, "instrument_name": "BTC-31MAR23-34000-C", "index_price": 28267.49, "direction": "sell", "amount": 1.0}, {"trade_seq": 1664, "trade_id": "247868402", "timestamp": 1679601947972, "tick_direction": 0, "price": 0.0035, "mark_price": 0.00384885, "iv": 83.2, "instrument_name": "BTC-31MAR23-34000-C", "index_price": 28290.83, "direction": "sell", "amount": 0.4}, {"trade_seq": 1663, "trade_id": "247840176", "timestamp": 1679597762896, "tick_direction": 2, "price": 0.003, "mark_price": 0.00313167, "iv": 84.62, "instrument_name": "BTC-31MAR23-34000-C", "index_price": 27920.38, "direction": "sell", "amount": 1.0}, {"trade_seq": 1662, "trade_id": "247807228", "timestamp": 1679591359553, "tick_direction": 0, "price": 0.0045, "mark_price": 0.00428282, "iv": 85.38, "instrument_name": "BTC-31MAR23-34000-C", "index_price": 28448.27, "direction": "buy", "amount": 2.0}, {"trade_seq": 1661, "trade_id": "247806895", "timestamp": 1679591301192, "tick_direction": 3, "price": 0.004, "mark_price": 0.00448945, "iv": 82.08, "instrument_name": "BTC-31MAR23-34000-C", "index_price": 28522.65, "direction": "sell", "amount": 0.1}, {"trade_seq": 1660, "trade_id": "247806874", "timestamp": 1679591277767, "tick_direction": 2, "price": 0.004, "mark_price": 0.00451699, "iv": 81.95, "instrument_name": "BTC-31MAR23-34000-C", "index_price": 28532.8, "direction": "sell", "amount": 0.9}, {"trade_seq": 1659, "trade_id": "247795713", "timestamp": 1679588271981, "tick_direction": 3, "price": 0.005, "mark_price": 0.00519359, "iv": 85.34, "instrument_name": "BTC-31MAR23-34000-C", "index_price": 28591.26, "direction": "buy", "amount": 1.1}, {"trade_seq": 1658, "trade_id": "247795712", "timestamp": 1679588271978, "tick_direction": 2, "price": 0.005, "mark_price": 0.00519359, "iv": 85.34, "instrument_name": "BTC-31MAR23-34000-C", "index_price": 28591.26, "direction": "buy", "amount": 0.2}, {"trade_seq": 1657, "trade_id": "247789685", "timestamp": 1679587220604, "tick_direction": 1, "price": 0.0055, "mark_price": 0.00554139, "iv": 85.89, "instrument_name": "BTC-31MAR23-34000-C", "index_price": 28689.64, "direction": "sell", "amount": 1.0}, {"trade_seq": 1656, "trade_id": "247789684", "timestamp": 1679587220604, "tick_direction": 1, "price": 0.0055, "mark_price": 0.00554139, "iv": 85.89, "instrument_name": "BTC-31MAR23-34000-C", "index_price": 28689.64, "direction": "sell", "amount": 1.0}, {"trade_seq": 1655, "trade_id": "247789346", "timestamp": 1679587155935, "tick_direction": 1, "price": 0.0055, "mark_price": 0.00521597, "iv": 86.37, "instrument_name": "BTC-31MAR23-34000-C", "index_price": 28655.89, "direction": "sell", "amount": 1.0}, {"trade_seq": 1654, "trade_id": "247789335", "timestamp": 1679587154740, "tick_direction": 1, "price": 0.0055, "mark_price": 0.00521558, "iv": 86.35, "instrument_name": "BTC-31MAR23-34000-C", "index_price": 28658.04, "direction": "buy", "amount": 1.0}, {"trade_seq": 1653, "trade_id": "247789325", "timestamp": 1679587152753, "tick_direction": 1, "price": 0.0055, "mark_price": 0.00517318, "iv": 86.52, "instrument_name": "BTC-31MAR23-34000-C", "index_price": 28644.89, "direction": "buy", "amount": 1.0}, {"trade_seq": 1652, "trade_id": "247789297", "timestamp": 1679587150675, "tick_direction": 1, "price": 0.0055, "mark_price": 0.00517068, "iv": 86.53, "instrument_name": "BTC-31MAR23-34000-C", "index_price": 28644.62, "direction": "buy", "amount": 1.0}, {"trade_seq": 1651, "trade_id": "247789290", "timestamp": 1679587149634, "tick_direction": 1, "price": 0.0055, "mark_price": 0.00517012, "iv": 86.53, "instrument_name": "BTC-31MAR23-34000-C", "index_price": 28644.72, "direction": "buy", "amount": 0.2}, {"trade_seq": 1650, "trade_id": "247789289", "timestamp": 1679587149634, "tick_direction": 0, "price": 0.0055, "mark_price": 0.00517012, "iv": 86.53, "instrument_name": "BTC-31MAR23-34000-C", "index_price": 28644.72, "direction": "buy", "amount": 0.8}, {"trade_seq": 1649, "trade_id": "247782963", "timestamp": 1679586117520, "tick_direction": 3, "price": 0.005, "mark_price": 0.00504709, "iv": 85.15, "instrument_name": "BTC-31MAR23-34000-C", "index_price": 28601.7, "direction": "sell", "amount": 1.4}, {"trade_seq": 1648, "trade_id": "247782962", "timestamp": 1679586117520, "tick_direction": 2, "price": 0.005, "mark_price": 0.00504709, "iv": 85.15, "instrument_name": "BTC-31MAR23-34000-C", "index_price": 28601.7, "direction": "sell", "amount": 3.6}, {"trade_seq": 1647, "trade_id": "247781886", "timestamp": 1679586064075, "tick_direction": 0, "price": 0.0055, "mark_price": 0.00513421, "iv": 86.51, "instrument_name": "BTC-31MAR23-34000-C", "index_price": 28658.89, "direction": "sell", "amount": 0.2}, {"trade_seq": 1646, "trade_id": "247777778", "timestamp": 1679585698359, "tick_direction": 1, "price": 0.0045, "mark_price": 0.00432164, "iv": 82.43, "instrument_name": "BTC-31MAR23-34000-C", "index_price": 28652.2, "direction": "sell", "amount": 2.9}, {"trade_seq": 1645, "trade_id": "247777695", "timestamp": 1679585685700, "tick_direction": 1, "price": 0.0045, "mark_price": 0.00434672, "iv": 82.22, "instrument_name": "BTC-31MAR23-34000-C", "index_price": 28669.67, "direction": "buy", "amount": 0.2}, {"trade_seq": 1644, "trade_id": "247777119", "timestamp": 1679585586158, "tick_direction": 1, "price": 0.0045, "mark_price": 0.00427253, "iv": 82.39, "instrument_name": "BTC-31MAR23-34000-C", "index_price": 28659.06, "direction": "buy", "amount": 22.0}, {"trade_seq": 1643, "trade_id": "247776982", "timestamp": 1679585559887, "tick_direction": 1, "price": 0.0045, "mark_price": 0.00435645, "iv": 82.08, "instrument_name": "BTC-31MAR23-34000-C", "index_price": 28682.21, "direction": "buy", "amount": 1.2}, {"trade_seq": 1642, "trade_id": "247776943", "timestamp": 1679585558852, "tick_direction": 1, "price": 0.0045, "mark_price": 0.00433822, "iv": 82.17, "instrument_name": "BTC-31MAR23-34000-C", "index_price": 28675.02, "direction": "buy", "amount": 9.5}, {"trade_seq": 1641, "trade_id": "247776725", "timestamp": 1679585535676, "tick_direction": 1, "price": 0.0045, "mark_price": 0.00434129, "iv": 82.36, "instrument_name": "BTC-31MAR23-34000-C", "index_price": 28659.37, "direction": "buy", "amount": 5.0}, {"trade_seq": 1640, "trade_id": "247776388", "timestamp": 1679585507972, "tick_direction": 1, "price": 0.0045, "mark_price": 0.0044084, "iv": 82.28, "instrument_name": "BTC-31MAR23-34000-C", "index_price": 28665.37, "direction": "buy", "amount": 5.0}, {"trade_seq": 1639, "trade_id": "247775349", "timestamp": 1679585408749, "tick_direction": 1, "price": 0.0045, "mark_price": 0.00441626, "iv": 83.0, "instrument_name": "BTC-31MAR23-34000-C", "index_price": 28610.42, "direction": "buy", "amount": 3.5}, {"trade_seq": 1638, "trade_id": "247775311", "timestamp": 1679585407734, "tick_direction": 0, "price": 0.0045, "mark_price": 0.00441113, "iv": 83.03, "instrument_name": "BTC-31MAR23-34000-C", "index_price": 28607.8, "direction": "buy", "amount": 3.6}, {"trade_seq": 1637, "trade_id": "247773078", "timestamp": 1679585168190, "tick_direction": 0, "price": 0.004, "mark_price": 0.00429497, "iv": 81.13, "instrument_name": "BTC-31MAR23-34000-C", "index_price": 28561.59, "direction": "sell", "amount": 0.2}, {"trade_seq": 1636, "trade_id": "247772609", "timestamp": 1679585093709, "tick_direction": 2, "price": 0.0035, "mark_price": 0.00413198, "iv": 79.5, "instrument_name": "BTC-31MAR23-34000-C", "index_price": 28491.41, "direction": "sell", "amount": 0.2}, {"trade_seq": 1635, "trade_id": "247763620", "timestamp": 1679584580849, "tick_direction": 0, "price": 0.0045, "mark_price": 0.00458655, "iv": 80.92, "instrument_name": "BTC-31MAR23-34000-C", "index_price": 28752.58, "direction": "buy", "amount": 0.8}, {"trade_seq": 1634, "trade_id": "247758656", "timestamp": 1679584433509, "tick_direction": 1, "price": 0.004, "mark_price": 0.00349415, "iv": 82.98, "instrument_name": "BTC-31MAR23-34000-C", "index_price": 28414.83, "direction": "buy", "amount": 5.0}, {"trade_seq": 1633, "trade_id": "247758653", "timestamp": 1679584432355, "tick_direction": 1, "price": 0.004, "mark_price": 0.00349017, "iv": 82.95, "instrument_name": "BTC-31MAR23-34000-C", "index_price": 28417.24, "direction": "buy", "amount": 4.8}, {"trade_seq": 1632, "trade_id": "247758652", "timestamp": 1679584432355, "tick_direction": 0, "price": 0.004, "mark_price": 0.00349017, "iv": 82.95, "instrument_name": "BTC-31MAR23-34000-C", "index_price": 28417.24, "direction": "buy", "amount": 0.2}, {"trade_seq": 1631, "trade_id": "247751484", "timestamp": 1679584001234, "tick_direction": 1, "price": 0.003, "mark_price": 0.00261696, "iv": 79.72, "instrument_name": "BTC-31MAR23-34000-C", "index_price": 28256.38, "direction": "buy", "amount": 1.0}, {"trade_seq": 1630, "trade_id": "247751303", "timestamp": 1679583996867, "tick_direction": 0, "price": 0.003, "mark_price": 0.00261464, "iv": 79.87, "instrument_name": "BTC-31MAR23-34000-C", "index_price": 28246.43, "direction": "buy", "amount": 1.0}, {"trade_seq": 1629, "trade_id": "247744243", "timestamp": 1679583636023, "tick_direction": 1, "price": 0.0025, "mark_price": 0.00269969, "iv": 76.99, "instrument_name": "BTC-31MAR23-34000-C", "index_price": 28239.81, "direction": "buy", "amount": 0.2}, {"trade_seq": 1628, "trade_id": "247744242", "timestamp": 1679583636023, "tick_direction": 0, "price": 0.0025, "mark_price": 0.00269969, "iv": 76.99, "instrument_name": "BTC-31MAR23-34000-C", "index_price": 28239.81, "direction": "buy", "amount": 0.2}, {"trade_seq": 1627, "trade_id": "247725312", "timestamp": 1679580550163, "tick_direction": 3, "price": 0.0015, "mark_price": 0.00162582, "iv": 79.03, "instrument_name": "BTC-31MAR23-34000-C", "index_price": 27383.2, "direction": "sell", "amount": 2.9}, {"trade_seq": 1626, "trade_id": "247725311", "timestamp": 1679580550163, "tick_direction": 2, "price": 0.0015, "mark_price": 0.00162582, "iv": 79.03, "instrument_name": "BTC-31MAR23-34000-C", "index_price": 27383.2, "direction": "sell", "amount": 0.6}, {"trade_seq": 1625, "trade_id": "247684148", "timestamp": 1679567825824, "tick_direction": 1, "price": 0.002, "mark_price": 0.00176422, "iv": 78.51, "instrument_name": "BTC-31MAR23-34000-C", "index_price": 27728.59, "direction": "sell", "amount": 2.0}, {"trade_seq": 1624, "trade_id": "247683644", "timestamp": 1679567659616, "tick_direction": 0, "price": 0.002, "mark_price": 0.00175191, "iv": 78.39, "instrument_name": "BTC-31MAR23-34000-C", "index_price": 27729.03, "direction": "buy", "amount": 1.0}, {"trade_seq": 1623, "trade_id": "247667084", "timestamp": 1679558624614, "tick_direction": 3, "price": 0.0015, "mark_price": 0.0017713, "iv": 74.01, "instrument_name": "BTC-31MAR23-34000-C", "index_price": 27741.29, "direction": "sell", "amount": 0.3}, {"trade_seq": 1622, "trade_id": "247662853", "timestamp": 1679556891072, "tick_direction": 2, "price": 0.0015, "mark_price": 0.00177893, "iv": 74.66, "instrument_name": "BTC-31MAR23-34000-C", "index_price": 27671.1, "direction": "sell", "amount": 0.1}, {"trade_seq": 1621, "trade_id": "247659715", "timestamp": 1679555443533, "tick_direction": 3, "price": 0.002, "mark_price": 0.00190203, "iv": 77.99, "instrument_name": "BTC-31MAR23-34000-C", "index_price": 27721.0, "direction": "buy", "amount": 4.5}, {"trade_seq": 1620, "trade_id": "247657697", "timestamp": 1679554596069, "tick_direction": 3, "price": 0.002, "mark_price": 0.00186596, "iv": 77.76, "instrument_name": "BTC-31MAR23-34000-C", "index_price": 27728.91, "direction": "buy", "amount": 4.2}, {"trade_seq": 1619, "trade_id": "247645379", "timestamp": 1679550494254, "tick_direction": 3, "price": 0.002, "mark_price": 0.00182382, "iv": 78.43, "instrument_name": "BTC-31MAR23-34000-C", "index_price": 27649.56, "direction": "buy", "amount": 1.6}, {"trade_seq": 1618, "trade_id": "247623896", "timestamp": 1679542207806, "tick_direction": 3, "price": 0.002, "mark_price": 0.00175292, "iv": 80.86, "instrument_name": "BTC-31MAR23-34000-C", "index_price": 27384.39, "direction": "sell", "amount": 0.1}, {"trade_seq": 1617, "trade_id": "247623895", "timestamp": 1679542207803, "tick_direction": 3, "price": 0.002, "mark_price": 0.00175292, "iv": 80.86, "instrument_name": "BTC-31MAR23-34000-C", "index_price": 27384.39, "direction": "buy", "amount": 6.6}, {"trade_seq": 1616, "trade_id": "247623894", "timestamp": 1679542207803, "tick_direction": 3, "price": 0.002, "mark_price": 0.00175292, "iv": 80.86, "instrument_name": "BTC-31MAR23-34000-C", "index_price": 27384.39, "direction": "buy", "amount": 10.3}, {"trade_seq": 1615, "trade_id": "247623893", "timestamp": 1679542207803, "tick_direction": 3, "price": 0.002, "mark_price": 0.00175292, "iv": 80.86, "instrument_name": "BTC-31MAR23-34000-C", "index_price": 27384.39, "direction": "buy", "amount": 2.8}, {"trade_seq": 1614, "trade_id": "247623892", "timestamp": 1679542207803, "tick_direction": 3, "price": 0.002, "mark_price": 0.00175292, "iv": 80.86, "instrument_name": "BTC-31MAR23-34000-C", "index_price": 27384.39, "direction": "buy", "amount": 0.2}, {"trade_seq": 1613, "trade_id": "247573668", "timestamp": 1679523625878, "tick_direction": 3, "price": 0.002, "mark_price": 0.00224035, "iv": 81.7, "instrument_name": "BTC-31MAR23-34000-C", "index_price": 27212.17, "direction": "sell", "amount": 2.4}, {"trade_seq": 1612, "trade_id": "247561011", "timestamp": 1679520956728, "tick_direction": 3, "price": 0.002, "mark_price": 0.00219507, "iv": 80.28, "instrument_name": "BTC-31MAR23-34000-C", "index_price": 27333.9, "direction": "sell", "amount": 0.1}, {"trade_seq": 1611, "trade_id": "247560991", "timestamp": 1679520956173, "tick_direction": 3, "price": 0.002, "mark_price": 0.00219507, "iv": 80.28, "instrument_name": "BTC-31MAR23-34000-C", "index_price": 27333.9, "direction": "sell", "amount": 0.2}, {"trade_seq": 1610, "trade_id": "247560985", "timestamp": 1679520955902, "tick_direction": 3, "price": 0.002, "mark_price": 0.00219759, "iv": 80.28, "instrument_name": "BTC-31MAR23-34000-C", "index_price": 27333.9, "direction": "sell", "amount": 0.1}, {"trade_seq": 1609, "trade_id": "247560984", "timestamp": 1679520955889, "tick_direction": 3, "price": 0.002, "mark_price": 0.00219759, "iv": 80.28, "instrument_name": "BTC-31MAR23-34000-C", "index_price": 27333.9, "direction": "sell", "amount": 0.1}, {"trade_seq": 1608, "trade_id": "247560974", "timestamp": 1679520954700, "tick_direction": 3, "price": 0.002, "mark_price": 0.00219695, "iv": 80.26, "instrument_name": "BTC-31MAR23-34000-C", "index_price": 27335.24, "direction": "sell", "amount": 0.2}, {"trade_seq": 1607, "trade_id": "247539501", "timestamp": 1679517074785, "tick_direction": 3, "price": 0.002, "mark_price": 0.00181912, "iv": 82.28, "instrument_name": "BTC-31MAR23-34000-C", "index_price": 27140.37, "direction": "sell", "amount": 5.0}, {"trade_seq": 1606, "trade_id": "247539484", "timestamp": 1679517065953, "tick_direction": 3, "price": 0.002, "mark_price": 0.00179995, "iv": 82.39, "instrument_name": "BTC-31MAR23-34000-C", "index_price": 27130.07, "direction": "buy", "amount": 2.6}, {"trade_seq": 1605, "trade_id": "247539483", "timestamp": 1679517065953, "tick_direction": 3, "price": 0.002, "mark_price": 0.00179995, "iv": 82.39, "instrument_name": "BTC-31MAR23-34000-C", "index_price": 27130.07, "direction": "buy", "amount": 2.2}, {"trade_seq": 1604, "trade_id": "247539482", "timestamp": 1679517065953, "tick_direction": 2, "price": 0.002, "mark_price": 0.00179995, "iv": 82.39, "instrument_name": "BTC-31MAR23-34000-C", "index_price": 27130.07, "direction": "buy", "amount": 0.2}, {"trade_seq": 1603, "trade_id": "247497972", "timestamp": 1679513707716, "tick_direction": 1, "price": 0.003, "mark_price": 0.00267454, "iv": 84.88, "instrument_name": "BTC-31MAR23-34000-C", "index_price": 27476.99, "direction": "buy", "amount": 1.9}, {"trade_seq": 1602, "trade_id": "247497971", "timestamp": 1679513707716, "tick_direction": 0, "price": 0.003, "mark_price": 0.00267454, "iv": 84.88, "instrument_name": "BTC-31MAR23-34000-C", "index_price": 27476.99, "direction": "buy", "amount": 0.1}, {"trade_seq": 1601, "trade_id": "247481410", "timestamp": 1679512400722, "tick_direction": 3, "price": 0.0025, "mark_price": 0.00265457, "iv": 83.17, "instrument_name": "BTC-31MAR23-34000-C", "index_price": 27346.81, "direction": "sell", "amount": 0.3}, {"trade_seq": 1600, "trade_id": "247481370", "timestamp": 1679512399681, "tick_direction": 3, "price": 0.0025, "mark_price": 0.00266623, "iv": 83.14, "instrument_name": "BTC-31MAR23-34000-C", "index_price": 27348.35, "direction": "sell", "amount": 0.1}, {"trade_seq": 1599, "trade_id": "247481364", "timestamp": 1679512399389, "tick_direction": 3, "price": 0.0025, "mark_price": 0.00266623, "iv": 83.14, "instrument_name": "BTC-31MAR23-34000-C", "index_price": 27348.35, "direction": "sell", "amount": 0.1}, {"trade_seq": 1598, "trade_id": "247481362", "timestamp": 1679512399054, "tick_direction": 3, "price": 0.0025, "mark_price": 0.00266087, "iv": 83.07, "instrument_name": "BTC-31MAR23-34000-C", "index_price": 27354.54, "direction": "sell", "amount": 0.1}, {"trade_seq": 1597, "trade_id": "247481345", "timestamp": 1679512398950, "tick_direction": 3, "price": 0.0025, "mark_price": 0.00266087, "iv": 83.07, "instrument_name": "BTC-31MAR23-34000-C", "index_price": 27354.54, "direction": "sell", "amount": 0.1}, {"trade_seq": 1596, "trade_id": "247481340", "timestamp": 1679512398943, "tick_direction": 2, "price": 0.0025, "mark_price": 0.00266087, "iv": 83.07, "instrument_name": "BTC-31MAR23-34000-C", "index_price": 27354.54, "direction": "sell", "amount": 0.2}, {"trade_seq": 1595, "trade_id": "247453510", "timestamp": 1679511635188, "tick_direction": 2, "price": 0.003, "mark_price": 0.00364218, "iv": 78.29, "instrument_name": "BTC-31MAR23-34000-C", "index_price": 28038.17, "direction": "sell", "amount": 2.0}, {"trade_seq": 1594, "trade_id": "247450200", "timestamp": 1679511433753, "tick_direction": 3, "price": 0.0035, "mark_price": 0.004087, "iv": 79.4, "instrument_name": "BTC-31MAR23-34000-C", "index_price": 28177.96, "direction": "sell", "amount": 11.1}, {"trade_seq": 1593, "trade_id": "247450199", "timestamp": 1679511433753, "tick_direction": 3, "price": 0.0035, "mark_price": 0.004087, "iv": 79.4, "instrument_name": "BTC-31MAR23-34000-C", "index_price": 28177.96, "direction": "sell", "amount": 0.2}, {"trade_seq": 1592, "trade_id": "247450198", "timestamp": 1679511433753, "tick_direction": 3, "price": 0.0035, "mark_price": 0.004087, "iv": 79.4, "instrument_name": "BTC-31MAR23-34000-C", "index_price": 28177.96, "direction": "sell", "amount": 15.0}, {"trade_seq": 1591, "trade_id": "247450197", "timestamp": 1679511433753, "tick_direction": 2, "price": 0.0035, "mark_price": 0.004087, "iv": 79.4, "instrument_name": "BTC-31MAR23-34000-C", "index_price": 28177.96, "direction": "sell", "amount": 3.7}, {"trade_seq": 1590, "trade_id": "247439883", "timestamp": 1679510734283, "tick_direction": 3, "price": 0.0045, "mark_price": 0.00449245, "iv": 82.86, "instrument_name": "BTC-31MAR23-34000-C", "index_price": 28257.3, "direction": "buy", "amount": 0.1}, {"trade_seq": 1589, "trade_id": "247439882", "timestamp": 1679510734283, "tick_direction": 3, "price": 0.0045, "mark_price": 0.00449245, "iv": 82.86, "instrument_name": "BTC-31MAR23-34000-C", "index_price": 28257.3, "direction": "buy", "amount": 0.2}, {"trade_seq": 1588, "trade_id": "247433504", "timestamp": 1679510344145, "tick_direction": 2, "price": 0.0045, "mark_price": 0.00441939, "iv": 83.64, "instrument_name": "BTC-31MAR23-34000-C", "index_price": 28178.49, "direction": "sell", "amount": 0.2}, {"trade_seq": 1587, "trade_id": "247421319", "timestamp": 1679509918865, "tick_direction": 0, "price": 0.006, "mark_price": 0.00559251, "iv": 84.56, "instrument_name": "BTC-31MAR23-34000-C", "index_price": 28588.48, "direction": "buy", "amount": 0.5}, {"trade_seq": 1586, "trade_id": "247415326", "timestamp": 1679509129220, "tick_direction": 3, "price": 0.0055, "mark_price": 0.00515206, "iv": 83.77, "instrument_name": "BTC-31MAR23-34000-C", "index_price": 28505.43, "direction": "buy", "amount": 4.0}, {"trade_seq": 1585, "trade_id": "247415325", "timestamp": 1679509129220, "tick_direction": 3, "price": 0.0055, "mark_price": 0.00515206, "iv": 83.77, "instrument_name": "BTC-31MAR23-34000-C", "index_price": 28505.43, "direction": "buy", "amount": 0.2}, {"trade_seq": 1584, "trade_id": "247415324", "timestamp": 1679509129220, "tick_direction": 2, "price": 0.0055, "mark_price": 0.00515206, "iv": 83.77, "instrument_name": "BTC-31MAR23-34000-C", "index_price": 28505.43, "direction": "buy", "amount": 0.1}, {"trade_seq": 1583, "trade_id": "247385862", "timestamp": 1679507906411, "tick_direction": 0, "price": 0.0075, "mark_price": 0.00739608, "iv": 90.12, "instrument_name": "BTC-31MAR23-34000-C", "index_price": 28562.0, "direction": "buy", "amount": 2.0}, {"trade_seq": 1582, "trade_id": "247376952", "timestamp": 1679506069442, "tick_direction": 3, "price": 0.0065, "mark_price": 0.00640265, "iv": 88.0, "instrument_name": "BTC-31MAR23-34000-C", "index_price": 28457.69, "direction": "buy", "amount": 5.0}, {"trade_seq": 1581, "trade_id": "247376951", "timestamp": 1679506069439, "tick_direction": 3, "price": 0.0065, "mark_price": 0.00640265, "iv": 88.0, "instrument_name": "BTC-31MAR23-34000-C", "index_price": 28457.69, "direction": "sell", "amount": 4.0}, {"trade_seq": 1580, "trade_id": "247376950", "timestamp": 1679506069439, "tick_direction": 2, "price": 0.0065, "mark_price": 0.00640265, "iv": 88.0, "instrument_name": "BTC-31MAR23-34000-C", "index_price": 28457.69, "direction": "sell", "amount": 1.0}, {"trade_seq": 1579, "trade_id": "247371306", "timestamp": 1679505133100, "tick_direction": 1, "price": 0.007, "mark_price": 0.00659712, "iv": 87.41, "instrument_name": "BTC-31MAR23-34000-C", "index_price": 28623.97, "direction": "buy", "amount": 20.0}, {"trade_seq": 1578, "trade_id": "247371305", "timestamp": 1679505130519, "tick_direction": 0, "price": 0.007, "mark_price": 0.00658964, "iv": 87.42, "instrument_name": "BTC-31MAR23-34000-C", "index_price": 28623.1, "direction": "buy", "amount": 20.0}, {"trade_seq": 1577, "trade_id": "247361108", "timestamp": 1679500894232, "tick_direction": 3, "price": 0.006, "mark_price": 0.00673723, "iv": 83.28, "instrument_name": "BTC-31MAR23-34000-C", "index_price": 28637.36, "direction": "sell", "amount": 2.2}, {"trade_seq": 1576, "trade_id": "247361081", "timestamp": 1679500882186, "tick_direction": 3, "price": 0.006, "mark_price": 0.006739, "iv": 83.3, "instrument_name": "BTC-31MAR23-34000-C", "index_price": 28636.52, "direction": "sell", "amount": 1.6}, {"trade_seq": 1575, "trade_id": "247361080", "timestamp": 1679500882186, "tick_direction": 3, "price": 0.006, "mark_price": 0.006739, "iv": 83.3, "instrument_name": "BTC-31MAR23-34000-C", "index_price": 28636.52, "direction": "sell", "amount": 2.4}, {"trade_seq": 1574, "trade_id": "247359293", "timestamp": 1679500261775, "tick_direction": 2, "price": 0.006, "mark_price": 0.00664665, "iv": 83.87, "instrument_name": "BTC-31MAR23-34000-C", "index_price": 28590.34, "direction": "sell", "amount": 0.1}, {"trade_seq": 1573, "trade_id": "247353539", "timestamp": 1679498519061, "tick_direction": 0, "price": 0.0075, "mark_price": 0.00707933, "iv": 87.24, "instrument_name": "BTC-31MAR23-34000-C", "index_price": 28718.27, "direction": "buy", "combo_id": "BTC-CBUT-31MAR23-30000_32000_34000", "block_trade_id": "69589", "amount": 25.0}, {"trade_seq": 1572, "trade_id": "247353537", "timestamp": 1679498519043, "tick_direction": 3, "price": 0.0068, "mark_price": 0.00707258, "iv": 84.94, "instrument_name": "BTC-31MAR23-34000-C", "index_price": 28718.27, "direction": "buy", "combo_id": "BTC-CBUT-31MAR23-30000_32000_34000", "block_trade_id": "69588", "amount": 7.4}, {"trade_seq": 1571, "trade_id": "247353479", "timestamp": 1679498499781, "tick_direction": 3, "price": 0.0068, "mark_price": 0.00711785, "iv": 84.79, "instrument_name": "BTC-31MAR23-34000-C", "index_price": 28730.47, "direction": "buy", "combo_id": "BTC-CBUT-31MAR23-30000_32000_34000", "block_trade_id": "69587", "amount": 6.3}, {"trade_seq": 1570, "trade_id": "247353422", "timestamp": 1679498491048, "tick_direction": 2, "price": 0.0068, "mark_price": 0.00713797, "iv": 84.74, "instrument_name": "BTC-31MAR23-34000-C", "index_price": 28735.25, "direction": "buy", "combo_id": "BTC-CBUT-31MAR23-30000_32000_34000", "block_trade_id": "69586", "amount": 6.3}, {"trade_seq": 1569, "trade_id": "247352581", "timestamp": 1679498278296, "tick_direction": 0, "price": 0.007, "mark_price": 0.00680891, "iv": 85.7, "instrument_name": "BTC-31MAR23-34000-C", "index_price": 28718.48, "direction": "buy", "amount": 1.0}, {"trade_seq": 1568, "trade_id": "247330509", "timestamp": 1679494395987, "tick_direction": 1, "price": 0.006, "mark_price": 0.00610645, "iv": 85.99, "instrument_name": "BTC-31MAR23-34000-C", "index_price": 28406.7, "direction": "buy", "amount": 2.4}, {"trade_seq": 1567, "trade_id": "247330508", "timestamp": 1679494395987, "tick_direction": 1, "price": 0.006, "mark_price": 0.00610645, "iv": 85.99, "instrument_name": "BTC-31MAR23-34000-C", "index_price": 28406.7, "direction": "buy", "amount": 4.0}, {"trade_seq": 1566, "trade_id": "247330507", "timestamp": 1679494395987, "tick_direction": 0, "price": 0.006, "mark_price": 0.00610645, "iv": 85.99, "instrument_name": "BTC-31MAR23-34000-C", "index_price": 28406.7, "direction": "buy", "amount": 2.5}, {"trade_seq": 1565, "trade_id": "247330500", "timestamp": 1679494391762, "tick_direction": 3, "price": 0.0055, "mark_price": 0.00612568, "iv": 84.14, "instrument_name": "BTC-31MAR23-34000-C", "index_price": 28405.21, "direction": "sell", "amount": 2.0}, {"trade_seq": 1564, "trade_id": "247330498", "timestamp": 1679494391516, "tick_direction": 3, "price": 0.0055, "mark_price": 0.00612568, "iv": 84.14, "instrument_name": "BTC-31MAR23-34000-C", "index_price": 28405.21, "direction": "sell", "amount": 1.4}, {"trade_seq": 1563, "trade_id": "247330495", "timestamp": 1679494391260, "tick_direction": 3, "price": 0.0055, "mark_price": 0.00612568, "iv": 84.14, "instrument_name": "BTC-31MAR23-34000-C", "index_price": 28405.21, "direction": "sell", "amount": 0.7}, {"trade_seq": 1562, "trade_id": "247330494", "timestamp": 1679494391260, "tick_direction": 3, "price": 0.0055, "mark_price": 0.00612568, "iv": 84.14, "instrument_name": "BTC-31MAR23-34000-C", "index_price": 28405.21, "direction": "sell", "amount": 0.9}, {"trade_seq": 1561, "trade_id": "247330492", "timestamp": 1679494391008, "tick_direction": 3, "price": 0.0055, "mark_price": 0.00612997, "iv": 84.16, "instrument_name": "BTC-31MAR23-34000-C", "index_price": 28403.86, "direction": "sell", "amount": 1.6}, {"trade_seq": 1560, "trade_id": "247330490", "timestamp": 1679494390758, "tick_direction": 3, "price": 0.0055, "mark_price": 0.00612997, "iv": 84.16, "instrument_name": "BTC-31MAR23-34000-C", "index_price": 28403.86, "direction": "sell", "amount": 2.5}, {"trade_seq": 1559, "trade_id": "247330488", "timestamp": 1679494390509, "tick_direction": 3, "price": 0.0055, "mark_price": 0.00612997, "iv": 84.16, "instrument_name": "BTC-31MAR23-34000-C", "index_price": 28403.86, "direction": "sell", "amount": 2.0}, {"trade_seq": 1558, "trade_id": "247330485", "timestamp": 1679494390253, "tick_direction": 3, "price": 0.0055, "mark_price": 0.00612997, "iv": 84.16, "instrument_name": "BTC-31MAR23-34000-C", "index_price": 28403.86, "direction": "sell", "amount": 2.5}, {"trade_seq": 1557, "trade_id": "247330482", "timestamp": 1679494390003, "tick_direction": 3, "price": 0.0055, "mark_price": 0.00613684, "iv": 84.17, "instrument_name": "BTC-31MAR23-34000-C", "index_price": 28402.87, "direction": "sell", "amount": 0.5}, {"trade_seq": 1556, "trade_id": "247330481", "timestamp": 1679494390003, "tick_direction": 3, "price": 0.0055, "mark_price": 0.00613684, "iv": 84.17, "instrument_name": "BTC-31MAR23-34000-C", "index_price": 28402.87, "direction": "sell", "amount": 1.1}, {"trade_seq": 1555, "trade_id": "247330479", "timestamp": 1679494389751, "tick_direction": 3, "price": 0.0055, "mark_price": 0.00613684, "iv": 84.17, "instrument_name": "BTC-31MAR23-34000-C", "index_price": 28402.87, "direction": "sell", "amount": 1.9}, {"trade_seq": 1554, "trade_id": "247330476", "timestamp": 1679494389503, "tick_direction": 3, "price": 0.0055, "mark_price": 0.00613684, "iv": 84.17, "instrument_name": "BTC-31MAR23-34000-C", "index_price": 28402.87, "direction": "sell", "amount": 1.9}, {"trade_seq": 1553, "trade_id": "247330474", "timestamp": 1679494389252, "tick_direction": 3, "price": 0.0055, "mark_price": 0.00613684, "iv": 84.17, "instrument_name": "BTC-31MAR23-34000-C", "index_price": 28402.87, "direction": "sell", "amount": 1.8}, {"trade_seq": 1552, "trade_id": "247330472", "timestamp": 1679494388996, "tick_direction": 3, "price": 0.0055, "mark_price": 0.00614435, "iv": 84.17, "instrument_name": "BTC-31MAR23-34000-C", "index_price": 28402.64, "direction": "sell", "amount": 2.7}, {"trade_seq": 1551, "trade_id": "247330470", "timestamp": 1679494388741, "tick_direction": 3, "price": 0.0055, "mark_price": 0.00614435, "iv": 84.17, "instrument_name": "BTC-31MAR23-34000-C", "index_price": 28402.64, "direction": "sell", "amount": 2.7}, {"trade_seq": 1550, "trade_id": "247330469", "timestamp": 1679494388485, "tick_direction": 3, "price": 0.0055, "mark_price": 0.00614435, "iv": 84.17, "instrument_name": "BTC-31MAR23-34000-C", "index_price": 28402.64, "direction": "sell", "amount": 3.0}, {"trade_seq": 1549, "trade_id": "247330468", "timestamp": 1679494388231, "tick_direction": 3, "price": 0.0055, "mark_price": 0.00614435, "iv": 84.17, "instrument_name": "BTC-31MAR23-34000-C", "index_price": 28402.64, "direction": "sell", "amount": 0.5}, {"trade_seq": 1548, "trade_id": "247330467", "timestamp": 1679494388231, "tick_direction": 3, "price": 0.0055, "mark_price": 0.00614435, "iv": 84.17, "instrument_name": "BTC-31MAR23-34000-C", "index_price": 28402.64, "direction": "sell", "amount": 0.2}, {"trade_seq": 1547, "trade_id": "247330466", "timestamp": 1679494388231, "tick_direction": 3, "price": 0.0055, "mark_price": 0.00614435, "iv": 84.17, "instrument_name": "BTC-31MAR23-34000-C", "index_price": 28402.64, "direction": "sell", "amount": 2.2}, {"trade_seq": 1546, "trade_id": "247330462", "timestamp": 1679494387981, "tick_direction": 3, "price": 0.0055, "mark_price": 0.006153, "iv": 84.17, "instrument_name": "BTC-31MAR23-34000-C", "index_price": 28402.57, "direction": "sell", "amount": 3.0}, {"trade_seq": 1545, "trade_id": "247330457", "timestamp": 1679494387726, "tick_direction": 3, "price": 0.0055, "mark_price": 0.006153, "iv": 84.17, "instrument_name": "BTC-31MAR23-34000-C", "index_price": 28402.57, "direction": "sell", "amount": 1.8}, {"trade_seq": 1544, "trade_id": "247330456", "timestamp": 1679494387726, "tick_direction": 3, "price": 0.0055, "mark_price": 0.006153, "iv": 84.17, "instrument_name": "BTC-31MAR23-34000-C", "index_price": 28402.57, "direction": "sell", "amount": 0.9}, {"trade_seq": 1543, "trade_id": "247330455", "timestamp": 1679494387430, "tick_direction": 3, "price": 0.0055, "mark_price": 0.006153, "iv": 84.17, "instrument_name": "BTC-31MAR23-34000-C", "index_price": 28402.57, "direction": "sell", "amount": 1.8}, {"trade_seq": 1542, "trade_id": "247330451", "timestamp": 1679494387178, "tick_direction": 3, "price": 0.0055, "mark_price": 0.006153, "iv": 84.17, "instrument_name": "BTC-31MAR23-34000-C", "index_price": 28402.57, "direction": "sell", "amount": 2.9}, {"trade_seq": 1541, "trade_id": "247330449", "timestamp": 1679494386927, "tick_direction": 3, "price": 0.0055, "mark_price": 0.00616133, "iv": 84.17, "instrument_name": "BTC-31MAR23-34000-C", "index_price": 28402.78, "direction": "sell", "amount": 1.2}, {"trade_seq": 1540, "trade_id": "247330447", "timestamp": 1679494386677, "tick_direction": 3, "price": 0.0055, "mark_price": 0.00616133, "iv": 84.17, "instrument_name": "BTC-31MAR23-34000-C", "index_price": 28402.78, "direction": "sell", "amount": 1.1}, {"trade_seq": 1539, "trade_id": "247330442", "timestamp": 1679494386419, "tick_direction": 3, "price": 0.0055, "mark_price": 0.00616133, "iv": 84.17, "instrument_name": "BTC-31MAR23-34000-C", "index_price": 28402.78, "direction": "sell", "amount": 1.1}, {"trade_seq": 1538, "trade_id": "247330436", "timestamp": 1679494386159, "tick_direction": 3, "price": 0.0055, "mark_price": 0.00616133, "iv": 84.17, "instrument_name": "BTC-31MAR23-34000-C", "index_price": 28402.78, "direction": "sell", "amount": 1.3}, {"trade_seq": 1537, "trade_id": "247330434", "timestamp": 1679494385905, "tick_direction": 3, "price": 0.0055, "mark_price": 0.00615495, "iv": 84.2, "instrument_name": "BTC-31MAR23-34000-C", "index_price": 28400.83, "direction": "sell", "amount": 1.7}, {"trade_seq": 1536, "trade_id": "247330433", "timestamp": 1679494385581, "tick_direction": 3, "price": 0.0055, "mark_price": 0.00615495, "iv": 84.2, "instrument_name": "BTC-31MAR23-34000-C", "index_price": 28400.83, "direction": "sell", "amount": 1.7}, {"trade_seq": 1535, "trade_id": "247330430", "timestamp": 1679494385324, "tick_direction": 3, "price": 0.0055, "mark_price": 0.00615495, "iv": 84.2, "instrument_name": "BTC-31MAR23-34000-C", "index_price": 28400.83, "direction": "sell", "amount": 2.1}, {"trade_seq": 1534, "trade_id": "247330429", "timestamp": 1679494385073, "tick_direction": 3, "price": 0.0055, "mark_price": 0.00615495, "iv": 84.2, "instrument_name": "BTC-31MAR23-34000-C", "index_price": 28400.83, "direction": "sell", "amount": 1.3}, {"trade_seq": 1533, "trade_id": "247330428", "timestamp": 1679494384821, "tick_direction": 3, "price": 0.0055, "mark_price": 0.00615463, "iv": 84.2, "instrument_name": "BTC-31MAR23-34000-C", "index_price": 28400.71, "direction": "sell", "amount": 1.1}, {"trade_seq": 1532, "trade_id": "247330427", "timestamp": 1679494384575, "tick_direction": 3, "price": 0.0055, "mark_price": 0.00615463, "iv": 84.2, "instrument_name": "BTC-31MAR23-34000-C", "index_price": 28400.71, "direction": "sell", "amount": 1.2}, {"trade_seq": 1531, "trade_id": "247330426", "timestamp": 1679494384316, "tick_direction": 3, "price": 0.0055, "mark_price": 0.00615463, "iv": 84.2, "instrument_name": "BTC-31MAR23-34000-C", "index_price": 28400.71, "direction": "sell", "amount": 1.6}, {"trade_seq": 1530, "trade_id": "247330425", "timestamp": 1679494384316, "tick_direction": 2, "price": 0.0055, "mark_price": 0.00615463, "iv": 84.2, "instrument_name": "BTC-31MAR23-34000-C", "index_price": 28400.71, "direction": "sell", "amount": 1.0}, {"trade_seq": 1529, "trade_id": "247330424", "timestamp": 1679494384069, "tick_direction": 1, "price": 0.006, "mark_price": 0.00615463, "iv": 86.07, "instrument_name": "BTC-31MAR23-34000-C", "index_price": 28400.71, "direction": "buy", "amount": 1.3}, {"trade_seq": 1528, "trade_id": "247330423", "timestamp": 1679494383815, "tick_direction": 1, "price": 0.006, "mark_price": 0.00615513, "iv": 86.07, "instrument_name": "BTC-31MAR23-34000-C", "index_price": 28400.97, "direction": "buy", "amount": 2.5}, {"trade_seq": 1527, "trade_id": "247330422", "timestamp": 1679494383556, "tick_direction": 1, "price": 0.006, "mark_price": 0.00615513, "iv": 86.07, "instrument_name": "BTC-31MAR23-34000-C", "index_price": 28400.97, "direction": "sell", "amount": 2.5}, {"trade_seq": 1526, "trade_id": "247330420", "timestamp": 1679494383262, "tick_direction": 1, "price": 0.006, "mark_price": 0.00615513, "iv": 86.07, "instrument_name": "BTC-31MAR23-34000-C", "index_price": 28400.97, "direction": "buy", "amount": 1.9}, {"trade_seq": 1525, "trade_id": "247330418", "timestamp": 1679494382975, "tick_direction": 1, "price": 0.006, "mark_price": 0.00615286, "iv": 86.08, "instrument_name": "BTC-31MAR23-34000-C", "index_price": 28400.47, "direction": "buy", "amount": 1.8}, {"trade_seq": 1524, "trade_id": "247330413", "timestamp": 1679494382717, "tick_direction": 0, "price": 0.006, "mark_price": 0.00615286, "iv": 86.08, "instrument_name": "BTC-31MAR23-34000-C", "index_price": 28400.47, "direction": "buy", "amount": 2.3}, {"trade_seq": 1523, "trade_id": "247330412", "timestamp": 1679494382474, "tick_direction": 3, "price": 0.0055, "mark_price": 0.00615286, "iv": 84.21, "instrument_name": "BTC-31MAR23-34000-C", "index_price": 28400.47, "direction": "sell", "amount": 1.8}, {"trade_seq": 1522, "trade_id": "247330411", "timestamp": 1679494382474, "tick_direction": 2, "price": 0.0055, "mark_price": 0.00615286, "iv": 84.21, "instrument_name": "BTC-31MAR23-34000-C", "index_price": 28400.47, "direction": "sell", "amount": 0.1}, {"trade_seq": 1521, "trade_id": "247330410", "timestamp": 1679494382031, "tick_direction": 3, "price": 0.006, "mark_price": 0.00615199, "iv": 86.08, "instrument_name": "BTC-31MAR23-34000-C", "index_price": 28400.47, "direction": "buy", "amount": 0.9}, {"trade_seq": 1520, "trade_id": "247330409", "timestamp": 1679494382029, "tick_direction": 3, "price": 0.006, "mark_price": 0.00615199, "iv": 86.08, "instrument_name": "BTC-31MAR23-34000-C", "index_price": 28400.47, "direction": "sell", "amount": 0.1}, {"trade_seq": 1519, "trade_id": "247327249", "timestamp": 1679492590456, "tick_direction": 2, "price": 0.006, "mark_price": 0.00621097, "iv": 86.09, "instrument_name": "BTC-31MAR23-34000-C", "index_price": 28385.91, "direction": "sell", "amount": 4.0}, {"trade_seq": 1518, "trade_id": "247326701", "timestamp": 1679492347301, "tick_direction": 1, "price": 0.0065, "mark_price": 0.00644761, "iv": 87.19, "instrument_name": "BTC-31MAR23-34000-C", "index_price": 28448.13, "direction": "buy", "amount": 1.9}, {"trade_seq": 1517, "trade_id": "247326700", "timestamp": 1679492347053, "tick_direction": 1, "price": 0.0065, "mark_price": 0.00644761, "iv": 87.19, "instrument_name": "BTC-31MAR23-34000-C", "index_price": 28448.13, "direction": "buy", "amount": 1.6}, {"trade_seq": 1516, "trade_id": "247326698", "timestamp": 1679492345053, "tick_direction": 1, "price": 0.0065, "mark_price": 0.00646513, "iv": 87.14, "instrument_name": "BTC-31MAR23-34000-C", "index_price": 28452.26, "direction": "buy", "amount": 2.4}, {"trade_seq": 1515, "trade_id": "247326678", "timestamp": 1679492344800, "tick_direction": 1, "price": 0.0065, "mark_price": 0.00646513, "iv": 87.14, "instrument_name": "BTC-31MAR23-34000-C", "index_price": 28452.26, "direction": "buy", "amount": 1.6}, {"trade_seq": 1514, "trade_id": "247326677", "timestamp": 1679492343381, "tick_direction": 1, "price": 0.0065, "mark_price": 0.00646421, "iv": 87.13, "instrument_name": "BTC-31MAR23-34000-C", "index_price": 28452.63, "direction": "buy", "amount": 2.7}, {"trade_seq": 1513, "trade_id": "247326673", "timestamp": 1679492343116, "tick_direction": 1, "price": 0.0065, "mark_price": 0.00646421, "iv": 87.14, "instrument_name": "BTC-31MAR23-34000-C", "index_price": 28452.14, "direction": "buy", "amount": 1.7}, {"trade_seq": 1512, "trade_id": "247326628", "timestamp": 1679492312654, "tick_direction": 1, "price": 0.0065, "mark_price": 0.00648743, "iv": 87.07, "instrument_name": "BTC-31MAR23-34000-C", "index_price": 28453.07, "direction": "buy", "amount": 1.0}, {"trade_seq": 1511, "trade_id": "247326556", "timestamp": 1679492304353, "tick_direction": 0, "price": 0.0065, "mark_price": 0.00654787, "iv": 86.94, "instrument_name": "BTC-31MAR23-34000-C", "index_price": 28462.78, "direction": "buy", "amount": 1.1}, {"trade_seq": 1510, "trade_id": "247326555", "timestamp": 1679492304349, "tick_direction": 2, "price": 0.006, "mark_price": 0.00654787, "iv": 85.15, "instrument_name": "BTC-31MAR23-34000-C", "index_price": 28462.78, "direction": "sell", "amount": 3.0}, {"trade_seq": 1509, "trade_id": "247326544", "timestamp": 1679492304096, "tick_direction": 1, "price": 0.0065, "mark_price": 0.00654787, "iv": 86.93, "instrument_name": "BTC-31MAR23-34000-C", "index_price": 28462.78, "direction": "buy", "amount": 0.8}, {"trade_seq": 1508, "trade_id": "247326376", "timestamp": 1679492258908, "tick_direction": 0, "price": 0.0065, "mark_price": 0.00645885, "iv": 87.27, "instrument_name": "BTC-31MAR23-34000-C", "index_price": 28433.7, "direction": "buy", "amount": 1.0}, {"trade_seq": 1507, "trade_id": "247326226", "timestamp": 1679492233711, "tick_direction": 2, "price": 0.006, "mark_price": 0.00650351, "iv": 85.37, "instrument_name": "BTC-31MAR23-34000-C", "index_price": 28442.83, "direction": "sell", "amount": 1.2}, {"trade_seq": 1506, "trade_id": "247326218", "timestamp": 1679492233459, "tick_direction": 1, "price": 0.0065, "mark_price": 0.00650351, "iv": 87.15, "instrument_name": "BTC-31MAR23-34000-C", "index_price": 28443.44, "direction": "buy", "amount": 2.8}, {"trade_seq": 1505, "trade_id": "247326217", "timestamp": 1679492233459, "tick_direction": 0, "price": 0.0065, "mark_price": 0.00650351, "iv": 87.15, "instrument_name": "BTC-31MAR23-34000-C", "index_price": 28443.44, "direction": "buy", "amount": 1.4}, {"trade_seq": 1504, "trade_id": "247325252", "timestamp": 1679491801141, "tick_direction": 3, "price": 0.006, "mark_price": 0.00656089, "iv": 85.96, "instrument_name": "BTC-31MAR23-34000-C", "index_price": 28392.09, "direction": "sell", "amount": 3.0}, {"trade_seq": 1503, "trade_id": "247320325", "timestamp": 1679489034361, "tick_direction": 2, "price": 0.006, "mark_price": 0.00651368, "iv": 87.01, "instrument_name": "BTC-31MAR23-34000-C", "index_price": 28293.52, "direction": "sell", "amount": 1.1}, {"trade_seq": 1502, "trade_id": "247320323", "timestamp": 1679489034121, "tick_direction": 3, "price": 0.0065, "mark_price": 0.00651368, "iv": 88.82, "instrument_name": "BTC-31MAR23-34000-C", "index_price": 28293.52, "direction": "buy", "amount": 3.0}, {"trade_seq": 1501, "trade_id": "247320320", "timestamp": 1679489032630, "tick_direction": 3, "price": 0.0065, "mark_price": 0.00650903, "iv": 88.91, "instrument_name": "BTC-31MAR23-34000-C", "index_price": 28286.97, "direction": "buy", "amount": 1.1}, {"trade_seq": 1500, "trade_id": "247320318", "timestamp": 1679489032384, "tick_direction": 3, "price": 0.0065, "mark_price": 0.00650803, "iv": 88.91, "instrument_name": "BTC-31MAR23-34000-C", "index_price": 28286.97, "direction": "buy", "amount": 2.3}, {"trade_seq": 1499, "trade_id": "247316291", "timestamp": 1679486746590, "tick_direction": 3, "price": 0.0065, "mark_price": 0.00647899, "iv": 90.16, "instrument_name": "BTC-31MAR23-34000-C", "index_price": 28196.21, "direction": "sell", "amount": 0.2}, {"trade_seq": 1498, "trade_id": "247306604", "timestamp": 1679479694148, "tick_direction": 2, "price": 0.0065, "mark_price": 0.00656848, "iv": 89.81, "instrument_name": "BTC-31MAR23-34000-C", "index_price": 28168.29, "direction": "buy", "amount": 0.1}, {"trade_seq": 1497, "trade_id": "247296733", "timestamp": 1679473431551, "tick_direction": 1, "price": 0.007, "mark_price": 0.00713277, "iv": 90.62, "instrument_name": "BTC-31MAR23-34000-C", "index_price": 28225.96, "direction": "sell", "amount": 0.2}, {"trade_seq": 1496, "trade_id": "247296435", "timestamp": 1679473247791, "tick_direction": 1, "price": 0.007, "mark_price": 0.00712936, "iv": 90.5, "instrument_name": "BTC-31MAR23-34000-C", "index_price": 28238.46, "direction": "sell", "amount": 1.0}, {"trade_seq": 1495, "trade_id": "247268138", "timestamp": 1679459184665, "tick_direction": 1, "price": 0.007, "mark_price": 0.007015, "iv": 89.5, "instrument_name": "BTC-31MAR23-34000-C", "index_price": 28225.6, "direction": "sell", "amount": 20.5}, {"trade_seq": 1494, "trade_id": "247268137", "timestamp": 1679459184665, "tick_direction": 1, "price": 0.007, "mark_price": 0.007015, "iv": 89.5, "instrument_name": "BTC-31MAR23-34000-C", "index_price": 28225.6, "direction": "sell", "amount": 0.1}, {"trade_seq": 1493, "trade_id": "247268136", "timestamp": 1679459184665, "tick_direction": 1, "price": 0.007, "mark_price": 0.007015, "iv": 89.5, "instrument_name": "BTC-31MAR23-34000-C", "index_price": 28225.6, "direction": "sell", "amount": 4.4}, {"trade_seq": 1492, "trade_id": "247254338", "timestamp": 1679453028976, "tick_direction": 1, "price": 0.007, "mark_price": 0.00718139, "iv": 90.09, "instrument_name": "BTC-31MAR23-34000-C", "index_price": 28163.62, "direction": "sell", "amount": 0.1}, {"trade_seq": 1491, "trade_id": "247249871", "timestamp": 1679450048038, "tick_direction": 0, "price": 0.007, "mark_price": 0.00678831, "iv": 89.89, "instrument_name": "BTC-31MAR23-34000-C", "index_price": 28167.69, "direction": "sell", "amount": 7.5}, {"trade_seq": 1490, "trade_id": "247248872", "timestamp": 1679449553240, "tick_direction": 0, "price": 0.0065, "mark_price": 0.00620474, "iv": 88.42, "instrument_name": "BTC-31MAR23-34000-C", "index_price": 28136.51, "direction": "buy", "amount": 0.2}, {"trade_seq": 1489, "trade_id": "247243914", "timestamp": 1679447183752, "tick_direction": 3, "price": 0.006, "mark_price": 0.00585339, "iv": 86.81, "instrument_name": "BTC-31MAR23-34000-C", "index_price": 28126.94, "direction": "buy", "amount": 0.1}, {"trade_seq": 1488, "trade_id": "247235423", "timestamp": 1679443827429, "tick_direction": 3, "price": 0.006, "mark_price": 0.00568256, "iv": 86.28, "instrument_name": "BTC-31MAR23-34000-C", "index_price": 28154.72, "direction": "sell", "amount": 0.9}, {"trade_seq": 1487, "trade_id": "247235422", "timestamp": 1679443827380, "tick_direction": 2, "price": 0.006, "mark_price": 0.00568256, "iv": 86.28, "instrument_name": "BTC-31MAR23-34000-C", "index_price": 28154.72, "direction": "buy", "amount": 0.1}, {"trade_seq": 1486, "trade_id": "247213719", "timestamp": 1679432183755, "tick_direction": 3, "price": 0.0065, "mark_price": 0.00639012, "iv": 87.39, "instrument_name": "BTC-31MAR23-34000-C", "index_price": 28161.68, "direction": "buy", "amount": 0.6}, {"trade_seq": 1485, "trade_id": "247213718", "timestamp": 1679432183753, "tick_direction": 3, "price": 0.0065, "mark_price": 0.00639012, "iv": 87.39, "instrument_name": "BTC-31MAR23-34000-C", "index_price": 28161.68, "direction": "buy", "amount": 0.9}, {"trade_seq": 1484, "trade_id": "247212590", "timestamp": 1679431682015, "tick_direction": 3, "price": 0.0065, "mark_price": 0.00635445, "iv": 87.33, "instrument_name": "BTC-31MAR23-34000-C", "index_price": 28162.82, "direction": "buy", "amount": 1.1}, {"trade_seq": 1483, "trade_id": "247212589", "timestamp": 1679431682012, "tick_direction": 3, "price": 0.0065, "mark_price": 0.00635445, "iv": 87.33, "instrument_name": "BTC-31MAR23-34000-C", "index_price": 28162.82, "direction": "buy", "amount": 2.6}, {"trade_seq": 1482, "trade_id": "247201508", "timestamp": 1679426423514, "tick_direction": 3, "price": 0.0065, "mark_price": 0.00659617, "iv": 86.42, "instrument_name": "BTC-31MAR23-34000-C", "index_price": 28205.59, "direction": "sell", "amount": 4.0}, {"trade_seq": 1481, "trade_id": "247194438", "timestamp": 1679423321201, "tick_direction": 3, "price": 0.0065, "mark_price": 0.00666667, "iv": 86.88, "instrument_name": "BTC-31MAR23-34000-C", "index_price": 28173.91, "direction": "sell", "amount": 1.5}, {"trade_seq": 1480, "trade_id": "247193976", "timestamp": 1679423144831, "tick_direction": 3, "price": 0.0065, "mark_price": 0.00664805, "iv": 86.84, "instrument_name": "BTC-31MAR23-34000-C", "index_price": 28175.08, "direction": "sell", "amount": 2.0}, {"trade_seq": 1479, "trade_id": "247193233", "timestamp": 1679422961354, "tick_direction": 3, "price": 0.0065, "mark_price": 0.00647377, "iv": 87.4, "instrument_name": "BTC-31MAR23-34000-C", "index_price": 28121.34, "direction": "sell", "amount": 2.5}, {"trade_seq": 1478, "trade_id": "247190338", "timestamp": 1679421862359, "tick_direction": 3, "price": 0.0065, "mark_price": 0.00629169, "iv": 87.74, "instrument_name": "BTC-31MAR23-34000-C", "index_price": 28091.16, "direction": "buy", "amount": 2.8}, {"trade_seq": 1477, "trade_id": "247190337", "timestamp": 1679421862359, "tick_direction": 2, "price": 0.0065, "mark_price": 0.00629169, "iv": 87.74, "instrument_name": "BTC-31MAR23-34000-C", "index_price": 28091.16, "direction": "buy", "amount": 2.6}, {"trade_seq": 1476, "trade_id": "247127508", "timestamp": 1679404482739, "tick_direction": 1, "price": 0.007, "mark_price": 0.0073638, "iv": 87.76, "instrument_name": "BTC-31MAR23-34000-C", "index_price": 28136.29, "direction": "sell", "amount": 5.6}, {"trade_seq": 1475, "trade_id": "247127507", "timestamp": 1679404482739, "tick_direction": 1, "price": 0.007, "mark_price": 0.0073638, "iv": 87.76, "instrument_name": "BTC-31MAR23-34000-C", "index_price": 28136.29, "direction": "sell", "amount": 15.0}, {"trade_seq": 1474, "trade_id": "247127506", "timestamp": 1679404482739, "tick_direction": 1, "price": 0.007, "mark_price": 0.0073638, "iv": 87.76, "instrument_name": "BTC-31MAR23-34000-C", "index_price": 28136.29, "direction": "sell", "amount": 4.4}, {"trade_seq": 1473, "trade_id": "247121127", "timestamp": 1679403121919, "tick_direction": 0, "price": 0.007, "mark_price": 0.00708966, "iv": 87.33, "instrument_name": "BTC-31MAR23-34000-C", "index_price": 28165.62, "direction": "buy", "amount": 1.0}, {"trade_seq": 1472, "trade_id": "247111871", "timestamp": 1679399274049, "tick_direction": 2, "price": 0.0055, "mark_price": 0.00530937, "iv": 82.94, "instrument_name": "BTC-31MAR23-34000-C", "index_price": 28073.14, "direction": "buy", "amount": 8.9}, {"trade_seq": 1471, "trade_id": "247097736", "timestamp": 1679394175358, "tick_direction": 0, "price": 0.006, "mark_price": 0.00564438, "iv": 83.32, "instrument_name": "BTC-31MAR23-34000-C", "index_price": 28187.06, "direction": "buy", "amount": 2.0}, {"trade_seq": 1470, "trade_id": "247090072", "timestamp": 1679392124951, "tick_direction": 1, "price": 0.0055, "mark_price": 0.00527153, "iv": 82.95, "instrument_name": "BTC-31MAR23-34000-C", "index_price": 28046.35, "direction": "buy", "amount": 2.4}, {"trade_seq": 1469, "trade_id": "247090071", "timestamp": 1679392124951, "tick_direction": 0, "price": 0.0055, "mark_price": 0.00527153, "iv": 82.95, "instrument_name": "BTC-31MAR23-34000-C", "index_price": 28046.35, "direction": "buy", "amount": 4.0}, {"trade_seq": 1468, "trade_id": "247082961", "timestamp": 1679390566033, "tick_direction": 2, "price": 0.004, "mark_price": 0.00446064, "iv": 80.39, "instrument_name": "BTC-31MAR23-34000-C", "index_price": 27743.81, "direction": "sell", "amount": 2.0}, {"trade_seq": 1467, "trade_id": "247064512", "timestamp": 1679384373277, "tick_direction": 0, "price": 0.005, "mark_price": 0.00473292, "iv": 86.01, "instrument_name": "BTC-31MAR23-34000-C", "index_price": 27584.41, "direction": "buy", "amount": 8.9}, {"trade_seq": 1466, "trade_id": "247060175", "timestamp": 1679383229357, "tick_direction": 3, "price": 0.0045, "mark_price": 0.004755, "iv": 84.51, "instrument_name": "BTC-31MAR23-34000-C", "index_price": 27528.44, "direction": "sell", "amount": 0.1}, {"trade_seq": 1465, "trade_id": "247060174", "timestamp": 1679383229357, "tick_direction": 3, "price": 0.0045, "mark_price": 0.004755, "iv": 84.51, "instrument_name": "BTC-31MAR23-34000-C", "index_price": 27528.44, "direction": "sell", "amount": 4.9}, {"trade_seq": 1464, "trade_id": "247056192", "timestamp": 1679382650085, "tick_direction": 2, "price": 0.0045, "mark_price": 0.00456757, "iv": 84.77, "instrument_name": "BTC-31MAR23-34000-C", "index_price": 27495.1, "direction": "sell", "amount": 0.1}, {"trade_seq": 1463, "trade_id": "247042510", "timestamp": 1679378734486, "tick_direction": 3, "price": 0.005, "mark_price": 0.00514674, "iv": 82.96, "instrument_name": "BTC-31MAR23-34000-C", "index_price": 27797.34, "direction": "sell", "amount": 2.7}, {"trade_seq": 1462, "trade_id": "247041938", "timestamp": 1679378616455, "tick_direction": 3, "price": 0.005, "mark_price": 0.00504165, "iv": 83.29, "instrument_name": "BTC-31MAR23-34000-C", "index_price": 27796.34, "direction": "sell", "amount": 0.4}, {"trade_seq": 1461, "trade_id": "247041937", "timestamp": 1679378616425, "tick_direction": 3, "price": 0.005, "mark_price": 0.00504165, "iv": 83.29, "instrument_name": "BTC-31MAR23-34000-C", "index_price": 27796.34, "direction": "sell", "amount": 0.4}, {"trade_seq": 1460, "trade_id": "247037673", "timestamp": 1679376820992, "tick_direction": 3, "price": 0.005, "mark_price": 0.00501884, "iv": 82.0, "instrument_name": "BTC-31MAR23-34000-C", "index_price": 27887.82, "direction": "sell", "amount": 0.3}, {"trade_seq": 1459, "trade_id": "247037643", "timestamp": 1679376820349, "tick_direction": 3, "price": 0.005, "mark_price": 0.00502644, "iv": 81.98, "instrument_name": "BTC-31MAR23-34000-C", "index_price": 27899.0, "direction": "sell", "amount": 0.2}, {"trade_seq": 1458, "trade_id": "247037639", "timestamp": 1679376820284, "tick_direction": 3, "price": 0.005, "mark_price": 0.00502644, "iv": 81.98, "instrument_name": "BTC-31MAR23-34000-C", "index_price": 27899.0, "direction": "sell", "amount": 0.1}, {"trade_seq": 1457, "trade_id": "247037597", "timestamp": 1679376818482, "tick_direction": 3, "price": 0.005, "mark_price": 0.00503668, "iv": 81.96, "instrument_name": "BTC-31MAR23-34000-C", "index_price": 27903.23, "direction": "sell", "amount": 0.1}, {"trade_seq": 1456, "trade_id": "247037596", "timestamp": 1679376818430, "tick_direction": 3, "price": 0.005, "mark_price": 0.00503668, "iv": 81.96, "instrument_name": "BTC-31MAR23-34000-C", "index_price": 27903.23, "direction": "sell", "amount": 0.1}, {"trade_seq": 1455, "trade_id": "247037595", "timestamp": 1679376818369, "tick_direction": 3, "price": 0.005, "mark_price": 0.00503668, "iv": 81.96, "instrument_name": "BTC-31MAR23-34000-C", "index_price": 27903.23, "direction": "sell", "amount": 0.1}, {"trade_seq": 1454, "trade_id": "247037584", "timestamp": 1679376818225, "tick_direction": 3, "price": 0.005, "mark_price": 0.00503668, "iv": 81.96, "instrument_name": "BTC-31MAR23-34000-C", "index_price": 27903.23, "direction": "sell", "amount": 0.1}, {"trade_seq": 1453, "trade_id": "247037582", "timestamp": 1679376817461, "tick_direction": 3, "price": 0.005, "mark_price": 0.00504886, "iv": 81.91, "instrument_name": "BTC-31MAR23-34000-C", "index_price": 27907.56, "direction": "sell", "amount": 0.5}, {"trade_seq": 1452, "trade_id": "247033838", "timestamp": 1679374330540, "tick_direction": 3, "price": 0.005, "mark_price": 0.00502254, "iv": 80.84, "instrument_name": "BTC-31MAR23-34000-C", "index_price": 27998.06, "direction": "buy", "amount": 0.1}, {"trade_seq": 1451, "trade_id": "246992872", "timestamp": 1679354531194, "tick_direction": 3, "price": 0.005, "mark_price": 0.00528113, "iv": 81.21, "instrument_name": "BTC-31MAR23-34000-C", "index_price": 27859.02, "direction": "sell", "amount": 0.2}, {"trade_seq": 1450, "trade_id": "246992871", "timestamp": 1679354531194, "tick_direction": 2, "price": 0.005, "mark_price": 0.00528113, "iv": 81.21, "instrument_name": "BTC-31MAR23-34000-C", "index_price": 27859.02, "direction": "sell", "amount": 2.8}, {"trade_seq": 1449, "trade_id": "246987480", "timestamp": 1679352776125, "tick_direction": 3, "price": 0.0055, "mark_price": 0.00574578, "iv": 80.84, "instrument_name": "BTC-31MAR23-34000-C", "index_price": 28054.78, "direction": "sell", "amount": 1.0}, {"trade_seq": 1448, "trade_id": "246987479", "timestamp": 1679352773931, "tick_direction": 2, "price": 0.0055, "mark_price": 0.0057446, "iv": 80.84, "instrument_name": "BTC-31MAR23-34000-C", "index_price": 28054.28, "direction": "sell", "amount": 1.0}, {"trade_seq": 1447, "trade_id": "246980359", "timestamp": 1679348939324, "tick_direction": 2, "price": 0.006, "mark_price": 0.00584349, "iv": 82.44, "instrument_name": "BTC-31MAR23-34000-C", "index_price": 28054.53, "direction": "buy", "amount": 5.0}, {"trade_seq": 1446, "trade_id": "246972940", "timestamp": 1679346100254, "tick_direction": 0, "price": 0.0065, "mark_price": 0.00630903, "iv": 82.65, "instrument_name": "BTC-31MAR23-34000-C", "index_price": 28171.31, "direction": "buy", "amount": 0.6}, {"trade_seq": 1445, "trade_id": "246955756", "timestamp": 1679341230169, "tick_direction": 2, "price": 0.0055, "mark_price": 0.00547785, "iv": 82.88, "instrument_name": "BTC-31MAR23-34000-C", "index_price": 27832.64, "direction": "buy", "amount": 8.8}, {"trade_seq": 1444, "trade_id": "246946666", "timestamp": 1679339635345, "tick_direction": 1, "price": 0.006, "mark_price": 0.00584086, "iv": 83.04, "instrument_name": "BTC-31MAR23-34000-C", "index_price": 27954.67, "direction": "buy", "amount": 5.0}, {"trade_seq": 1443, "trade_id": "246946655", "timestamp": 1679339624417, "tick_direction": 1, "price": 0.006, "mark_price": 0.0058465, "iv": 83.03, "instrument_name": "BTC-31MAR23-34000-C", "index_price": 27956.33, "direction": "buy", "amount": 15.0}, {"trade_seq": 1442, "trade_id": "246946654", "timestamp": 1679339621694, "tick_direction": 1, "price": 0.006, "mark_price": 0.00584763, "iv": 83.02, "instrument_name": "BTC-31MAR23-34000-C", "index_price": 27956.54, "direction": "buy", "amount": 15.0}, {"trade_seq": 1441, "trade_id": "246946653", "timestamp": 1679339619550, "tick_direction": 0, "price": 0.006, "mark_price": 0.00584952, "iv": 83.02, "instrument_name": "BTC-31MAR23-34000-C", "index_price": 27957.19, "direction": "buy", "amount": 15.0}, {"trade_seq": 1440, "trade_id": "246910889", "timestamp": 1679330833898, "tick_direction": 2, "price": 0.005, "mark_price": 0.00494772, "iv": 83.11, "instrument_name": "BTC-31MAR23-34000-C", "index_price": 27615.6, "direction": "buy", "amount": 4.0}, {"trade_seq": 1439, "trade_id": "246866802", "timestamp": 1679321276504, "tick_direction": 0, "price": 0.007, "mark_price": 0.00683957, "iv": 84.73, "instrument_name": "BTC-31MAR23-34000-C", "index_price": 28039.26, "direction": "buy", "amount": 6.9}, {"trade_seq": 1438, "trade_id": "246863271", "timestamp": 1679320694236, "tick_direction": 3, "price": 0.0065, "mark_price": 0.00681055, "iv": 84.58, "instrument_name": "BTC-31MAR23-34000-C", "index_price": 27910.74, "direction": "buy", "amount": 1.7}, {"trade_seq": 1437, "trade_id": "246863267", "timestamp": 1679320694228, "tick_direction": 2, "price": 0.0065, "mark_price": 0.00681055, "iv": 84.58, "instrument_name": "BTC-31MAR23-34000-C", "index_price": 27910.74, "direction": "sell", "amount": 3.3}, {"trade_seq": 1436, "trade_id": "246854328", "timestamp": 1679319027895, "tick_direction": 3, "price": 0.0075, "mark_price": 0.0078078, "iv": 84.71, "instrument_name": "BTC-31MAR23-34000-C", "index_price": 28174.62, "direction": "sell", "amount": 2.0}, {"trade_seq": 1435, "trade_id": "246854325", "timestamp": 1679319025714, "tick_direction": 2, "price": 0.0075, "mark_price": 0.00783485, "iv": 84.64, "instrument_name": "BTC-31MAR23-34000-C", "index_price": 28180.32, "direction": "sell", "amount": 2.0}, {"trade_seq": 1434, "trade_id": "246848622", "timestamp": 1679315608933, "tick_direction": 2, "price": 0.009, "mark_price": 0.00900538, "iv": 87.26, "instrument_name": "BTC-31MAR23-34000-C", "index_price": 28306.32, "direction": "sell", "amount": 1.0}, {"trade_seq": 1433, "trade_id": "246829138", "timestamp": 1679307016355, "tick_direction": 2, "price": 0.0095, "mark_price": 0.00930623, "iv": 88.44, "instrument_name": "BTC-31MAR23-34000-C", "index_price": 28311.3, "direction": "buy", "amount": 0.1}, {"trade_seq": 1432, "trade_id": "246814731", "timestamp": 1679303308016, "tick_direction": 1, "price": 0.01, "mark_price": 0.00967821, "iv": 89.18, "instrument_name": "BTC-31MAR23-34000-C", "index_price": 28355.37, "direction": "sell", "amount": 10.0}, {"trade_seq": 1431, "trade_id": "246813952", "timestamp": 1679303237641, "tick_direction": 1, "price": 0.01, "mark_price": 0.00947683, "iv": 89.18, "instrument_name": "BTC-31MAR23-34000-C", "index_price": 28340.31, "direction": "buy", "amount": 1.6}, {"trade_seq": 1430, "trade_id": "246813951", "timestamp": 1679303237641, "tick_direction": 1, "price": 0.01, "mark_price": 0.00947683, "iv": 89.18, "instrument_name": "BTC-31MAR23-34000-C", "index_price": 28340.31, "direction": "buy", "amount": 3.4}, {"trade_seq": 1429, "trade_id": "246809026", "timestamp": 1679302625309, "tick_direction": 0, "price": 0.01, "mark_price": 0.0098408, "iv": 88.41, "instrument_name": "BTC-31MAR23-34000-C", "index_price": 28398.9, "direction": "buy", "amount": 1.0}, {"trade_seq": 1428, "trade_id": "246798598", "timestamp": 1679300390973, "tick_direction": 3, "price": 0.0075, "mark_price": 0.00809965, "iv": 84.28, "instrument_name": "BTC-31MAR23-34000-C", "index_price": 28142.43, "direction": "sell", "amount": 0.2}, {"trade_seq": 1427, "trade_id": "246798185", "timestamp": 1679300291818, "tick_direction": 2, "price": 0.0075, "mark_price": 0.00803733, "iv": 84.6, "instrument_name": "BTC-31MAR23-34000-C", "index_price": 28118.48, "direction": "sell", "amount": 0.1}, {"trade_seq": 1426, "trade_id": "246791190", "timestamp": 1679299364051, "tick_direction": 0, "price": 0.0085, "mark_price": 0.00881451, "iv": 85.38, "instrument_name": "BTC-31MAR23-34000-C", "index_price": 28318.29, "direction": "sell", "amount": 0.2}, {"trade_seq": 1425, "trade_id": "246769818", "timestamp": 1679296454750, "tick_direction": 1, "price": 0.0075, "mark_price": 0.00730579, "iv": 86.18, "instrument_name": "BTC-31MAR23-34000-C", "index_price": 27954.78, "direction": "buy", "amount": 4.0}, {"trade_seq": 1424, "trade_id": "246769806", "timestamp": 1679296450593, "tick_direction": 0, "price": 0.0075, "mark_price": 0.00731521, "iv": 86.14, "instrument_name": "BTC-31MAR23-34000-C", "index_price": 27957.45, "direction": "buy", "amount": 4.0}, {"trade_seq": 1423, "trade_id": "246750455", "timestamp": 1679289882228, "tick_direction": 3, "price": 0.006, "mark_price": 0.00636553, "iv": 86.16, "instrument_name": "BTC-31MAR23-34000-C", "index_price": 27502.9, "direction": "sell", "amount": 2.0}, {"trade_seq": 1422, "trade_id": "246724383", "timestamp": 1679282972948, "tick_direction": 3, "price": 0.006, "mark_price": 0.00589497, "iv": 87.27, "instrument_name": "BTC-31MAR23-34000-C", "index_price": 27364.49, "direction": "buy", "amount": 3.6}, {"trade_seq": 1421, "trade_id": "246718060", "timestamp": 1679281566103, "tick_direction": 2, "price": 0.006, "mark_price": 0.00660123, "iv": 85.2, "instrument_name": "BTC-31MAR23-34000-C", "index_price": 27558.39, "direction": "sell", "amount": 0.5}, {"trade_seq": 1420, "trade_id": "246679298", "timestamp": 1679271907537, "tick_direction": 0, "price": 0.01, "mark_price": 0.01008386, "iv": 90.47, "instrument_name": "BTC-31MAR23-34000-C", "index_price": 28086.01, "direction": "sell", "amount": 2.5}, {"trade_seq": 1419, "trade_id": "246677660", "timestamp": 1679271394478, "tick_direction": 3, "price": 0.0095, "mark_price": 0.00973626, "iv": 89.99, "instrument_name": "BTC-31MAR23-34000-C", "index_price": 28018.95, "direction": "buy", "amount": 1.0}, {"trade_seq": 1418, "trade_id": "246677657", "timestamp": 1679271393433, "tick_direction": 3, "price": 0.0095, "mark_price": 0.00974074, "iv": 89.99, "instrument_name": "BTC-31MAR23-34000-C", "index_price": 28018.22, "direction": "buy", "amount": 1.0}, {"trade_seq": 1417, "trade_id": "246677652", "timestamp": 1679271392355, "tick_direction": 3, "price": 0.0095, "mark_price": 0.00974197, "iv": 89.98, "instrument_name": "BTC-31MAR23-34000-C", "index_price": 28018.5, "direction": "buy", "amount": 1.0}, {"trade_seq": 1416, "trade_id": "246677647", "timestamp": 1679271391264, "tick_direction": 3, "price": 0.0095, "mark_price": 0.00974518, "iv": 89.97, "instrument_name": "BTC-31MAR23-34000-C", "index_price": 28019.33, "direction": "buy", "amount": 1.0}, {"trade_seq": 1415, "trade_id": "246677642", "timestamp": 1679271390169, "tick_direction": 3, "price": 0.0095, "mark_price": 0.00975661, "iv": 89.94, "instrument_name": "BTC-31MAR23-34000-C", "index_price": 28019.56, "direction": "buy", "amount": 1.0}, {"trade_seq": 1414, "trade_id": "246677288", "timestamp": 1679271301996, "tick_direction": 3, "price": 0.0095, "mark_price": 0.01002616, "iv": 89.37, "instrument_name": "BTC-31MAR23-34000-C", "index_price": 28070.56, "direction": "sell", "amount": 1.0}, {"trade_seq": 1413, "trade_id": "246677287", "timestamp": 1679271300911, "tick_direction": 2, "price": 0.0095, "mark_price": 0.01003405, "iv": 89.38, "instrument_name": "BTC-31MAR23-34000-C", "index_price": 28068.5, "direction": "sell", "amount": 1.0}, {"trade_seq": 1412, "trade_id": "246665562", "timestamp": 1679268361534, "tick_direction": 1, "price": 0.011, "mark_price": 0.01141924, "iv": 89.73, "instrument_name": "BTC-31MAR23-34000-C", "index_price": 28340.85, "direction": "sell", "amount": 2.7}, {"trade_seq": 1411, "trade_id": "246664131", "timestamp": 1679268021076, "tick_direction": 1, "price": 0.011, "mark_price": 0.01152788, "iv": 89.85, "instrument_name": "BTC-31MAR23-34000-C", "index_price": 28335.09, "direction": "sell", "amount": 0.1}, {"trade_seq": 1410, "trade_id": "246664129", "timestamp": 1679268021063, "tick_direction": 1, "price": 0.011, "mark_price": 0.01152788, "iv": 89.85, "instrument_name": "BTC-31MAR23-34000-C", "index_price": 28335.09, "direction": "sell", "amount": 0.1}, {"trade_seq": 1409, "trade_id": "246664127", "timestamp": 1679268021037, "tick_direction": 1, "price": 0.011, "mark_price": 0.01152788, "iv": 89.85, "instrument_name": "BTC-31MAR23-34000-C", "index_price": 28335.09, "direction": "sell", "amount": 0.1}, {"trade_seq": 1408, "trade_id": "246663929", "timestamp": 1679268011511, "tick_direction": 1, "price": 0.011, "mark_price": 0.01150234, "iv": 89.87, "instrument_name": "BTC-31MAR23-34000-C", "index_price": 28332.5, "direction": "sell", "amount": 0.1}, {"trade_seq": 1407, "trade_id": "246663803", "timestamp": 1679267994786, "tick_direction": 1, "price": 0.011, "mark_price": 0.01141867, "iv": 90.19, "instrument_name": "BTC-31MAR23-34000-C", "index_price": 28312.34, "direction": "sell", "amount": 0.1}, {"trade_seq": 1406, "trade_id": "246663802", "timestamp": 1679267994645, "tick_direction": 1, "price": 0.011, "mark_price": 0.01142117, "iv": 90.19, "instrument_name": "BTC-31MAR23-34000-C", "index_price": 28312.34, "direction": "sell", "amount": 0.1}, {"trade_seq": 1405, "trade_id": "246663790", "timestamp": 1679267994162, "tick_direction": 1, "price": 0.011, "mark_price": 0.01142117, "iv": 90.19, "instrument_name": "BTC-31MAR23-34000-C", "index_price": 28312.34, "direction": "sell", "amount": 0.1}, {"trade_seq": 1404, "trade_id": "246663734", "timestamp": 1679267984510, "tick_direction": 1, "price": 0.011, "mark_price": 0.01140187, "iv": 90.18, "instrument_name": "BTC-31MAR23-34000-C", "index_price": 28309.64, "direction": "sell", "amount": 0.1}, {"trade_seq": 1403, "trade_id": "246663733", "timestamp": 1679267984498, "tick_direction": 1, "price": 0.011, "mark_price": 0.01140187, "iv": 90.18, "instrument_name": "BTC-31MAR23-34000-C", "index_price": 28309.64, "direction": "sell", "amount": 0.1}, {"trade_seq": 1402, "trade_id": "246663732", "timestamp": 1679267984111, "tick_direction": 1, "price": 0.011, "mark_price": 0.01140187, "iv": 90.18, "instrument_name": "BTC-31MAR23-34000-C", "index_price": 28309.64, "direction": "sell", "amount": 0.1}, {"trade_seq": 1401, "trade_id": "246663708", "timestamp": 1679267981524, "tick_direction": 1, "price": 0.011, "mark_price": 0.0114284, "iv": 90.24, "instrument_name": "BTC-31MAR23-34000-C", "index_price": 28307.43, "direction": "sell", "amount": 0.1}, {"trade_seq": 1400, "trade_id": "246663704", "timestamp": 1679267980366, "tick_direction": 1, "price": 0.011, "mark_price": 0.01143815, "iv": 90.18, "instrument_name": "BTC-31MAR23-34000-C", "index_price": 28313.03, "direction": "sell", "amount": 0.1}, {"trade_seq": 1399, "trade_id": "246663703", "timestamp": 1679267980275, "tick_direction": 1, "price": 0.011, "mark_price": 0.01143815, "iv": 90.18, "instrument_name": "BTC-31MAR23-34000-C", "index_price": 28313.03, "direction": "sell", "amount": 0.1}, {"trade_seq": 1398, "trade_id": "246663697", "timestamp": 1679267980102, "tick_direction": 0, "price": 0.011, "mark_price": 0.01143815, "iv": 90.18, "instrument_name": "BTC-31MAR23-34000-C", "index_price": 28313.03, "direction": "sell", "amount": 0.5}, {"trade_seq": 1397, "trade_id": "246647059", "timestamp": 1679262700935, "tick_direction": 1, "price": 0.0105, "mark_price": 0.00972591, "iv": 91.49, "instrument_name": "BTC-31MAR23-34000-C", "index_price": 28061.89, "direction": "buy", "amount": 0.1}, {"trade_seq": 1396, "trade_id": "246647058", "timestamp": 1679262700935, "tick_direction": 1, "price": 0.0105, "mark_price": 0.00972591, "iv": 91.49, "instrument_name": "BTC-31MAR23-34000-C", "index_price": 28061.89, "direction": "buy", "amount": 1.0}, {"trade_seq": 1395, "trade_id": "246647057", "timestamp": 1679262700935, "tick_direction": 1, "price": 0.0105, "mark_price": 0.00972591, "iv": 91.49, "instrument_name": "BTC-31MAR23-34000-C", "index_price": 28061.89, "direction": "buy", "amount": 6.2}, {"trade_seq": 1394, "trade_id": "246647056", "timestamp": 1679262700935, "tick_direction": 0, "price": 0.0105, "mark_price": 0.00972591, "iv": 91.49, "instrument_name": "BTC-31MAR23-34000-C", "index_price": 28061.89, "direction": "buy", "amount": 3.3}, {"trade_seq": 1393, "trade_id": "246639686", "timestamp": 1679260327056, "tick_direction": 0, "price": 0.01, "mark_price": 0.00990981, "iv": 88.77, "instrument_name": "BTC-31MAR23-34000-C", "index_price": 28187.61, "direction": "buy", "amount": 0.6}, {"trade_seq": 1392, "trade_id": "246636908", "timestamp": 1679259941804, "tick_direction": 3, "price": 0.0095, "mark_price": 0.01017118, "iv": 87.94, "instrument_name": "BTC-31MAR23-34000-C", "index_price": 28142.87, "direction": "sell", "amount": 1.1}, {"trade_seq": 1391, "trade_id": "246636907", "timestamp": 1679259941804, "tick_direction": 2, "price": 0.0095, "mark_price": 0.01017118, "iv": 87.94, "instrument_name": "BTC-31MAR23-34000-C", "index_price": 28142.87, "direction": "sell", "amount": 0.9}, {"trade_seq": 1390, "trade_id": "246612521", "timestamp": 1679254579167, "tick_direction": 1, "price": 0.011, "mark_price": 0.01095153, "iv": 89.16, "instrument_name": "BTC-31MAR23-34000-C", "index_price": 28339.2, "direction": "buy", "amount": 1.0}, {"trade_seq": 1389, "trade_id": "246602641", "timestamp": 1679252680256, "tick_direction": 1, "price": 0.011, "mark_price": 0.01102589, "iv": 88.5, "instrument_name": "BTC-31MAR23-34000-C", "index_price": 28367.31, "direction": "sell", "amount": 0.7}, {"trade_seq": 1388, "trade_id": "246602509", "timestamp": 1679252657174, "tick_direction": 1, "price": 0.011, "mark_price": 0.01113261, "iv": 88.17, "instrument_name": "BTC-31MAR23-34000-C", "index_price": 28387.03, "direction": "sell", "amount": 0.1}, {"trade_seq": 1387, "trade_id": "246602508", "timestamp": 1679252657171, "tick_direction": 1, "price": 0.011, "mark_price": 0.01113261, "iv": 88.17, "instrument_name": "BTC-31MAR23-34000-C", "index_price": 28387.03, "direction": "sell", "amount": 0.7}, {"trade_seq": 1386, "trade_id": "246602468", "timestamp": 1679252653219, "tick_direction": 1, "price": 0.011, "mark_price": 0.01106705, "iv": 88.28, "instrument_name": "BTC-31MAR23-34000-C", "index_price": 28385.09, "direction": "buy", "amount": 1.8}, {"trade_seq": 1385, "trade_id": "246601449", "timestamp": 1679252491364, "tick_direction": 1, "price": 0.011, "mark_price": 0.0111199, "iv": 89.13, "instrument_name": "BTC-31MAR23-34000-C", "index_price": 28310.72, "direction": "buy", "amount": 0.1}, {"trade_seq": 1384, "trade_id": "246601448", "timestamp": 1679252491355, "tick_direction": 1, "price": 0.011, "mark_price": 0.0111199, "iv": 89.13, "instrument_name": "BTC-31MAR23-34000-C", "index_price": 28310.72, "direction": "sell", "amount": 0.1}, {"trade_seq": 1383, "trade_id": "246596757", "timestamp": 1679251912545, "tick_direction": 0, "price": 0.011, "mark_price": 0.01063027, "iv": 90.39, "instrument_name": "BTC-31MAR23-34000-C", "index_price": 28220.67, "direction": "buy", "amount": 3.0}, {"trade_seq": 1382, "trade_id": "246567243", "timestamp": 1679245103055, "tick_direction": 0, "price": 0.009, "mark_price": 0.00918115, "iv": 87.83, "instrument_name": "BTC-31MAR23-34000-C", "index_price": 27983.96, "direction": "sell", "amount": 3.2}, {"trade_seq": 1381, "trade_id": "246543946", "timestamp": 1679242875040, "tick_direction": 1, "price": 0.0075, "mark_price": 0.00771403, "iv": 86.49, "instrument_name": "BTC-31MAR23-34000-C", "index_price": 27690.68, "direction": "buy", "amount": 0.1}, {"trade_seq": 1380, "trade_id": "246521078", "timestamp": 1679238318076, "tick_direction": 0, "price": 0.0075, "mark_price": 0.00765165, "iv": 86.01, "instrument_name": "BTC-31MAR23-34000-C", "index_price": 27710.56, "direction": "buy", "amount": 0.2}, {"trade_seq": 1379, "trade_id": "246503869", "timestamp": 1679231630628, "tick_direction": 2, "price": 0.0065, "mark_price": 0.00658449, "iv": 88.01, "instrument_name": "BTC-31MAR23-34000-C", "index_price": 27245.17, "direction": "buy", "amount": 3.2}, {"trade_seq": 1378, "trade_id": "246501527", "timestamp": 1679230989295, "tick_direction": 1, "price": 0.007, "mark_price": 0.0070596, "iv": 88.34, "instrument_name": "BTC-31MAR23-34000-C", "index_price": 27357.75, "direction": "sell", "amount": 0.2}, {"trade_seq": 1377, "trade_id": "246501345", "timestamp": 1679230829682, "tick_direction": 0, "price": 0.007, "mark_price": 0.0069718, "iv": 88.55, "instrument_name": "BTC-31MAR23-34000-C", "index_price": 27334.84, "direction": "sell", "amount": 2.3}, {"trade_seq": 1376, "trade_id": "246499663", "timestamp": 1679229475236, "tick_direction": 1, "price": 0.0065, "mark_price": 0.00672316, "iv": 87.01, "instrument_name": "BTC-31MAR23-34000-C", "index_price": 27326.21, "direction": "sell", "amount": 0.1}, {"trade_seq": 1375, "trade_id": "246499660", "timestamp": 1679229458538, "tick_direction": 1, "price": 0.0065, "mark_price": 0.00671243, "iv": 87.02, "instrument_name": "BTC-31MAR23-34000-C", "index_price": 27328.26, "direction": "sell", "amount": 0.1}, {"trade_seq": 1374, "trade_id": "246499659", "timestamp": 1679229458394, "tick_direction": 1, "price": 0.0065, "mark_price": 0.00671168, "iv": 87.02, "instrument_name": "BTC-31MAR23-34000-C", "index_price": 27328.26, "direction": "sell", "amount": 0.1}, {"trade_seq": 1373, "trade_id": "246499658", "timestamp": 1679229458300, "tick_direction": 1, "price": 0.0065, "mark_price": 0.00671168, "iv": 87.02, "instrument_name": "BTC-31MAR23-34000-C", "index_price": 27328.26, "direction": "sell", "amount": 0.1}, {"trade_seq": 1372, "trade_id": "246497776", "timestamp": 1679228706774, "tick_direction": 1, "price": 0.0065, "mark_price": 0.00675331, "iv": 87.16, "instrument_name": "BTC-31MAR23-34000-C", "index_price": 27305.93, "direction": "sell", "amount": 0.2}, {"trade_seq": 1371, "trade_id": "246497775", "timestamp": 1679228706758, "tick_direction": 1, "price": 0.0065, "mark_price": 0.00675331, "iv": 87.16, "instrument_name": "BTC-31MAR23-34000-C", "index_price": 27305.93, "direction": "sell", "amount": 0.1}, {"trade_seq": 1370, "trade_id": "246497772", "timestamp": 1679228706205, "tick_direction": 1, "price": 0.0065, "mark_price": 0.00674718, "iv": 87.17, "instrument_name": "BTC-31MAR23-34000-C", "index_price": 27308.35, "direction": "sell", "amount": 0.1}, {"trade_seq": 1369, "trade_id": "246497770", "timestamp": 1679228705449, "tick_direction": 1, "price": 0.0065, "mark_price": 0.00674718, "iv": 87.19, "instrument_name": "BTC-31MAR23-34000-C", "index_price": 27308.28, "direction": "sell", "amount": 0.2}, {"trade_seq": 1368, "trade_id": "246497769", "timestamp": 1679228704128, "tick_direction": 1, "price": 0.0065, "mark_price": 0.00673788, "iv": 87.19, "instrument_name": "BTC-31MAR23-34000-C", "index_price": 27306.56, "direction": "sell", "amount": 0.2}, {"trade_seq": 1367, "trade_id": "246497474", "timestamp": 1679228557391, "tick_direction": 1, "price": 0.0065, "mark_price": 0.00673691, "iv": 87.22, "instrument_name": "BTC-31MAR23-34000-C", "index_price": 27293.14, "direction": "sell", "amount": 0.1}, {"trade_seq": 1366, "trade_id": "246497473", "timestamp": 1679228557379, "tick_direction": 1, "price": 0.0065, "mark_price": 0.00673691, "iv": 87.22, "instrument_name": "BTC-31MAR23-34000-C", "index_price": 27293.14, "direction": "sell", "amount": 0.1}, {"trade_seq": 1365, "trade_id": "246497472", "timestamp": 1679228557377, "tick_direction": 1, "price": 0.0065, "mark_price": 0.00673691, "iv": 87.22, "instrument_name": "BTC-31MAR23-34000-C", "index_price": 27293.14, "direction": "sell", "amount": 0.7}, {"trade_seq": 1364, "trade_id": "246492882", "timestamp": 1679227683772, "tick_direction": 0, "price": 0.0065, "mark_price": 0.00680903, "iv": 86.66, "instrument_name": "BTC-31MAR23-34000-C", "index_price": 27332.83, "direction": "sell", "amount": 0.1}, {"trade_seq": 1363, "trade_id": "246488515", "timestamp": 1679225181971, "tick_direction": 0, "price": 0.006, "mark_price": 0.00631289, "iv": 87.11, "instrument_name": "BTC-31MAR23-34000-C", "index_price": 27131.03, "direction": "sell", "amount": 5.0}, {"trade_seq": 1362, "trade_id": "246469909", "timestamp": 1679213043034, "tick_direction": 3, "price": 0.005, "mark_price": 0.00545651, "iv": 83.8, "instrument_name": "BTC-31MAR23-34000-C", "index_price": 27059.05, "direction": "sell", "amount": 0.3}, {"trade_seq": 1361, "trade_id": "246469905", "timestamp": 1679213043019, "tick_direction": 3, "price": 0.005, "mark_price": 0.00545651, "iv": 83.8, "instrument_name": "BTC-31MAR23-34000-C", "index_price": 27059.05, "direction": "sell", "amount": 1.4}, {"trade_seq": 1360, "trade_id": "246469888", "timestamp": 1679213042670, "tick_direction": 2, "price": 0.005, "mark_price": 0.00545452, "iv": 83.78, "instrument_name": "BTC-31MAR23-34000-C", "index_price": 27060.98, "direction": "sell", "amount": 2.2}, {"trade_seq": 1359, "trade_id": "246469707", "timestamp": 1679212991972, "tick_direction": 3, "price": 0.0055, "mark_price": 0.00546204, "iv": 85.61, "instrument_name": "BTC-31MAR23-34000-C", "index_price": 27064.17, "direction": "sell", "amount": 4.8}, {"trade_seq": 1358, "trade_id": "246457367", "timestamp": 1679208466562, "tick_direction": 2, "price": 0.0055, "mark_price": 0.00546933, "iv": 86.17, "instrument_name": "BTC-31MAR23-34000-C", "index_price": 26977.34, "direction": "buy", "amount": 0.7}