{"trades": [{"trade_seq": 1696, "trade_id": "247901748", "timestamp": 1679617673690, "tick_direction": 3, "price": 0.0005, "mark_price": 0.00071322, "iv": 101.83, "instrument_name": "BTC-31MAR23-40000-C", "index_price": 28380.93, "direction": "sell", "amount": 5.0}, {"trade_seq": 1695, "trade_id": "247894678", "timestamp": 1679613413014, "tick_direction": 3, "price": 0.0005, "mark_price": 0.00074793, "iv": 100.47, "instrument_name": "BTC-31MAR23-40000-C", "index_price": 28486.72, "direction": "sell", "amount": 3.0}, {"trade_seq": 1694, "trade_id": "247876633", "timestamp": 1679604704166, "tick_direction": 3, "price": 0.0005, "mark_price": 0.00066541, "iv": 102.09, "instrument_name": "BTC-31MAR23-40000-C", "index_price": 28240.34, "direction": "buy", "amount": 1.6}, {"trade_seq": 1693, "trade_id": "247876632", "timestamp": 1679604704164, "tick_direction": 3, "price": 0.0005, "mark_price": 0.00066541, "iv": 102.09, "instrument_name": "BTC-31MAR23-40000-C", "index_price": 28240.34, "direction": "buy", "amount": 2.7}, {"trade_seq": 1692, "trade_id": "247833198", "timestamp": 1679597026392, "tick_direction": 2, "price": 0.0005, "mark_price": 0.00068797, "iv": 102.0, "instrument_name": "BTC-31MAR23-40000-C", "index_price": 28187.66, "direction": "sell", "amount": 5.0}, {"trade_seq": 1691, "trade_id": "247795628", "timestamp": 1679588250517, "tick_direction": 1, "price": 0.001, "mark_price": 0.00071709, "iv": 106.97, "instrument_name": "BTC-31MAR23-40000-C", "index_price": 28588.9, "direction": "buy", "amount": 1.0}, {"trade_seq": 1690, "trade_id": "247795615", "timestamp": 1679588247055, "tick_direction": 1, "price": 0.001, "mark_price": 0.00071807, "iv": 106.95, "instrument_name": "BTC-31MAR23-40000-C", "index_price": 28590.17, "direction": "buy", "amount": 1.0}, {"trade_seq": 1689, "trade_id": "247795391", "timestamp": 1679588193671, "tick_direction": 1, "price": 0.001, "mark_price": 0.00069146, "iv": 107.44, "instrument_name": "BTC-31MAR23-40000-C", "index_price": 28539.65, "direction": "buy", "amount": 1.0}, {"trade_seq": 1688, "trade_id": "247795377", "timestamp": 1679588192585, "tick_direction": 1, "price": 0.001, "mark_price": 0.0006924, "iv": 107.44, "instrument_name": "BTC-31MAR23-40000-C", "index_price": 28539.87, "direction": "buy", "amount": 1.0}, {"trade_seq": 1687, "trade_id": "247794880", "timestamp": 1679588101252, "tick_direction": 1, "price": 0.001, "mark_price": 0.0006774, "iv": 107.6, "instrument_name": "BTC-31MAR23-40000-C", "index_price": 28517.98, "direction": "buy", "amount": 1.0}, {"trade_seq": 1686, "trade_id": "247794879", "timestamp": 1679588100050, "tick_direction": 1, "price": 0.001, "mark_price": 0.00067559, "iv": 107.62, "instrument_name": "BTC-31MAR23-40000-C", "index_price": 28515.61, "direction": "buy", "amount": 1.0}, {"trade_seq": 1685, "trade_id": "247794871", "timestamp": 1679588098973, "tick_direction": 1, "price": 0.001, "mark_price": 0.00067535, "iv": 107.61, "instrument_name": "BTC-31MAR23-40000-C", "index_price": 28516.85, "direction": "buy", "amount": 1.0}, {"trade_seq": 1684, "trade_id": "247790211", "timestamp": 1679587298823, "tick_direction": 1, "price": 0.001, "mark_price": 0.00072716, "iv": 105.99, "instrument_name": "BTC-31MAR23-40000-C", "index_price": 28684.19, "direction": "buy", "amount": 1.0}, {"trade_seq": 1683, "trade_id": "247790205", "timestamp": 1679587297605, "tick_direction": 1, "price": 0.001, "mark_price": 0.00072729, "iv": 105.99, "instrument_name": "BTC-31MAR23-40000-C", "index_price": 28684.41, "direction": "buy", "amount": 1.0}, {"trade_seq": 1682, "trade_id": "247790204", "timestamp": 1679587295775, "tick_direction": 1, "price": 0.001, "mark_price": 0.00072714, "iv": 105.99, "instrument_name": "BTC-31MAR23-40000-C", "index_price": 28684.04, "direction": "buy", "amount": 1.0}, {"trade_seq": 1681, "trade_id": "247790203", "timestamp": 1679587294728, "tick_direction": 0, "price": 0.001, "mark_price": 0.00072779, "iv": 105.98, "instrument_name": "BTC-31MAR23-40000-C", "index_price": 28685.27, "direction": "buy", "amount": 1.0}, {"trade_seq": 1680, "trade_id": "247520666", "timestamp": 1679515057312, "tick_direction": 3, "price": 0.0005, "mark_price": 0.00068485, "iv": 107.86, "instrument_name": "BTC-31MAR23-40000-C", "index_price": 26823.09, "direction": "sell", "amount": 0.5}, {"trade_seq": 1679, "trade_id": "247520665", "timestamp": 1679515057312, "tick_direction": 3, "price": 0.0005, "mark_price": 0.00068485, "iv": 107.86, "instrument_name": "BTC-31MAR23-40000-C", "index_price": 26823.09, "direction": "sell", "amount": 10.0}, {"trade_seq": 1678, "trade_id": "247520664", "timestamp": 1679515057312, "tick_direction": 3, "price": 0.0005, "mark_price": 0.00068485, "iv": 107.86, "instrument_name": "BTC-31MAR23-40000-C", "index_price": 26823.09, "direction": "sell", "amount": 0.5}, {"trade_seq": 1677, "trade_id": "247512650", "timestamp": 1679514465637, "tick_direction": 3, "price": 0.0005, "mark_price": 0.00064788, "iv": 106.47, "instrument_name": "BTC-31MAR23-40000-C", "index_price": 26979.02, "direction": "sell", "amount": 3.0}, {"trade_seq": 1676, "trade_id": "247505834", "timestamp": 1679514134180, "tick_direction": 2, "price": 0.0005, "mark_price": 0.00070701, "iv": 104.08, "instrument_name": "BTC-31MAR23-40000-C", "index_price": 27267.24, "direction": "sell", "amount": 5.0}, {"trade_seq": 1675, "trade_id": "247439824", "timestamp": 1679510728361, "tick_direction": 2, "price": 0.001, "mark_price": 0.00128342, "iv": 104.49, "instrument_name": "BTC-31MAR23-40000-C", "index_price": 28242.03, "direction": "sell", "amount": 10.0}, {"trade_seq": 1674, "trade_id": "247397386", "timestamp": 1679508095199, "tick_direction": 1, "price": 0.0015, "mark_price": 0.00159253, "iv": 108.94, "instrument_name": "BTC-31MAR23-40000-C", "index_price": 28438.87, "direction": "sell", "amount": 2.4}, {"trade_seq": 1673, "trade_id": "247396968", "timestamp": 1679508093190, "tick_direction": 1, "price": 0.0015, "mark_price": 0.00169417, "iv": 108.24, "instrument_name": "BTC-31MAR23-40000-C", "index_price": 28506.24, "direction": "sell", "amount": 0.4}, {"trade_seq": 1672, "trade_id": "247396966", "timestamp": 1679508093185, "tick_direction": 1, "price": 0.0015, "mark_price": 0.00169417, "iv": 108.24, "instrument_name": "BTC-31MAR23-40000-C", "index_price": 28506.24, "direction": "sell", "amount": 0.9}, {"trade_seq": 1671, "trade_id": "247396957", "timestamp": 1679508093043, "tick_direction": 1, "price": 0.0015, "mark_price": 0.00169417, "iv": 108.24, "instrument_name": "BTC-31MAR23-40000-C", "index_price": 28506.24, "direction": "sell", "amount": 1.3}, {"trade_seq": 1670, "trade_id": "247383508", "timestamp": 1679507525456, "tick_direction": 1, "price": 0.0015, "mark_price": 0.00125242, "iv": 108.76, "instrument_name": "BTC-31MAR23-40000-C", "index_price": 28445.29, "direction": "buy", "amount": 5.0}, {"trade_seq": 1669, "trade_id": "247346849", "timestamp": 1679497160086, "tick_direction": 1, "price": 0.0015, "mark_price": 0.0016597, "iv": 106.09, "instrument_name": "BTC-31MAR23-40000-C", "index_price": 28627.62, "direction": "sell", "amount": 3.0}, {"trade_seq": 1668, "trade_id": "247345910", "timestamp": 1679496930494, "tick_direction": 1, "price": 0.0015, "mark_price": 0.00165806, "iv": 105.77, "instrument_name": "BTC-31MAR23-40000-C", "index_price": 28660.29, "direction": "sell", "amount": 1.0}, {"trade_seq": 1667, "trade_id": "247345648", "timestamp": 1679496890548, "tick_direction": 1, "price": 0.0015, "mark_price": 0.00167104, "iv": 105.58, "instrument_name": "BTC-31MAR23-40000-C", "index_price": 28687.44, "direction": "sell", "amount": 1.0}, {"trade_seq": 1666, "trade_id": "247343650", "timestamp": 1679496718193, "tick_direction": 0, "price": 0.0015, "mark_price": 0.0015549, "iv": 105.48, "instrument_name": "BTC-31MAR23-40000-C", "index_price": 28682.28, "direction": "sell", "amount": 10.0}, {"trade_seq": 1665, "trade_id": "247330581", "timestamp": 1679494467909, "tick_direction": 2, "price": 0.001, "mark_price": 0.0012803, "iv": 101.79, "instrument_name": "BTC-31MAR23-40000-C", "index_price": 28416.98, "direction": "sell", "amount": 0.1}, {"trade_seq": 1664, "trade_id": "247304161", "timestamp": 1679477476725, "tick_direction": 1, "price": 0.002, "mark_price": 0.00145757, "iv": 114.21, "instrument_name": "BTC-31MAR23-40000-C", "index_price": 28165.63, "direction": "buy", "amount": 4.9}, {"trade_seq": 1663, "trade_id": "247304160", "timestamp": 1679477476725, "tick_direction": 0, "price": 0.002, "mark_price": 0.00145757, "iv": 114.21, "instrument_name": "BTC-31MAR23-40000-C", "index_price": 28165.63, "direction": "buy", "amount": 0.1}, {"trade_seq": 1662, "trade_id": "247251350", "timestamp": 1679450968913, "tick_direction": 2, "price": 0.0015, "mark_price": 0.00124802, "iv": 107.09, "instrument_name": "BTC-31MAR23-40000-C", "index_price": 28181.68, "direction": "buy", "amount": 3.0}, {"trade_seq": 1661, "trade_id": "247118135", "timestamp": 1679402243973, "tick_direction": 0, "price": 0.002, "mark_price": 0.00125466, "iv": 109.46, "instrument_name": "BTC-31MAR23-40000-C", "index_price": 28110.41, "direction": "buy", "amount": 0.2}, {"trade_seq": 1660, "trade_id": "247089491", "timestamp": 1679392042268, "tick_direction": 2, "price": 0.0005, "mark_price": 0.00077281, "iv": 89.71, "instrument_name": "BTC-31MAR23-40000-C", "index_price": 28083.69, "direction": "sell", "amount": 0.1}, {"trade_seq": 1659, "trade_id": "247078757", "timestamp": 1679388462040, "tick_direction": 3, "price": 0.001, "mark_price": 0.00092564, "iv": 101.28, "instrument_name": "BTC-31MAR23-40000-C", "index_price": 27702.29, "direction": "buy", "amount": 1.2}, {"trade_seq": 1658, "trade_id": "247073309", "timestamp": 1679386572663, "tick_direction": 3, "price": 0.001, "mark_price": 0.00095546, "iv": 102.18, "instrument_name": "BTC-31MAR23-40000-C", "index_price": 27591.59, "direction": "sell", "amount": 1.8}, {"trade_seq": 1657, "trade_id": "247073215", "timestamp": 1679386529903, "tick_direction": 3, "price": 0.001, "mark_price": 0.00094703, "iv": 101.99, "instrument_name": "BTC-31MAR23-40000-C", "index_price": 27616.36, "direction": "sell", "amount": 0.8}, {"trade_seq": 1656, "trade_id": "247021130", "timestamp": 1679366209577, "tick_direction": 3, "price": 0.001, "mark_price": 0.00122461, "iv": 98.06, "instrument_name": "BTC-31MAR23-40000-C", "index_price": 27917.73, "direction": "sell", "amount": 1.0}, {"trade_seq": 1655, "trade_id": "246983660", "timestamp": 1679350464339, "tick_direction": 3, "price": 0.001, "mark_price": 0.00127738, "iv": 96.82, "instrument_name": "BTC-31MAR23-40000-C", "index_price": 27954.71, "direction": "sell", "amount": 4.2}, {"trade_seq": 1654, "trade_id": "246983659", "timestamp": 1679350464339, "tick_direction": 3, "price": 0.001, "mark_price": 0.00127738, "iv": 96.82, "instrument_name": "BTC-31MAR23-40000-C", "index_price": 27954.71, "direction": "sell", "amount": 9.2}, {"trade_seq": 1653, "trade_id": "246983658", "timestamp": 1679350464339, "tick_direction": 3, "price": 0.001, "mark_price": 0.00127738, "iv": 96.82, "instrument_name": "BTC-31MAR23-40000-C", "index_price": 27954.71, "direction": "sell", "amount": 5.3}, {"trade_seq": 1652, "trade_id": "246983626", "timestamp": 1679350459626, "tick_direction": 3, "price": 0.001, "mark_price": 0.00128047, "iv": 96.79, "instrument_name": "BTC-31MAR23-40000-C", "index_price": 27957.96, "direction": "sell", "amount": 1.0}, {"trade_seq": 1651, "trade_id": "246983625", "timestamp": 1679350459626, "tick_direction": 2, "price": 0.001, "mark_price": 0.00128047, "iv": 96.79, "instrument_name": "BTC-31MAR23-40000-C", "index_price": 27957.96, "direction": "sell", "amount": 29.0}, {"trade_seq": 1650, "trade_id": "246980160", "timestamp": 1679348839490, "tick_direction": 3, "price": 0.0015, "mark_price": 0.00156316, "iv": 101.69, "instrument_name": "BTC-31MAR23-40000-C", "index_price": 28061.78, "direction": "sell", "amount": 4.1}, {"trade_seq": 1649, "trade_id": "246979411", "timestamp": 1679348708476, "tick_direction": 3, "price": 0.0015, "mark_price": 0.00148698, "iv": 101.64, "instrument_name": "BTC-31MAR23-40000-C", "index_price": 28066.28, "direction": "sell", "amount": 0.9}, {"trade_seq": 1648, "trade_id": "246978959", "timestamp": 1679348624474, "tick_direction": 3, "price": 0.0015, "mark_price": 0.00127916, "iv": 100.76, "instrument_name": "BTC-31MAR23-40000-C", "index_price": 28163.3, "direction": "sell", "amount": 0.3}, {"trade_seq": 1647, "trade_id": "246978935", "timestamp": 1679348531854, "tick_direction": 3, "price": 0.0015, "mark_price": 0.00123317, "iv": 100.73, "instrument_name": "BTC-31MAR23-40000-C", "index_price": 28164.12, "direction": "buy", "amount": 3.7}, {"trade_seq": 1646, "trade_id": "246978934", "timestamp": 1679348531854, "tick_direction": 3, "price": 0.0015, "mark_price": 0.00123317, "iv": 100.73, "instrument_name": "BTC-31MAR23-40000-C", "index_price": 28164.12, "direction": "buy", "amount": 1.0}, {"trade_seq": 1645, "trade_id": "246883988", "timestamp": 1679326196635, "tick_direction": 3, "price": 0.0015, "mark_price": 0.00154306, "iv": 100.23, "instrument_name": "BTC-31MAR23-40000-C", "index_price": 28098.98, "direction": "sell", "amount": 4.2}, {"trade_seq": 1644, "trade_id": "246882962", "timestamp": 1679325701326, "tick_direction": 3, "price": 0.0015, "mark_price": 0.00161052, "iv": 100.77, "instrument_name": "BTC-31MAR23-40000-C", "index_price": 28033.88, "direction": "sell", "amount": 3.0}, {"trade_seq": 1643, "trade_id": "246882958", "timestamp": 1679325694638, "tick_direction": 3, "price": 0.0015, "mark_price": 0.00161076, "iv": 100.76, "instrument_name": "BTC-31MAR23-40000-C", "index_price": 28034.44, "direction": "sell", "amount": 0.1}, {"trade_seq": 1642, "trade_id": "246879854", "timestamp": 1679324720784, "tick_direction": 3, "price": 0.0015, "mark_price": 0.00170505, "iv": 100.15, "instrument_name": "BTC-31MAR23-40000-C", "index_price": 28092.0, "direction": "sell", "amount": 0.2}, {"trade_seq": 1641, "trade_id": "246877126", "timestamp": 1679323942432, "tick_direction": 3, "price": 0.0015, "mark_price": 0.00167692, "iv": 100.34, "instrument_name": "BTC-31MAR23-40000-C", "index_price": 28066.16, "direction": "sell", "amount": 1.2}, {"trade_seq": 1640, "trade_id": "246867743", "timestamp": 1679321549849, "tick_direction": 3, "price": 0.0015, "mark_price": 0.00165292, "iv": 101.06, "instrument_name": "BTC-31MAR23-40000-C", "index_price": 27959.34, "direction": "sell", "amount": 4.4}, {"trade_seq": 1639, "trade_id": "246863810", "timestamp": 1679320912817, "tick_direction": 3, "price": 0.0015, "mark_price": 0.00178632, "iv": 101.04, "instrument_name": "BTC-31MAR23-40000-C", "index_price": 27964.29, "direction": "sell", "amount": 2.8}, {"trade_seq": 1638, "trade_id": "246863530", "timestamp": 1679320856035, "tick_direction": 3, "price": 0.0015, "mark_price": 0.00178397, "iv": 101.29, "instrument_name": "BTC-31MAR23-40000-C", "index_price": 27942.39, "direction": "sell", "amount": 0.8}, {"trade_seq": 1637, "trade_id": "246863483", "timestamp": 1679320841479, "tick_direction": 3, "price": 0.0015, "mark_price": 0.00178225, "iv": 101.3, "instrument_name": "BTC-31MAR23-40000-C", "index_price": 27937.23, "direction": "sell", "amount": 1.0}, {"trade_seq": 1636, "trade_id": "246859020", "timestamp": 1679319658892, "tick_direction": 3, "price": 0.0015, "mark_price": 0.00167151, "iv": 102.01, "instrument_name": "BTC-31MAR23-40000-C", "index_price": 27862.63, "direction": "sell", "amount": 1.0}, {"trade_seq": 1635, "trade_id": "246858702", "timestamp": 1679319577092, "tick_direction": 3, "price": 0.0015, "mark_price": 0.00174942, "iv": 101.12, "instrument_name": "BTC-31MAR23-40000-C", "index_price": 27966.08, "direction": "sell", "amount": 1.0}, {"trade_seq": 1634, "trade_id": "246857971", "timestamp": 1679319473954, "tick_direction": 2, "price": 0.0015, "mark_price": 0.00160234, "iv": 102.2, "instrument_name": "BTC-31MAR23-40000-C", "index_price": 27823.9, "direction": "sell", "amount": 1.0}, {"trade_seq": 1633, "trade_id": "246849525", "timestamp": 1679316100820, "tick_direction": 3, "price": 0.002, "mark_price": 0.00220272, "iv": 102.75, "instrument_name": "BTC-31MAR23-40000-C", "index_price": 28270.71, "direction": "sell", "amount": 1.0}, {"trade_seq": 1632, "trade_id": "246835577", "timestamp": 1679308650928, "tick_direction": 3, "price": 0.002, "mark_price": 0.0020963, "iv": 102.73, "instrument_name": "BTC-31MAR23-40000-C", "index_price": 28252.71, "direction": "sell", "amount": 1.0}, {"trade_seq": 1631, "trade_id": "246835162", "timestamp": 1679308462440, "tick_direction": 3, "price": 0.002, "mark_price": 0.00203473, "iv": 102.75, "instrument_name": "BTC-31MAR23-40000-C", "index_price": 28249.23, "direction": "sell", "amount": 1.0}, {"trade_seq": 1630, "trade_id": "246835136", "timestamp": 1679308459190, "tick_direction": 2, "price": 0.002, "mark_price": 0.00202751, "iv": 102.73, "instrument_name": "BTC-31MAR23-40000-C", "index_price": 28251.88, "direction": "buy", "amount": 1.0}, {"trade_seq": 1629, "trade_id": "246796516", "timestamp": 1679300055039, "tick_direction": 1, "price": 0.0025, "mark_price": 0.00249622, "iv": 106.48, "instrument_name": "BTC-31MAR23-40000-C", "index_price": 28203.8, "direction": "sell", "amount": 0.1}, {"trade_seq": 1628, "trade_id": "246786768", "timestamp": 1679298895818, "tick_direction": 0, "price": 0.0025, "mark_price": 0.00229286, "iv": 105.39, "instrument_name": "BTC-31MAR23-40000-C", "index_price": 28319.52, "direction": "sell", "amount": 1.0}, {"trade_seq": 1627, "trade_id": "246783579", "timestamp": 1679298541686, "tick_direction": 2, "price": 0.002, "mark_price": 0.00218181, "iv": 102.13, "instrument_name": "BTC-31MAR23-40000-C", "index_price": 28259.45, "direction": "sell", "amount": 1.0}, {"trade_seq": 1626, "trade_id": "246781979", "timestamp": 1679298355731, "tick_direction": 1, "price": 0.0025, "mark_price": 0.00219599, "iv": 105.69, "instrument_name": "BTC-31MAR23-40000-C", "index_price": 28288.41, "direction": "buy", "amount": 0.9}, {"trade_seq": 1625, "trade_id": "246781978", "timestamp": 1679298355731, "tick_direction": 0, "price": 0.0025, "mark_price": 0.00219599, "iv": 105.69, "instrument_name": "BTC-31MAR23-40000-C", "index_price": 28288.41, "direction": "buy", "amount": 0.1}, {"trade_seq": 1624, "trade_id": "246701876", "timestamp": 1679277991468, "tick_direction": 2, "price": 0.002, "mark_price": 0.002086, "iv": 105.83, "instrument_name": "BTC-31MAR23-40000-C", "index_price": 27668.36, "direction": "sell", "amount": 0.5}, {"trade_seq": 1623, "trade_id": "246645814", "timestamp": 1679262278247, "tick_direction": 0, "price": 0.0035, "mark_price": 0.002942, "iv": 111.23, "instrument_name": "BTC-31MAR23-40000-C", "index_price": 28121.11, "direction": "buy", "amount": 0.1}, {"trade_seq": 1622, "trade_id": "246633117", "timestamp": 1679258943125, "tick_direction": 2, "price": 0.0025, "mark_price": 0.00285837, "iv": 106.24, "instrument_name": "BTC-31MAR23-40000-C", "index_price": 27954.74, "direction": "sell", "amount": 1.0}, {"trade_seq": 1621, "trade_id": "246628653", "timestamp": 1679258293630, "tick_direction": 3, "price": 0.003, "mark_price": 0.0029598, "iv": 109.82, "instrument_name": "BTC-31MAR23-40000-C", "index_price": 27925.37, "direction": "sell", "amount": 7.4}, {"trade_seq": 1620, "trade_id": "246626742", "timestamp": 1679257789868, "tick_direction": 3, "price": 0.003, "mark_price": 0.00286022, "iv": 108.62, "instrument_name": "BTC-31MAR23-40000-C", "index_price": 28051.33, "direction": "buy", "amount": 5.2}, {"trade_seq": 1619, "trade_id": "246626741", "timestamp": 1679257789868, "tick_direction": 2, "price": 0.003, "mark_price": 0.00286022, "iv": 108.62, "instrument_name": "BTC-31MAR23-40000-C", "index_price": 28051.33, "direction": "buy", "amount": 7.4}, {"trade_seq": 1618, "trade_id": "246607608", "timestamp": 1679253385912, "tick_direction": 0, "price": 0.0035, "mark_price": 0.00346697, "iv": 108.85, "instrument_name": "BTC-31MAR23-40000-C", "index_price": 28333.32, "direction": "sell", "amount": 1.0}, {"trade_seq": 1617, "trade_id": "246595665", "timestamp": 1679251700867, "tick_direction": 1, "price": 0.003, "mark_price": 0.00306662, "iv": 106.52, "instrument_name": "BTC-31MAR23-40000-C", "index_price": 28237.01, "direction": "sell", "amount": 1.0}, {"trade_seq": 1616, "trade_id": "246589655", "timestamp": 1679250976447, "tick_direction": 1, "price": 0.003, "mark_price": 0.00278456, "iv": 107.76, "instrument_name": "BTC-31MAR23-40000-C", "index_price": 28109.02, "direction": "buy", "amount": 0.2}, {"trade_seq": 1615, "trade_id": "246589654", "timestamp": 1679250976447, "tick_direction": 1, "price": 0.003, "mark_price": 0.00278456, "iv": 107.76, "instrument_name": "BTC-31MAR23-40000-C", "index_price": 28109.02, "direction": "buy", "amount": 0.3}, {"trade_seq": 1614, "trade_id": "246589409", "timestamp": 1679250915655, "tick_direction": 0, "price": 0.003, "mark_price": 0.00279352, "iv": 107.75, "instrument_name": "BTC-31MAR23-40000-C", "index_price": 28117.86, "direction": "buy", "amount": 0.7}, {"trade_seq": 1613, "trade_id": "246564270", "timestamp": 1679244789316, "tick_direction": 0, "price": 0.0025, "mark_price": 0.00273387, "iv": 103.47, "instrument_name": "BTC-31MAR23-40000-C", "index_price": 28177.63, "direction": "sell", "amount": 1.0}, {"trade_seq": 1612, "trade_id": "246520670", "timestamp": 1679238306064, "tick_direction": 3, "price": 0.002, "mark_price": 0.00186191, "iv": 103.76, "instrument_name": "BTC-31MAR23-40000-C", "index_price": 27638.55, "direction": "buy", "amount": 0.8}, {"trade_seq": 1611, "trade_id": "246512134", "timestamp": 1679235741947, "tick_direction": 2, "price": 0.002, "mark_price": 0.00175698, "iv": 106.22, "instrument_name": "BTC-31MAR23-40000-C", "index_price": 27350.72, "direction": "buy", "amount": 1.0}, {"trade_seq": 1610, "trade_id": "246505859", "timestamp": 1679232888671, "tick_direction": 0, "price": 0.0024, "mark_price": 0.00173627, "iv": 109.86, "instrument_name": "BTC-31MAR23-40000-C", "index_price": 27279.46, "direction": "buy", "block_trade_id": "69055", "amount": 300.0}, {"trade_seq": 1609, "trade_id": "246491605", "timestamp": 1679227227611, "tick_direction": 1, "price": 0.002, "mark_price": 0.00175604, "iv": 106.55, "instrument_name": "BTC-31MAR23-40000-C", "index_price": 27253.4, "direction": "buy", "amount": 0.6}, {"trade_seq": 1608, "trade_id": "246491548", "timestamp": 1679227206433, "tick_direction": 1, "price": 0.002, "mark_price": 0.00174864, "iv": 106.63, "instrument_name": "BTC-31MAR23-40000-C", "index_price": 27245.93, "direction": "buy", "amount": 0.1}, {"trade_seq": 1607, "trade_id": "246491543", "timestamp": 1679227206385, "tick_direction": 1, "price": 0.002, "mark_price": 0.00174864, "iv": 106.63, "instrument_name": "BTC-31MAR23-40000-C", "index_price": 27245.93, "direction": "buy", "amount": 0.1}, {"trade_seq": 1606, "trade_id": "246491541", "timestamp": 1679227206369, "tick_direction": 1, "price": 0.002, "mark_price": 0.00174864, "iv": 106.63, "instrument_name": "BTC-31MAR23-40000-C", "index_price": 27245.93, "direction": "buy", "amount": 0.1}, {"trade_seq": 1605, "trade_id": "246491355", "timestamp": 1679227119134, "tick_direction": 1, "price": 0.002, "mark_price": 0.00176658, "iv": 106.53, "instrument_name": "BTC-31MAR23-40000-C", "index_price": 27260.87, "direction": "buy", "amount": 2.3}, {"trade_seq": 1604, "trade_id": "246491354", "timestamp": 1679227119134, "tick_direction": 1, "price": 0.002, "mark_price": 0.00176658, "iv": 106.53, "instrument_name": "BTC-31MAR23-40000-C", "index_price": 27260.87, "direction": "buy", "amount": 0.1}, {"trade_seq": 1603, "trade_id": "246468089", "timestamp": 1679212469688, "tick_direction": 1, "price": 0.002, "mark_price": 0.00173755, "iv": 107.63, "instrument_name": "BTC-31MAR23-40000-C", "index_price": 27046.55, "direction": "sell", "amount": 1.4}, {"trade_seq": 1602, "trade_id": "246468088", "timestamp": 1679212469685, "tick_direction": 1, "price": 0.002, "mark_price": 0.00173755, "iv": 107.63, "instrument_name": "BTC-31MAR23-40000-C", "index_price": 27046.55, "direction": "buy", "amount": 4.0}, {"trade_seq": 1601, "trade_id": "246468087", "timestamp": 1679212469685, "tick_direction": 1, "price": 0.002, "mark_price": 0.00173755, "iv": 107.63, "instrument_name": "BTC-31MAR23-40000-C", "index_price": 27046.55, "direction": "buy", "amount": 3.1}, {"trade_seq": 1600, "trade_id": "246468086", "timestamp": 1679212469685, "tick_direction": 1, "price": 0.002, "mark_price": 0.00173755, "iv": 107.63, "instrument_name": "BTC-31MAR23-40000-C", "index_price": 27046.55, "direction": "buy", "amount": 10.5}, {"trade_seq": 1599, "trade_id": "246467825", "timestamp": 1679212347055, "tick_direction": 1, "price": 0.002, "mark_price": 0.0017283, "iv": 107.71, "instrument_name": "BTC-31MAR23-40000-C", "index_price": 27038.69, "direction": "buy", "amount": 22.6}, {"trade_seq": 1598, "trade_id": "246467824", "timestamp": 1679212347055, "tick_direction": 1, "price": 0.002, "mark_price": 0.0017283, "iv": 107.71, "instrument_name": "BTC-31MAR23-40000-C", "index_price": 27038.69, "direction": "buy", "amount": 1.3}, {"trade_seq": 1597, "trade_id": "246467823", "timestamp": 1679212347055, "tick_direction": 1, "price": 0.002, "mark_price": 0.0017283, "iv": 107.71, "instrument_name": "BTC-31MAR23-40000-C", "index_price": 27038.69, "direction": "buy", "amount": 1.0}, {"trade_seq": 1596, "trade_id": "246467822", "timestamp": 1679212347055, "tick_direction": 1, "price": 0.002, "mark_price": 0.0017283, "iv": 107.71, "instrument_name": "BTC-31MAR23-40000-C", "index_price": 27038.69, "direction": "buy", "amount": 2.8}, {"trade_seq": 1595, "trade_id": "246467821", "timestamp": 1679212347055, "tick_direction": 0, "price": 0.002, "mark_price": 0.0017283, "iv": 107.71, "instrument_name": "BTC-31MAR23-40000-C", "index_price": 27038.69, "direction": "buy", "amount": 2.3}, {"trade_seq": 1594, "trade_id": "246457406", "timestamp": 1679208510609, "tick_direction": 2, "price": 0.0015, "mark_price": 0.00169185, "iv": 103.21, "instrument_name": "BTC-31MAR23-40000-C", "index_price": 26980.26, "direction": "sell", "amount": 1.0}, {"trade_seq": 1593, "trade_id": "246449220", "timestamp": 1679203355171, "tick_direction": 1, "price": 0.002, "mark_price": 0.00176796, "iv": 105.73, "instrument_name": "BTC-31MAR23-40000-C", "index_price": 27203.11, "direction": "sell", "amount": 0.5}, {"trade_seq": 1592, "trade_id": "246449201", "timestamp": 1679203334205, "tick_direction": 1, "price": 0.002, "mark_price": 0.00175418, "iv": 105.68, "instrument_name": "BTC-31MAR23-40000-C", "index_price": 27209.17, "direction": "sell", "amount": 0.8}, {"trade_seq": 1591, "trade_id": "246435657", "timestamp": 1679188375083, "tick_direction": 1, "price": 0.002, "mark_price": 0.00171853, "iv": 105.5, "instrument_name": "BTC-31MAR23-40000-C", "index_price": 27131.11, "direction": "buy", "amount": 6.1}, {"trade_seq": 1590, "trade_id": "246435656", "timestamp": 1679188375083, "tick_direction": 1, "price": 0.002, "mark_price": 0.00171853, "iv": 105.5, "instrument_name": "BTC-31MAR23-40000-C", "index_price": 27131.11, "direction": "buy", "amount": 2.9}, {"trade_seq": 1589, "trade_id": "246435154", "timestamp": 1679188009126, "tick_direction": 1, "price": 0.002, "mark_price": 0.00172418, "iv": 105.31, "instrument_name": "BTC-31MAR23-40000-C", "index_price": 27158.84, "direction": "buy", "amount": 15.7}, {"trade_seq": 1588, "trade_id": "246435153", "timestamp": 1679188009126, "tick_direction": 1, "price": 0.002, "mark_price": 0.00172418, "iv": 105.31, "instrument_name": "BTC-31MAR23-40000-C", "index_price": 27158.84, "direction": "buy", "amount": 12.9}, {"trade_seq": 1587, "trade_id": "246435152", "timestamp": 1679188009126, "tick_direction": 1, "price": 0.002, "mark_price": 0.00172418, "iv": 105.31, "instrument_name": "BTC-31MAR23-40000-C", "index_price": 27158.84, "direction": "buy", "amount": 5.0}, {"trade_seq": 1586, "trade_id": "246435151", "timestamp": 1679188009126, "tick_direction": 1, "price": 0.002, "mark_price": 0.00172418, "iv": 105.31, "instrument_name": "BTC-31MAR23-40000-C", "index_price": 27158.84, "direction": "buy", "amount": 4.5}, {"trade_seq": 1585, "trade_id": "246435150", "timestamp": 1679188009126, "tick_direction": 1, "price": 0.002, "mark_price": 0.00172418, "iv": 105.31, "instrument_name": "BTC-31MAR23-40000-C", "index_price": 27158.84, "direction": "buy", "amount": 1.9}, {"trade_seq": 1584, "trade_id": "246435113", "timestamp": 1679187982134, "tick_direction": 1, "price": 0.002, "mark_price": 0.00172969, "iv": 105.24, "instrument_name": "BTC-31MAR23-40000-C", "index_price": 27167.97, "direction": "buy", "amount": 1.0}, {"trade_seq": 1583, "trade_id": "246429833", "timestamp": 1679184747234, "tick_direction": 1, "price": 0.002, "mark_price": 0.00178885, "iv": 105.65, "instrument_name": "BTC-31MAR23-40000-C", "index_price": 27088.34, "direction": "buy", "amount": 27.0}, {"trade_seq": 1582, "trade_id": "246410382", "timestamp": 1679178917804, "tick_direction": 1, "price": 0.002, "mark_price": 0.00144543, "iv": 104.15, "instrument_name": "BTC-31MAR23-40000-C", "index_price": 27260.55, "direction": "buy", "amount": 21.8}, {"trade_seq": 1581, "trade_id": "246410381", "timestamp": 1679178917804, "tick_direction": 1, "price": 0.002, "mark_price": 0.00144543, "iv": 104.15, "instrument_name": "BTC-31MAR23-40000-C", "index_price": 27260.55, "direction": "buy", "amount": 16.0}, {"trade_seq": 1580, "trade_id": "246410380", "timestamp": 1679178917804, "tick_direction": 1, "price": 0.002, "mark_price": 0.00144543, "iv": 104.15, "instrument_name": "BTC-31MAR23-40000-C", "index_price": 27260.55, "direction": "buy", "amount": 0.5}, {"trade_seq": 1579, "trade_id": "246410379", "timestamp": 1679178917804, "tick_direction": 1, "price": 0.002, "mark_price": 0.00144543, "iv": 104.15, "instrument_name": "BTC-31MAR23-40000-C", "index_price": 27260.55, "direction": "buy", "amount": 2.4}, {"trade_seq": 1578, "trade_id": "246410378", "timestamp": 1679178917804, "tick_direction": 1, "price": 0.002, "mark_price": 0.00144543, "iv": 104.15, "instrument_name": "BTC-31MAR23-40000-C", "index_price": 27260.55, "direction": "buy", "amount": 9.3}, {"trade_seq": 1577, "trade_id": "246394441", "timestamp": 1679167496025, "tick_direction": 1, "price": 0.002, "mark_price": 0.00144391, "iv": 102.41, "instrument_name": "BTC-31MAR23-40000-C", "index_price": 27382.2, "direction": "buy", "amount": 0.4}, {"trade_seq": 1576, "trade_id": "246394440", "timestamp": 1679167496025, "tick_direction": 0, "price": 0.002, "mark_price": 0.00144391, "iv": 102.41, "instrument_name": "BTC-31MAR23-40000-C", "index_price": 27382.2, "direction": "buy", "amount": 3.6}, {"trade_seq": 1575, "trade_id": "246332846", "timestamp": 1679150180229, "tick_direction": 3, "price": 0.0015, "mark_price": 0.00122392, "iv": 95.58, "instrument_name": "BTC-31MAR23-40000-C", "index_price": 27606.38, "direction": "buy", "amount": 1.2}, {"trade_seq": 1574, "trade_id": "246332845", "timestamp": 1679150180229, "tick_direction": 2, "price": 0.0015, "mark_price": 0.00122392, "iv": 95.58, "instrument_name": "BTC-31MAR23-40000-C", "index_price": 27606.38, "direction": "buy", "amount": 2.0}, {"trade_seq": 1573, "trade_id": "246174492", "timestamp": 1679094796472, "tick_direction": 1, "price": 0.002, "mark_price": 0.00199139, "iv": 96.57, "instrument_name": "BTC-31MAR23-40000-C", "index_price": 27668.99, "direction": "sell", "amount": 29.0}, {"trade_seq": 1572, "trade_id": "246150574", "timestamp": 1679092631818, "tick_direction": 1, "price": 0.002, "mark_price": 0.00181114, "iv": 97.4, "instrument_name": "BTC-31MAR23-40000-C", "index_price": 27577.21, "direction": "buy", "amount": 0.5}, {"trade_seq": 1571, "trade_id": "246150506", "timestamp": 1679092626927, "tick_direction": 1, "price": 0.002, "mark_price": 0.0018033, "iv": 97.31, "instrument_name": "BTC-31MAR23-40000-C", "index_price": 27587.55, "direction": "buy", "amount": 0.1}, {"trade_seq": 1570, "trade_id": "246150476", "timestamp": 1679092625576, "tick_direction": 1, "price": 0.002, "mark_price": 0.00180748, "iv": 97.43, "instrument_name": "BTC-31MAR23-40000-C", "index_price": 27567.16, "direction": "buy", "amount": 0.1}, {"trade_seq": 1569, "trade_id": "246150475", "timestamp": 1679092625544, "tick_direction": 1, "price": 0.002, "mark_price": 0.00180748, "iv": 97.43, "instrument_name": "BTC-31MAR23-40000-C", "index_price": 27567.16, "direction": "buy", "amount": 0.1}, {"trade_seq": 1568, "trade_id": "246150473", "timestamp": 1679092625526, "tick_direction": 1, "price": 0.002, "mark_price": 0.00180748, "iv": 97.43, "instrument_name": "BTC-31MAR23-40000-C", "index_price": 27567.16, "direction": "buy", "amount": 0.1}, {"trade_seq": 1567, "trade_id": "246150472", "timestamp": 1679092625467, "tick_direction": 1, "price": 0.002, "mark_price": 0.00180748, "iv": 97.43, "instrument_name": "BTC-31MAR23-40000-C", "index_price": 27567.16, "direction": "buy", "amount": 0.1}, {"trade_seq": 1566, "trade_id": "246150470", "timestamp": 1679092625448, "tick_direction": 1, "price": 0.002, "mark_price": 0.00180748, "iv": 97.43, "instrument_name": "BTC-31MAR23-40000-C", "index_price": 27567.16, "direction": "buy", "amount": 0.1}, {"trade_seq": 1565, "trade_id": "246150466", "timestamp": 1679092625402, "tick_direction": 1, "price": 0.002, "mark_price": 0.00180748, "iv": 97.43, "instrument_name": "BTC-31MAR23-40000-C", "index_price": 27567.16, "direction": "buy", "amount": 0.1}, {"trade_seq": 1564, "trade_id": "246150461", "timestamp": 1679092625357, "tick_direction": 1, "price": 0.002, "mark_price": 0.00180748, "iv": 97.43, "instrument_name": "BTC-31MAR23-40000-C", "index_price": 27567.16, "direction": "buy", "amount": 0.1}, {"trade_seq": 1563, "trade_id": "246150425", "timestamp": 1679092624137, "tick_direction": 1, "price": 0.002, "mark_price": 0.00181762, "iv": 97.43, "instrument_name": "BTC-31MAR23-40000-C", "index_price": 27571.26, "direction": "buy", "amount": 0.2}, {"trade_seq": 1562, "trade_id": "246150422", "timestamp": 1679092624046, "tick_direction": 0, "price": 0.002, "mark_price": 0.00181762, "iv": 97.43, "instrument_name": "BTC-31MAR23-40000-C", "index_price": 27571.26, "direction": "buy", "amount": 5.0}, {"trade_seq": 1561, "trade_id": "246123510", "timestamp": 1679090167711, "tick_direction": 1, "price": 0.001, "mark_price": 0.00078548, "iv": 91.04, "instrument_name": "BTC-31MAR23-40000-C", "index_price": 27132.69, "direction": "buy", "amount": 10.0}, {"trade_seq": 1560, "trade_id": "246123509", "timestamp": 1679090167711, "tick_direction": 0, "price": 0.001, "mark_price": 0.00078548, "iv": 91.04, "instrument_name": "BTC-31MAR23-40000-C", "index_price": 27132.69, "direction": "buy", "amount": 29.0}, {"trade_seq": 1559, "trade_id": "246096862", "timestamp": 1679084315097, "tick_direction": 3, "price": 0.0005, "mark_price": 0.00074145, "iv": 84.84, "instrument_name": "BTC-31MAR23-40000-C", "index_price": 26881.09, "direction": "sell", "amount": 0.4}, {"trade_seq": 1558, "trade_id": "246096861", "timestamp": 1679084315097, "tick_direction": 3, "price": 0.0005, "mark_price": 0.00074145, "iv": 84.84, "instrument_name": "BTC-31MAR23-40000-C", "index_price": 26881.09, "direction": "sell", "amount": 0.6}, {"trade_seq": 1557, "trade_id": "246040130", "timestamp": 1679070155417, "tick_direction": 3, "price": 0.0005, "mark_price": 0.00070105, "iv": 87.2, "instrument_name": "BTC-31MAR23-40000-C", "index_price": 26465.58, "direction": "sell", "amount": 0.3}, {"trade_seq": 1556, "trade_id": "245906120", "timestamp": 1679043608131, "tick_direction": 2, "price": 0.0005, "mark_price": 0.0007371, "iv": 89.31, "instrument_name": "BTC-31MAR23-40000-C", "index_price": 26067.66, "direction": "sell", "amount": 0.1}, {"trade_seq": 1555, "trade_id": "245745529", "timestamp": 1679010307558, "tick_direction": 0, "price": 0.001, "mark_price": 0.00072371, "iv": 103.31, "instrument_name": "BTC-31MAR23-40000-C", "index_price": 25088.31, "direction": "buy", "amount": 3.0}, {"trade_seq": 1554, "trade_id": "245658470", "timestamp": 1678973993365, "tick_direction": 3, "price": 0.0005, "mark_price": 0.0007451, "iv": 95.41, "instrument_name": "BTC-31MAR23-40000-C", "index_price": 24827.52, "direction": "sell", "amount": 0.5}, {"trade_seq": 1553, "trade_id": "245432465", "timestamp": 1678897086553, "tick_direction": 2, "price": 0.0005, "mark_price": 0.00071076, "iv": 95.8, "instrument_name": "BTC-31MAR23-40000-C", "index_price": 24345.2, "direction": "sell", "amount": 4.0}, {"trade_seq": 1552, "trade_id": "245145803", "timestamp": 1678815457770, "tick_direction": 1, "price": 0.001, "mark_price": 0.00091629, "iv": 90.9, "instrument_name": "BTC-31MAR23-40000-C", "index_price": 25812.11, "direction": "sell", "amount": 2.7}, {"trade_seq": 1551, "trade_id": "245100368", "timestamp": 1678802217087, "tick_direction": 0, "price": 0.001, "mark_price": 0.00086023, "iv": 89.93, "instrument_name": "BTC-31MAR23-40000-C", "index_price": 25866.82, "direction": "sell", "amount": 1.0}, {"trade_seq": 1550, "trade_id": "245092534", "timestamp": 1678801216411, "tick_direction": 2, "price": 0.0005, "mark_price": 0.00091371, "iv": 80.98, "instrument_name": "BTC-31MAR23-40000-C", "index_price": 26091.71, "direction": "sell", "amount": 0.1}, {"trade_seq": 1549, "trade_id": "245059745", "timestamp": 1678798603843, "tick_direction": 1, "price": 0.001, "mark_price": 0.00140374, "iv": 89.24, "instrument_name": "BTC-31MAR23-40000-C", "index_price": 25968.81, "direction": "sell", "amount": 0.1}, {"trade_seq": 1548, "trade_id": "244998528", "timestamp": 1678793188139, "tick_direction": 1, "price": 0.001, "mark_price": 0.00073659, "iv": 96.67, "instrument_name": "BTC-31MAR23-40000-C", "index_price": 24882.55, "direction": "buy", "amount": 0.3}, {"trade_seq": 1547, "trade_id": "244819066", "timestamp": 1678722736487, "tick_direction": 0, "price": 0.001, "mark_price": 0.00100944, "iv": 99.2, "instrument_name": "BTC-31MAR23-40000-C", "index_price": 24172.15, "direction": "sell", "amount": 1.0}, {"trade_seq": 1546, "trade_id": "244584360", "timestamp": 1678671085785, "tick_direction": 3, "price": 0.0005, "mark_price": 8.016e-05, "iv": 100.68, "instrument_name": "BTC-31MAR23-40000-C", "index_price": 22567.13, "direction": "sell", "amount": 0.3}, {"trade_seq": 1545, "trade_id": "243510493", "timestamp": 1678098038386, "tick_direction": 3, "price": 0.0005, "mark_price": 0.00026781, "iv": 86.52, "instrument_name": "BTC-31MAR23-40000-C", "index_price": 22396.98, "direction": "buy", "amount": 3.0}, {"trade_seq": 1544, "trade_id": "243395924", "timestamp": 1677856084121, "tick_direction": 3, "price": 0.0005, "mark_price": 0.00042569, "iv": 82.46, "instrument_name": "BTC-31MAR23-40000-C", "index_price": 22304.08, "direction": "buy", "amount": 0.1}, {"trade_seq": 1543, "trade_id": "243395912", "timestamp": 1677856073971, "tick_direction": 3, "price": 0.0005, "mark_price": 0.00042412, "iv": 82.49, "instrument_name": "BTC-31MAR23-40000-C", "index_price": 22296.75, "direction": "buy", "amount": 0.5}, {"trade_seq": 1542, "trade_id": "243395910", "timestamp": 1677856069119, "tick_direction": 3, "price": 0.0005, "mark_price": 0.00042383, "iv": 82.49, "instrument_name": "BTC-31MAR23-40000-C", "index_price": 22296.1, "direction": "buy", "amount": 4.0}, {"trade_seq": 1541, "trade_id": "243395897", "timestamp": 1677856059612, "tick_direction": 3, "price": 0.0005, "mark_price": 0.00042494, "iv": 82.47, "instrument_name": "BTC-31MAR23-40000-C", "index_price": 22299.92, "direction": "buy", "amount": 10.0}, {"trade_seq": 1540, "trade_id": "243383718", "timestamp": 1677849108160, "tick_direction": 3, "price": 0.0005, "mark_price": 0.00044106, "iv": 82.14, "instrument_name": "BTC-31MAR23-40000-C", "index_price": 22335.11, "direction": "sell", "amount": 10.0}, {"trade_seq": 1539, "trade_id": "243383717", "timestamp": 1677849108158, "tick_direction": 2, "price": 0.0005, "mark_price": 0.00044106, "iv": 82.14, "instrument_name": "BTC-31MAR23-40000-C", "index_price": 22335.11, "direction": "buy", "amount": 5.0}, {"trade_seq": 1538, "trade_id": "243176899", "timestamp": 1677676207518, "tick_direction": 0, "price": 0.001, "mark_price": 0.0007469, "iv": 78.41, "instrument_name": "BTC-31MAR23-40000-C", "index_price": 23687.78, "direction": "buy", "amount": 0.9}, {"trade_seq": 1537, "trade_id": "243174795", "timestamp": 1677672614481, "tick_direction": 3, "price": 0.0005, "mark_price": 0.00071508, "iv": 71.82, "instrument_name": "BTC-31MAR23-40000-C", "index_price": 23734.82, "direction": "buy", "amount": 10.0}, {"trade_seq": 1536, "trade_id": "243174794", "timestamp": 1677672609703, "tick_direction": 3, "price": 0.0005, "mark_price": 0.00071753, "iv": 71.82, "instrument_name": "BTC-31MAR23-40000-C", "index_price": 23735.43, "direction": "buy", "amount": 10.0}, {"trade_seq": 1535, "trade_id": "243174792", "timestamp": 1677672605764, "tick_direction": 3, "price": 0.0005, "mark_price": 0.00071873, "iv": 71.82, "instrument_name": "BTC-31MAR23-40000-C", "index_price": 23735.0, "direction": "buy", "amount": 10.0}, {"trade_seq": 1534, "trade_id": "243174787", "timestamp": 1677672601080, "tick_direction": 3, "price": 0.0005, "mark_price": 0.00072062, "iv": 71.8, "instrument_name": "BTC-31MAR23-40000-C", "index_price": 23739.68, "direction": "buy", "amount": 1.2}, {"trade_seq": 1533, "trade_id": "243174786", "timestamp": 1677672601079, "tick_direction": 3, "price": 0.0005, "mark_price": 0.00072062, "iv": 71.8, "instrument_name": "BTC-31MAR23-40000-C", "index_price": 23739.68, "direction": "buy", "amount": 7.6}, {"trade_seq": 1532, "trade_id": "243174785", "timestamp": 1677672601077, "tick_direction": 3, "price": 0.0005, "mark_price": 0.00072062, "iv": 71.8, "instrument_name": "BTC-31MAR23-40000-C", "index_price": 23739.68, "direction": "buy", "amount": 15.2}, {"trade_seq": 1531, "trade_id": "243174784", "timestamp": 1677672601075, "tick_direction": 2, "price": 0.0005, "mark_price": 0.00072062, "iv": 71.8, "instrument_name": "BTC-31MAR23-40000-C", "index_price": 23739.68, "direction": "sell", "amount": 9.0}, {"trade_seq": 1530, "trade_id": "243166006", "timestamp": 1677661223744, "tick_direction": 1, "price": 0.001, "mark_price": 0.00073552, "iv": 77.01, "instrument_name": "BTC-31MAR23-40000-C", "index_price": 23901.47, "direction": "buy", "amount": 19.7}, {"trade_seq": 1529, "trade_id": "243166005", "timestamp": 1677661223744, "tick_direction": 1, "price": 0.001, "mark_price": 0.00073552, "iv": 77.01, "instrument_name": "BTC-31MAR23-40000-C", "index_price": 23901.47, "direction": "buy", "amount": 0.3}, {"trade_seq": 1528, "trade_id": "243166004", "timestamp": 1677661223744, "tick_direction": 0, "price": 0.001, "mark_price": 0.00073552, "iv": 77.01, "instrument_name": "BTC-31MAR23-40000-C", "index_price": 23901.47, "direction": "buy", "amount": 5.0}, {"trade_seq": 1527, "trade_id": "243110056", "timestamp": 1677612087672, "tick_direction": 3, "price": 0.0005, "mark_price": 0.00088412, "iv": 72.83, "instrument_name": "BTC-31MAR23-40000-C", "index_price": 23373.71, "direction": "sell", "amount": 2.0}, {"trade_seq": 1526, "trade_id": "243023497", "timestamp": 1677512486723, "tick_direction": 3, "price": 0.0005, "mark_price": 0.00068117, "iv": 70.21, "instrument_name": "BTC-31MAR23-40000-C", "index_price": 23638.14, "direction": "sell", "amount": 20.0}, {"trade_seq": 1525, "trade_id": "243007956", "timestamp": 1677504390114, "tick_direction": 3, "price": 0.0005, "mark_price": 0.0005429, "iv": 70.78, "instrument_name": "BTC-31MAR23-40000-C", "index_price": 23502.02, "direction": "sell", "amount": 1.0}, {"trade_seq": 1524, "trade_id": "242985947", "timestamp": 1677464125769, "tick_direction": 3, "price": 0.0005, "mark_price": 0.00072189, "iv": 69.88, "instrument_name": "BTC-31MAR23-40000-C", "index_price": 23568.9, "direction": "buy", "amount": 0.8}, {"trade_seq": 1523, "trade_id": "242985946", "timestamp": 1677464125768, "tick_direction": 3, "price": 0.0005, "mark_price": 0.00072189, "iv": 69.88, "instrument_name": "BTC-31MAR23-40000-C", "index_price": 23568.9, "direction": "sell", "amount": 1.0}, {"trade_seq": 1522, "trade_id": "242985945", "timestamp": 1677464125768, "tick_direction": 3, "price": 0.0005, "mark_price": 0.00072189, "iv": 69.88, "instrument_name": "BTC-31MAR23-40000-C", "index_price": 23568.9, "direction": "sell", "amount": 4.0}, {"trade_seq": 1521, "trade_id": "242917675", "timestamp": 1677343930215, "tick_direction": 3, "price": 0.0005, "mark_price": 0.00072049, "iv": 71.07, "instrument_name": "BTC-31MAR23-40000-C", "index_price": 23019.4, "direction": "sell", "amount": 0.1}, {"trade_seq": 1520, "trade_id": "242909365", "timestamp": 1677326457909, "tick_direction": 3, "price": 0.0005, "mark_price": 0.00072324, "iv": 71.03, "instrument_name": "BTC-31MAR23-40000-C", "index_price": 22983.41, "direction": "sell", "amount": 2.1}, {"trade_seq": 1519, "trade_id": "242909358", "timestamp": 1677326438150, "tick_direction": 3, "price": 0.0005, "mark_price": 0.00072397, "iv": 71.03, "instrument_name": "BTC-31MAR23-40000-C", "index_price": 22983.06, "direction": "sell", "amount": 11.9}, {"trade_seq": 1518, "trade_id": "242909357", "timestamp": 1677326438150, "tick_direction": 3, "price": 0.0005, "mark_price": 0.00072397, "iv": 71.03, "instrument_name": "BTC-31MAR23-40000-C", "index_price": 22983.06, "direction": "sell", "amount": 5.0}, {"trade_seq": 1517, "trade_id": "242909356", "timestamp": 1677326438150, "tick_direction": 3, "price": 0.0005, "mark_price": 0.00072397, "iv": 71.03, "instrument_name": "BTC-31MAR23-40000-C", "index_price": 22983.06, "direction": "sell", "amount": 4.0}, {"trade_seq": 1516, "trade_id": "242909355", "timestamp": 1677326438150, "tick_direction": 2, "price": 0.0005, "mark_price": 0.00072397, "iv": 71.03, "instrument_name": "BTC-31MAR23-40000-C", "index_price": 22983.06, "direction": "sell", "amount": 0.1}, {"trade_seq": 1515, "trade_id": "242808080", "timestamp": 1677242011525, "tick_direction": 3, "price": 0.001, "mark_price": 0.00089947, "iv": 71.34, "instrument_name": "BTC-31MAR23-40000-C", "index_price": 23908.7, "direction": "buy", "amount": 38.0}, {"trade_seq": 1514, "trade_id": "242799003", "timestamp": 1677230156419, "tick_direction": 3, "price": 0.001, "mark_price": 0.00074331, "iv": 71.27, "instrument_name": "BTC-31MAR23-40000-C", "index_price": 23905.13, "direction": "buy", "amount": 18.0}, {"trade_seq": 1513, "trade_id": "242798947", "timestamp": 1677229969692, "tick_direction": 3, "price": 0.001, "mark_price": 0.00075848, "iv": 71.17, "instrument_name": "BTC-31MAR23-40000-C", "index_price": 23922.63, "direction": "buy", "amount": 20.0}, {"trade_seq": 1512, "trade_id": "242781798", "timestamp": 1677223299522, "tick_direction": 3, "price": 0.001, "mark_price": 0.00119158, "iv": 71.7, "instrument_name": "BTC-31MAR23-40000-C", "index_price": 23796.79, "direction": "sell", "amount": 4.0}, {"trade_seq": 1511, "trade_id": "242776599", "timestamp": 1677216435553, "tick_direction": 2, "price": 0.001, "mark_price": 0.00125151, "iv": 70.99, "instrument_name": "BTC-31MAR23-40000-C", "index_price": 23926.56, "direction": "sell", "amount": 1.0}, {"trade_seq": 1510, "trade_id": "242773078", "timestamp": 1677211006796, "tick_direction": 0, "price": 0.0015, "mark_price": 0.00122515, "iv": 74.68, "instrument_name": "BTC-31MAR23-40000-C", "index_price": 23960.12, "direction": "buy", "amount": 3.0}, {"trade_seq": 1509, "trade_id": "242716002", "timestamp": 1677158420106, "tick_direction": 3, "price": 0.001, "mark_price": 0.00128501, "iv": 68.9, "instrument_name": "BTC-31MAR23-40000-C", "index_price": 24197.42, "direction": "sell", "amount": 1.0}, {"trade_seq": 1508, "trade_id": "242706207", "timestamp": 1677154027553, "tick_direction": 3, "price": 0.001, "mark_price": 0.001649, "iv": 71.62, "instrument_name": "BTC-31MAR23-40000-C", "index_price": 23640.04, "direction": "sell", "amount": 5.9}, {"trade_seq": 1507, "trade_id": "242706206", "timestamp": 1677154027553, "tick_direction": 3, "price": 0.001, "mark_price": 0.001649, "iv": 71.62, "instrument_name": "BTC-31MAR23-40000-C", "index_price": 23640.04, "direction": "sell", "amount": 5.2}, {"trade_seq": 1506, "trade_id": "242706205", "timestamp": 1677154027553, "tick_direction": 3, "price": 0.001, "mark_price": 0.001649, "iv": 71.62, "instrument_name": "BTC-31MAR23-40000-C", "index_price": 23640.04, "direction": "sell", "amount": 3.1}, {"trade_seq": 1505, "trade_id": "242706204", "timestamp": 1677154027553, "tick_direction": 3, "price": 0.001, "mark_price": 0.001649, "iv": 71.62, "instrument_name": "BTC-31MAR23-40000-C", "index_price": 23640.04, "direction": "sell", "amount": 45.0}, {"trade_seq": 1504, "trade_id": "242706203", "timestamp": 1677154027553, "tick_direction": 3, "price": 0.001, "mark_price": 0.001649, "iv": 71.62, "instrument_name": "BTC-31MAR23-40000-C", "index_price": 23640.04, "direction": "sell", "amount": 3.2}, {"trade_seq": 1503, "trade_id": "242706202", "timestamp": 1677154027553, "tick_direction": 3, "price": 0.001, "mark_price": 0.001649, "iv": 71.62, "instrument_name": "BTC-31MAR23-40000-C", "index_price": 23640.04, "direction": "sell", "amount": 10.0}, {"trade_seq": 1502, "trade_id": "242706201", "timestamp": 1677154027553, "tick_direction": 2, "price": 0.001, "mark_price": 0.001649, "iv": 71.62, "instrument_name": "BTC-31MAR23-40000-C", "index_price": 23640.04, "direction": "sell", "amount": 0.5}, {"trade_seq": 1501, "trade_id": "242706090", "timestamp": 1677154013152, "tick_direction": 3, "price": 0.0015, "mark_price": 0.00164694, "iv": 75.64, "instrument_name": "BTC-31MAR23-40000-C", "index_price": 23634.26, "direction": "sell", "amount": 0.1}, {"trade_seq": 1500, "trade_id": "242706043", "timestamp": 1677154005952, "tick_direction": 3, "price": 0.0015, "mark_price": 0.00165605, "iv": 75.61, "instrument_name": "BTC-31MAR23-40000-C", "index_price": 23634.69, "direction": "sell", "amount": 1.9}, {"trade_seq": 1499, "trade_id": "242706042", "timestamp": 1677154005952, "tick_direction": 2, "price": 0.0015, "mark_price": 0.00165605, "iv": 75.61, "instrument_name": "BTC-31MAR23-40000-C", "index_price": 23634.69, "direction": "sell", "amount": 0.5}, {"trade_seq": 1498, "trade_id": "242683904", "timestamp": 1677143943269, "tick_direction": 2, "price": 0.002, "mark_price": 0.00186474, "iv": 74.27, "instrument_name": "BTC-31MAR23-40000-C", "index_price": 24460.0, "direction": "buy", "amount": 1.0}, {"trade_seq": 1497, "trade_id": "242489149", "timestamp": 1677005363613, "tick_direction": 0, "price": 0.0035, "mark_price": 0.00359058, "iv": 77.83, "instrument_name": "BTC-31MAR23-40000-C", "index_price": 24702.97, "direction": "buy", "amount": 0.1}, {"trade_seq": 1496, "trade_id": "242477724", "timestamp": 1676999569258, "tick_direction": 0, "price": 0.003, "mark_price": 0.00320306, "iv": 77.54, "instrument_name": "BTC-31MAR23-40000-C", "index_price": 24401.71, "direction": "sell", "amount": 0.1}, {"trade_seq": 1495, "trade_id": "242476020", "timestamp": 1676998123686, "tick_direction": 3, "price": 0.0025, "mark_price": 0.00219652, "iv": 75.17, "instrument_name": "BTC-31MAR23-40000-C", "index_price": 24430.9, "direction": "buy", "amount": 4.5}, {"trade_seq": 1494, "trade_id": "242476019", "timestamp": 1676998123686, "tick_direction": 2, "price": 0.0025, "mark_price": 0.00219652, "iv": 75.17, "instrument_name": "BTC-31MAR23-40000-C", "index_price": 24430.9, "direction": "buy", "amount": 3.0}, {"trade_seq": 1493, "trade_id": "242410621", "timestamp": 1676961584290, "tick_direction": 1, "price": 0.003, "mark_price": 0.00326983, "iv": 74.1, "instrument_name": "BTC-31MAR23-40000-C", "index_price": 24972.19, "direction": "sell", "amount": 0.1}, {"trade_seq": 1492, "trade_id": "242396569", "timestamp": 1676945334763, "tick_direction": 1, "price": 0.003, "mark_price": 0.00298299, "iv": 74.22, "instrument_name": "BTC-31MAR23-40000-C", "index_price": 24904.05, "direction": "buy", "amount": 0.1}, {"trade_seq": 1491, "trade_id": "242389212", "timestamp": 1676935660789, "tick_direction": 1, "price": 0.003, "mark_price": 0.00319005, "iv": 74.74, "instrument_name": "BTC-31MAR23-40000-C", "index_price": 24776.23, "direction": "sell", "amount": 9.7}, {"trade_seq": 1490, "trade_id": "242342359", "timestamp": 1676893196993, "tick_direction": 1, "price": 0.003, "mark_price": 0.00323894, "iv": 73.99, "instrument_name": "BTC-31MAR23-40000-C", "index_price": 24840.3, "direction": "sell", "amount": 1.0}, {"trade_seq": 1489, "trade_id": "242331063", "timestamp": 1676886898604, "tick_direction": 0, "price": 0.003, "mark_price": 0.00299211, "iv": 73.55, "instrument_name": "BTC-31MAR23-40000-C", "index_price": 24916.54, "direction": "buy", "amount": 1.0}, {"trade_seq": 1488, "trade_id": "242324626", "timestamp": 1676884398604, "tick_direction": 3, "price": 0.0025, "mark_price": 0.00262767, "iv": 73.75, "instrument_name": "BTC-31MAR23-40000-C", "index_price": 24457.52, "direction": "sell", "amount": 0.1}, {"trade_seq": 1487, "trade_id": "242319033", "timestamp": 1676879332458, "tick_direction": 3, "price": 0.0025, "mark_price": 0.00261855, "iv": 73.43, "instrument_name": "BTC-31MAR23-40000-C", "index_price": 24513.44, "direction": "sell", "amount": 0.1}, {"trade_seq": 1486, "trade_id": "242304806", "timestamp": 1676863783436, "tick_direction": 2, "price": 0.0025, "mark_price": 0.00250233, "iv": 73.81, "instrument_name": "BTC-31MAR23-40000-C", "index_price": 24406.67, "direction": "buy", "amount": 0.1}, {"trade_seq": 1485, "trade_id": "242244444", "timestamp": 1676822752744, "tick_direction": 3, "price": 0.003, "mark_price": 0.00314919, "iv": 72.8, "instrument_name": "BTC-31MAR23-40000-C", "index_price": 24914.52, "direction": "sell", "amount": 1.0}, {"trade_seq": 1484, "trade_id": "242197626", "timestamp": 1676749502246, "tick_direction": 3, "price": 0.003, "mark_price": 0.0031608, "iv": 73.7, "instrument_name": "BTC-31MAR23-40000-C", "index_price": 24598.69, "direction": "sell", "amount": 9.0}, {"trade_seq": 1483, "trade_id": "242196506", "timestamp": 1676747696392, "tick_direction": 3, "price": 0.003, "mark_price": 0.00324231, "iv": 73.08, "instrument_name": "BTC-31MAR23-40000-C", "index_price": 24712.35, "direction": "sell", "amount": 0.1}, {"trade_seq": 1482, "trade_id": "242196500", "timestamp": 1676747687833, "tick_direction": 3, "price": 0.003, "mark_price": 0.00324472, "iv": 73.07, "instrument_name": "BTC-31MAR23-40000-C", "index_price": 24714.55, "direction": "sell", "amount": 0.1}, {"trade_seq": 1481, "trade_id": "242196337", "timestamp": 1676747336553, "tick_direction": 3, "price": 0.003, "mark_price": 0.00321074, "iv": 73.15, "instrument_name": "BTC-31MAR23-40000-C", "index_price": 24698.67, "direction": "sell", "amount": 0.1}, {"trade_seq": 1480, "trade_id": "242196222", "timestamp": 1676747063910, "tick_direction": 3, "price": 0.003, "mark_price": 0.00325652, "iv": 72.95, "instrument_name": "BTC-31MAR23-40000-C", "index_price": 24733.27, "direction": "sell", "amount": 0.2}, {"trade_seq": 1479, "trade_id": "242196221", "timestamp": 1676747051755, "tick_direction": 3, "price": 0.003, "mark_price": 0.00325525, "iv": 72.96, "instrument_name": "BTC-31MAR23-40000-C", "index_price": 24734.05, "direction": "sell", "amount": 0.1}, {"trade_seq": 1478, "trade_id": "242196220", "timestamp": 1676747049348, "tick_direction": 3, "price": 0.003, "mark_price": 0.00325453, "iv": 72.96, "instrument_name": "BTC-31MAR23-40000-C", "index_price": 24733.75, "direction": "sell", "amount": 0.1}, {"trade_seq": 1477, "trade_id": "242196213", "timestamp": 1676747003118, "tick_direction": 3, "price": 0.003, "mark_price": 0.0032543, "iv": 72.97, "instrument_name": "BTC-31MAR23-40000-C", "index_price": 24734.9, "direction": "sell", "amount": 0.1}, {"trade_seq": 1476, "trade_id": "242194886", "timestamp": 1676745399398, "tick_direction": 3, "price": 0.003, "mark_price": 0.00311616, "iv": 73.35, "instrument_name": "BTC-31MAR23-40000-C", "index_price": 24662.92, "direction": "sell", "amount": 0.1}, {"trade_seq": 1475, "trade_id": "242188283", "timestamp": 1676737584471, "tick_direction": 3, "price": 0.003, "mark_price": 0.00324871, "iv": 73.2, "instrument_name": "BTC-31MAR23-40000-C", "index_price": 24675.37, "direction": "sell", "amount": 0.1}, {"trade_seq": 1474, "trade_id": "242154592", "timestamp": 1676692993048, "tick_direction": 3, "price": 0.003, "mark_price": 0.00324969, "iv": 73.03, "instrument_name": "BTC-31MAR23-40000-C", "index_price": 24623.0, "direction": "sell", "amount": 1.0}, {"trade_seq": 1473, "trade_id": "242153962", "timestamp": 1676691894436, "tick_direction": 2, "price": 0.003, "mark_price": 0.0032879, "iv": 72.97, "instrument_name": "BTC-31MAR23-40000-C", "index_price": 24630.99, "direction": "sell", "amount": 2.0}, {"trade_seq": 1472, "trade_id": "242142199", "timestamp": 1676677323269, "tick_direction": 1, "price": 0.0035, "mark_price": 0.00353388, "iv": 74.64, "instrument_name": "BTC-31MAR23-40000-C", "index_price": 24656.48, "direction": "sell", "amount": 0.9}, {"trade_seq": 1471, "trade_id": "242121210", "timestamp": 1676668349570, "tick_direction": 0, "price": 0.0035, "mark_price": 0.00382266, "iv": 73.71, "instrument_name": "BTC-31MAR23-40000-C", "index_price": 24806.11, "direction": "sell", "amount": 0.1}, {"trade_seq": 1470, "trade_id": "242082373", "timestamp": 1676653749152, "tick_direction": 1, "price": 0.0025, "mark_price": 0.00255915, "iv": 72.48, "instrument_name": "BTC-31MAR23-40000-C", "index_price": 24251.39, "direction": "buy", "amount": 0.4}, {"trade_seq": 1469, "trade_id": "242069527", "timestamp": 1676648706677, "tick_direction": 0, "price": 0.0025, "mark_price": 0.00232894, "iv": 72.99, "instrument_name": "BTC-31MAR23-40000-C", "index_price": 24146.46, "direction": "buy", "amount": 0.6}, {"trade_seq": 1468, "trade_id": "242037150", "timestamp": 1676636427741, "tick_direction": 3, "price": 0.0015, "mark_price": 0.00161004, "iv": 69.27, "instrument_name": "BTC-31MAR23-40000-C", "index_price": 23803.45, "direction": "buy", "amount": 9.0}, {"trade_seq": 1467, "trade_id": "242024018", "timestamp": 1676622005910, "tick_direction": 3, "price": 0.0015, "mark_price": 0.00160954, "iv": 69.82, "instrument_name": "BTC-31MAR23-40000-C", "index_price": 23661.93, "direction": "sell", "amount": 1.8}, {"trade_seq": 1466, "trade_id": "242015586", "timestamp": 1676619917011, "tick_direction": 2, "price": 0.0015, "mark_price": 0.00173594, "iv": 69.44, "instrument_name": "BTC-31MAR23-40000-C", "index_price": 23740.45, "direction": "sell", "amount": 1.0}, {"trade_seq": 1465, "trade_id": "241948817", "timestamp": 1676585663551, "tick_direction": 1, "price": 0.002, "mark_price": 0.00219704, "iv": 68.5, "instrument_name": "BTC-31MAR23-40000-C", "index_price": 24456.22, "direction": "sell", "amount": 1.2}, {"trade_seq": 1464, "trade_id": "241882529", "timestamp": 1676562521018, "tick_direction": 0, "price": 0.002, "mark_price": 0.0018026, "iv": 66.26, "instrument_name": "BTC-31MAR23-40000-C", "index_price": 24866.96, "direction": "buy", "amount": 0.5}, {"trade_seq": 1463, "trade_id": "241855230", "timestamp": 1676552199714, "tick_direction": 3, "price": 0.0015, "mark_price": 0.00169953, "iv": 64.78, "instrument_name": "BTC-31MAR23-40000-C", "index_price": 24586.57, "direction": "sell", "amount": 16.1}, {"trade_seq": 1462, "trade_id": "241855229", "timestamp": 1676552199679, "tick_direction": 3, "price": 0.0015, "mark_price": 0.00169953, "iv": 64.78, "instrument_name": "BTC-31MAR23-40000-C", "index_price": 24586.57, "direction": "sell", "amount": 15.0}, {"trade_seq": 1461, "trade_id": "241842580", "timestamp": 1676535938737, "tick_direction": 3, "price": 0.0015, "mark_price": 0.00155013, "iv": 64.46, "instrument_name": "BTC-31MAR23-40000-C", "index_price": 24631.11, "direction": "sell", "amount": 3.0}, {"trade_seq": 1460, "trade_id": "241816215", "timestamp": 1676514723653, "tick_direction": 3, "price": 0.0015, "mark_price": 0.00173368, "iv": 64.27, "instrument_name": "BTC-31MAR23-40000-C", "index_price": 24659.83, "direction": "sell", "amount": 3.2}, {"trade_seq": 1459, "trade_id": "241811534", "timestamp": 1676511046899, "tick_direction": 2, "price": 0.0015, "mark_price": 0.00173555, "iv": 64.27, "instrument_name": "BTC-31MAR23-40000-C", "index_price": 24634.29, "direction": "sell", "amount": 0.1}, {"trade_seq": 1458, "trade_id": "241800542", "timestamp": 1676506641524, "tick_direction": 1, "price": 0.002, "mark_price": 0.00199057, "iv": 66.74, "instrument_name": "BTC-31MAR23-40000-C", "index_price": 24712.48, "direction": "buy", "amount": 6.6}, {"trade_seq": 1457, "trade_id": "241797227", "timestamp": 1676506332722, "tick_direction": 1, "price": 0.002, "mark_price": 0.00195943, "iv": 67.1, "instrument_name": "BTC-31MAR23-40000-C", "index_price": 24613.28, "direction": "buy", "amount": 6.9}, {"trade_seq": 1456, "trade_id": "241792152", "timestamp": 1676505405119, "tick_direction": 1, "price": 0.002, "mark_price": 0.00178561, "iv": 68.45, "instrument_name": "BTC-31MAR23-40000-C", "index_price": 24323.45, "direction": "buy", "amount": 8.0}, {"trade_seq": 1455, "trade_id": "241791078", "timestamp": 1676504752268, "tick_direction": 1, "price": 0.002, "mark_price": 0.00178566, "iv": 68.51, "instrument_name": "BTC-31MAR23-40000-C", "index_price": 24312.19, "direction": "buy", "amount": 8.0}, {"trade_seq": 1454, "trade_id": "241777268", "timestamp": 1676497140235, "tick_direction": 0, "price": 0.002, "mark_price": 0.00175926, "iv": 69.51, "instrument_name": "BTC-31MAR23-40000-C", "index_price": 24107.92, "direction": "buy", "amount": 0.1}, {"trade_seq": 1453, "trade_id": "241756373", "timestamp": 1676492885880, "tick_direction": 1, "price": 0.001, "mark_price": 0.00085746, "iv": 64.43, "instrument_name": "BTC-31MAR23-40000-C", "index_price": 23824.83, "direction": "buy", "amount": 0.5}, {"trade_seq": 1452, "trade_id": "241756372", "timestamp": 1676492885880, "tick_direction": 0, "price": 0.001, "mark_price": 0.00085746, "iv": 64.43, "instrument_name": "BTC-31MAR23-40000-C", "index_price": 23824.83, "direction": "buy", "amount": 0.2}, {"trade_seq": 1451, "trade_id": "241587162", "timestamp": 1676375431209, "tick_direction": 3, "price": 0.0005, "mark_price": 0.00071602, "iv": 67.02, "instrument_name": "BTC-31MAR23-40000-C", "index_price": 21807.82, "direction": "sell", "amount": 1.0}, {"trade_seq": 1450, "trade_id": "241587161", "timestamp": 1676375428489, "tick_direction": 3, "price": 0.0005, "mark_price": 0.00071723, "iv": 67.02, "instrument_name": "BTC-31MAR23-40000-C", "index_price": 21807.82, "direction": "sell", "amount": 50.0}, {"trade_seq": 1449, "trade_id": "241587159", "timestamp": 1676375426702, "tick_direction": 3, "price": 0.0005, "mark_price": 0.00071733, "iv": 67.02, "instrument_name": "BTC-31MAR23-40000-C", "index_price": 21807.95, "direction": "sell", "amount": 49.0}, {"trade_seq": 1448, "trade_id": "241587158", "timestamp": 1676375426702, "tick_direction": 3, "price": 0.0005, "mark_price": 0.00071733, "iv": 67.02, "instrument_name": "BTC-31MAR23-40000-C", "index_price": 21807.95, "direction": "sell", "amount": 1.0}, {"trade_seq": 1447, "trade_id": "241560595", "timestamp": 1676332984882, "tick_direction": 2, "price": 0.0005, "mark_price": 0.00071354, "iv": 66.77, "instrument_name": "BTC-31MAR23-40000-C", "index_price": 21788.09, "direction": "sell", "amount": 0.2}, {"trade_seq": 1446, "trade_id": "241518297", "timestamp": 1676289495804, "tick_direction": 3, "price": 0.001, "mark_price": 0.00087812, "iv": 72.8, "instrument_name": "BTC-31MAR23-40000-C", "index_price": 21608.97, "direction": "buy", "amount": 1.0}, {"trade_seq": 1445, "trade_id": "241427737", "timestamp": 1676162800220, "tick_direction": 3, "price": 0.001, "mark_price": 0.00122446, "iv": 70.64, "instrument_name": "BTC-31MAR23-40000-C", "index_price": 21824.94, "direction": "sell", "amount": 1.0}, {"trade_seq": 1444, "trade_id": "241427736", "timestamp": 1676162800220, "tick_direction": 3, "price": 0.001, "mark_price": 0.00122446, "iv": 70.64, "instrument_name": "BTC-31MAR23-40000-C", "index_price": 21824.94, "direction": "sell", "amount": 1.0}, {"trade_seq": 1443, "trade_id": "241299406", "timestamp": 1675995850976, "tick_direction": 3, "price": 0.001, "mark_price": 0.00123924, "iv": 68.84, "instrument_name": "BTC-31MAR23-40000-C", "index_price": 21887.79, "direction": "sell", "amount": 2.0}, {"trade_seq": 1442, "trade_id": "241299405", "timestamp": 1675995850976, "tick_direction": 2, "price": 0.001, "mark_price": 0.00123924, "iv": 68.84, "instrument_name": "BTC-31MAR23-40000-C", "index_price": 21887.79, "direction": "sell", "amount": 42.0}, {"trade_seq": 1441, "trade_id": "241127112", "timestamp": 1675848435222, "tick_direction": 1, "price": 0.0025, "mark_price": 0.0022392, "iv": 70.2, "instrument_name": "BTC-31MAR23-40000-C", "index_price": 23217.86, "direction": "buy", "amount": 5.0}, {"trade_seq": 1440, "trade_id": "241034593", "timestamp": 1675754184224, "tick_direction": 0, "price": 0.0025, "mark_price": 0.00215982, "iv": 70.68, "instrument_name": "BTC-31MAR23-40000-C", "index_price": 22942.33, "direction": "buy", "amount": 0.2}, {"trade_seq": 1439, "trade_id": "240975693", "timestamp": 1675678562730, "tick_direction": 2, "price": 0.002, "mark_price": 0.002251, "iv": 68.17, "instrument_name": "BTC-31MAR23-40000-C", "index_price": 22855.42, "direction": "sell", "amount": 1.0}, {"trade_seq": 1438, "trade_id": "240964565", "timestamp": 1675661943786, "tick_direction": 3, "price": 0.0025, "mark_price": 0.00272551, "iv": 70.85, "instrument_name": "BTC-31MAR23-40000-C", "index_price": 22744.07, "direction": "sell", "amount": 3.0}, {"trade_seq": 1437, "trade_id": "240880964", "timestamp": 1675518683369, "tick_direction": 2, "price": 0.0025, "mark_price": 0.00242847, "iv": 66.34, "instrument_name": "BTC-31MAR23-40000-C", "index_price": 23492.69, "direction": "buy", "amount": 0.1}, {"trade_seq": 1436, "trade_id": "240747294", "timestamp": 1675364702703, "tick_direction": 0, "price": 0.0045, "mark_price": 0.00437581, "iv": 69.45, "instrument_name": "BTC-31MAR23-40000-C", "index_price": 23984.12, "direction": "buy", "amount": 0.7}, {"trade_seq": 1435, "trade_id": "240712705", "timestamp": 1675346582330, "tick_direction": 2, "price": 0.0035, "mark_price": 0.00401631, "iv": 67.53, "instrument_name": "BTC-31MAR23-40000-C", "index_price": 23764.08, "direction": "sell", "amount": 1.4}, {"trade_seq": 1434, "trade_id": "240680647", "timestamp": 1675308106301, "tick_direction": 3, "price": 0.0045, "mark_price": 0.00471833, "iv": 69.47, "instrument_name": "BTC-31MAR23-40000-C", "index_price": 23875.2, "direction": "sell", "amount": 0.1}, {"trade_seq": 1433, "trade_id": "240680622", "timestamp": 1675308094192, "tick_direction": 3, "price": 0.0045, "mark_price": 0.00470461, "iv": 69.5, "instrument_name": "BTC-31MAR23-40000-C", "index_price": 23868.31, "direction": "sell", "amount": 0.5}, {"trade_seq": 1432, "trade_id": "240680615", "timestamp": 1675308084365, "tick_direction": 3, "price": 0.0045, "mark_price": 0.00470521, "iv": 69.5, "instrument_name": "BTC-31MAR23-40000-C", "index_price": 23870.23, "direction": "sell", "amount": 0.1}, {"trade_seq": 1431, "trade_id": "240680602", "timestamp": 1675308082107, "tick_direction": 3, "price": 0.0045, "mark_price": 0.00471726, "iv": 69.49, "instrument_name": "BTC-31MAR23-40000-C", "index_price": 23872.81, "direction": "sell", "amount": 0.1}, {"trade_seq": 1430, "trade_id": "240680601", "timestamp": 1675308082008, "tick_direction": 3, "price": 0.0045, "mark_price": 0.00471726, "iv": 69.49, "instrument_name": "BTC-31MAR23-40000-C", "index_price": 23872.81, "direction": "sell", "amount": 0.1}, {"trade_seq": 1429, "trade_id": "240679015", "timestamp": 1675305453993, "tick_direction": 3, "price": 0.0045, "mark_price": 0.00463707, "iv": 69.6, "instrument_name": "BTC-31MAR23-40000-C", "index_price": 23842.79, "direction": "sell", "amount": 0.1}, {"trade_seq": 1428, "trade_id": "240679014", "timestamp": 1675305453987, "tick_direction": 3, "price": 0.0045, "mark_price": 0.00463707, "iv": 69.6, "instrument_name": "BTC-31MAR23-40000-C", "index_price": 23842.79, "direction": "sell", "amount": 0.1}, {"trade_seq": 1427, "trade_id": "240679013", "timestamp": 1675305453984, "tick_direction": 2, "price": 0.0045, "mark_price": 0.00463707, "iv": 69.6, "instrument_name": "BTC-31MAR23-40000-C", "index_price": 23842.79, "direction": "sell", "amount": 0.2}, {"trade_seq": 1426, "trade_id": "240663081", "timestamp": 1675298434811, "tick_direction": 0, "price": 0.005, "mark_price": 0.00498094, "iv": 70.86, "instrument_name": "BTC-31MAR23-40000-C", "index_price": 23861.32, "direction": "buy", "amount": 0.1}, {"trade_seq": 1425, "trade_id": "240659606", "timestamp": 1675295985253, "tick_direction": 1, "price": 0.0045, "mark_price": 0.00479044, "iv": 70.08, "instrument_name": "BTC-31MAR23-40000-C", "index_price": 23731.11, "direction": "sell", "amount": 0.1}, {"trade_seq": 1424, "trade_id": "240651990", "timestamp": 1675288807163, "tick_direction": 1, "price": 0.0045, "mark_price": 0.00445698, "iv": 70.25, "instrument_name": "BTC-31MAR23-40000-C", "index_price": 23692.52, "direction": "buy", "amount": 0.2}, {"trade_seq": 1423, "trade_id": "240651986", "timestamp": 1675288805793, "tick_direction": 0, "price": 0.0045, "mark_price": 0.00445676, "iv": 70.27, "instrument_name": "BTC-31MAR23-40000-C", "index_price": 23690.46, "direction": "buy", "amount": 0.1}, {"trade_seq": 1422, "trade_id": "240594990", "timestamp": 1675266083854, "tick_direction": 0, "price": 0.0036, "mark_price": 0.00375184, "iv": 70.48, "instrument_name": "BTC-31MAR23-40000-C", "index_price": 23050.68, "direction": "sell", "block_trade_id": "63435", "amount": 100.0}, {"trade_seq": 1421, "trade_id": "240585795", "timestamp": 1675254009276, "tick_direction": 2, "price": 0.0035, "mark_price": 0.00374431, "iv": 69.91, "instrument_name": "BTC-31MAR23-40000-C", "index_price": 23091.59, "direction": "sell", "amount": 2.0}, {"trade_seq": 1420, "trade_id": "240571481", "timestamp": 1675227387030, "tick_direction": 0, "price": 0.004, "mark_price": 0.00424016, "iv": 71.0, "instrument_name": "BTC-31MAR23-40000-C", "index_price": 23134.5, "direction": "sell", "amount": 0.3}, {"trade_seq": 1419, "trade_id": "240534641", "timestamp": 1675173785314, "tick_direction": 3, "price": 0.0035, "mark_price": 0.00322954, "iv": 69.31, "instrument_name": "BTC-31MAR23-40000-C", "index_price": 23105.64, "direction": "buy", "amount": 0.1}, {"trade_seq": 1418, "trade_id": "240534640", "timestamp": 1675173785314, "tick_direction": 3, "price": 0.0035, "mark_price": 0.00322954, "iv": 69.31, "instrument_name": "BTC-31MAR23-40000-C", "index_price": 23105.64, "direction": "buy", "amount": 16.6}, {"trade_seq": 1417, "trade_id": "240534603", "timestamp": 1675173757807, "tick_direction": 3, "price": 0.0035, "mark_price": 0.00323926, "iv": 69.27, "instrument_name": "BTC-31MAR23-40000-C", "index_price": 23105.03, "direction": "buy", "amount": 15.0}, {"trade_seq": 1416, "trade_id": "240534439", "timestamp": 1675173698660, "tick_direction": 3, "price": 0.0035, "mark_price": 0.00333306, "iv": 69.07, "instrument_name": "BTC-31MAR23-40000-C", "index_price": 23153.15, "direction": "buy", "amount": 0.4}, {"trade_seq": 1415, "trade_id": "240520094", "timestamp": 1675153468571, "tick_direction": 3, "price": 0.0035, "mark_price": 0.00323993, "iv": 69.87, "instrument_name": "BTC-31MAR23-40000-C", "index_price": 22948.49, "direction": "buy", "amount": 1.0}, {"trade_seq": 1414, "trade_id": "240473383", "timestamp": 1675090288860, "tick_direction": 3, "price": 0.0035, "mark_price": 0.00331741, "iv": 68.07, "instrument_name": "BTC-31MAR23-40000-C", "index_price": 23252.38, "direction": "buy", "amount": 2.8}, {"trade_seq": 1413, "trade_id": "240456710", "timestamp": 1675073631937, "tick_direction": 2, "price": 0.0035, "mark_price": 0.00362396, "iv": 67.97, "instrument_name": "BTC-31MAR23-40000-C", "index_price": 23239.73, "direction": "sell", "amount": 15.0}, {"trade_seq": 1412, "trade_id": "240328213", "timestamp": 1674861350911, "tick_direction": 3, "price": 0.004, "mark_price": 0.00430348, "iv": 68.88, "instrument_name": "BTC-31MAR23-40000-C", "index_price": 23058.82, "direction": "sell", "amount": 0.3}, {"trade_seq": 1411, "trade_id": "240328212", "timestamp": 1674861348600, "tick_direction": 3, "price": 0.004, "mark_price": 0.00430358, "iv": 68.88, "instrument_name": "BTC-31MAR23-40000-C", "index_price": 23058.73, "direction": "sell", "amount": 0.4}, {"trade_seq": 1410, "trade_id": "240328206", "timestamp": 1674861274094, "tick_direction": 3, "price": 0.004, "mark_price": 0.00430117, "iv": 68.93, "instrument_name": "BTC-31MAR23-40000-C", "index_price": 23045.87, "direction": "sell", "amount": 0.2}, {"trade_seq": 1409, "trade_id": "240328191", "timestamp": 1674861236942, "tick_direction": 3, "price": 0.004, "mark_price": 0.00430413, "iv": 68.94, "instrument_name": "BTC-31MAR23-40000-C", "index_price": 23046.33, "direction": "sell", "amount": 0.4}, {"trade_seq": 1408, "trade_id": "240328190", "timestamp": 1674861234520, "tick_direction": 2, "price": 0.004, "mark_price": 0.00430356, "iv": 68.94, "instrument_name": "BTC-31MAR23-40000-C", "index_price": 23046.68, "direction": "sell", "amount": 0.2}, {"trade_seq": 1407, "trade_id": "240284456", "timestamp": 1674823087374, "tick_direction": 3, "price": 0.0045, "mark_price": 0.00470548, "iv": 70.68, "instrument_name": "BTC-31MAR23-40000-C", "index_price": 22928.41, "direction": "sell", "amount": 0.5}, {"trade_seq": 1406, "trade_id": "240284455", "timestamp": 1674823087374, "tick_direction": 3, "price": 0.0045, "mark_price": 0.00470548, "iv": 70.68, "instrument_name": "BTC-31MAR23-40000-C", "index_price": 22928.41, "direction": "sell", "amount": 1.8}, {"trade_seq": 1405, "trade_id": "240284454", "timestamp": 1674823087374, "tick_direction": 2, "price": 0.0045, "mark_price": 0.00470548, "iv": 70.68, "instrument_name": "BTC-31MAR23-40000-C", "index_price": 22928.41, "direction": "sell", "amount": 2.7}, {"trade_seq": 1404, "trade_id": "240283702", "timestamp": 1674822195373, "tick_direction": 0, "price": 0.005, "mark_price": 0.00474848, "iv": 71.74, "instrument_name": "BTC-31MAR23-40000-C", "index_price": 22975.35, "direction": "buy", "amount": 0.2}, {"trade_seq": 1403, "trade_id": "240239047", "timestamp": 1674783406381, "tick_direction": 2, "price": 0.0045, "mark_price": 0.00439702, "iv": 71.27, "instrument_name": "BTC-31MAR23-40000-C", "index_price": 22733.52, "direction": "sell", "amount": 0.1}, {"trade_seq": 1402, "trade_id": "240154829", "timestamp": 1674686363865, "tick_direction": 1, "price": 0.0065, "mark_price": 0.00610822, "iv": 72.12, "instrument_name": "BTC-31MAR23-40000-C", "index_price": 23430.05, "direction": "buy", "amount": 0.1}, {"trade_seq": 1401, "trade_id": "240154827", "timestamp": 1674686363324, "tick_direction": 0, "price": 0.0065, "mark_price": 0.0060989, "iv": 72.13, "instrument_name": "BTC-31MAR23-40000-C", "index_price": 23427.63, "direction": "buy", "amount": 0.8}, {"trade_seq": 1400, "trade_id": "240103886", "timestamp": 1674656360308, "tick_direction": 3, "price": 0.005, "mark_price": 0.00498776, "iv": 72.27, "instrument_name": "BTC-31MAR23-40000-C", "index_price": 22593.97, "direction": "sell", "amount": 0.1}, {"trade_seq": 1399, "trade_id": "240103843", "timestamp": 1674656320909, "tick_direction": 3, "price": 0.005, "mark_price": 0.0050046, "iv": 72.22, "instrument_name": "BTC-31MAR23-40000-C", "index_price": 22605.14, "direction": "sell", "amount": 0.1}, {"trade_seq": 1398, "trade_id": "240103821", "timestamp": 1674656318560, "tick_direction": 3, "price": 0.005, "mark_price": 0.00500419, "iv": 72.22, "instrument_name": "BTC-31MAR23-40000-C", "index_price": 22605.1, "direction": "sell", "amount": 0.1}, {"trade_seq": 1397, "trade_id": "240103820", "timestamp": 1674656316287, "tick_direction": 3, "price": 0.005, "mark_price": 0.00500239, "iv": 72.23, "instrument_name": "BTC-31MAR23-40000-C", "index_price": 22604.6, "direction": "sell", "amount": 0.1}, {"trade_seq": 1396, "trade_id": "240103815", "timestamp": 1674656313961, "tick_direction": 3, "price": 0.005, "mark_price": 0.00500126, "iv": 72.23, "instrument_name": "BTC-31MAR23-40000-C", "index_price": 22604.05, "direction": "sell", "amount": 0.2}, {"trade_seq": 1395, "trade_id": "240103808", "timestamp": 1674656306989, "tick_direction": 2, "price": 0.005, "mark_price": 0.00500447, "iv": 72.22, "instrument_name": "BTC-31MAR23-40000-C", "index_price": 22605.89, "direction": "sell", "amount": 0.4}, {"trade_seq": 1394, "trade_id": "240080114", "timestamp": 1674614051447, "tick_direction": 3, "price": 0.0055, "mark_price": 0.00572606, "iv": 73.37, "instrument_name": "BTC-31MAR23-40000-C", "index_price": 22567.53, "direction": "sell", "amount": 0.5}, {"trade_seq": 1393, "trade_id": "240073374", "timestamp": 1674609208184, "tick_direction": 3, "price": 0.0055, "mark_price": 0.00561981, "iv": 73.42, "instrument_name": "BTC-31MAR23-40000-C", "index_price": 22548.51, "direction": "sell", "amount": 0.1}, {"trade_seq": 1392, "trade_id": "240073365", "timestamp": 1674609207301, "tick_direction": 3, "price": 0.0055, "mark_price": 0.00561946, "iv": 73.4, "instrument_name": "BTC-31MAR23-40000-C", "index_price": 22551.63, "direction": "sell", "amount": 0.1}, {"trade_seq": 1391, "trade_id": "240073361", "timestamp": 1674609206366, "tick_direction": 3, "price": 0.0055, "mark_price": 0.00563135, "iv": 73.38, "instrument_name": "BTC-31MAR23-40000-C", "index_price": 22558.02, "direction": "sell", "amount": 0.1}, {"trade_seq": 1390, "trade_id": "240073356", "timestamp": 1674609206257, "tick_direction": 3, "price": 0.0055, "mark_price": 0.00563135, "iv": 73.38, "instrument_name": "BTC-31MAR23-40000-C", "index_price": 22558.02, "direction": "sell", "amount": 0.1}, {"trade_seq": 1389, "trade_id": "240073351", "timestamp": 1674609206161, "tick_direction": 3, "price": 0.0055, "mark_price": 0.00563135, "iv": 73.38, "instrument_name": "BTC-31MAR23-40000-C", "index_price": 22558.02, "direction": "sell", "amount": 0.3}, {"trade_seq": 1388, "trade_id": "240073334", "timestamp": 1674609197426, "tick_direction": 2, "price": 0.0055, "mark_price": 0.00564148, "iv": 73.36, "instrument_name": "BTC-31MAR23-40000-C", "index_price": 22562.57, "direction": "sell", "amount": 0.2}, {"trade_seq": 1387, "trade_id": "239967718", "timestamp": 1674491270025, "tick_direction": 1, "price": 0.007, "mark_price": 0.00734923, "iv": 74.7, "instrument_name": "BTC-31MAR23-40000-C", "index_price": 22834.68, "direction": "buy", "amount": 1.0}, {"trade_seq": 1386, "trade_id": "239967717", "timestamp": 1674491269997, "tick_direction": 1, "price": 0.007, "mark_price": 0.00734923, "iv": 74.7, "instrument_name": "BTC-31MAR23-40000-C", "index_price": 22834.68, "direction": "sell", "amount": 5.9}, {"trade_seq": 1385, "trade_id": "239967716", "timestamp": 1674491269997, "tick_direction": 1, "price": 0.007, "mark_price": 0.00734923, "iv": 74.7, "instrument_name": "BTC-31MAR23-40000-C", "index_price": 22834.68, "direction": "sell", "amount": 1.7}, {"trade_seq": 1384, "trade_id": "239967715", "timestamp": 1674491269997, "tick_direction": 1, "price": 0.007, "mark_price": 0.00734923, "iv": 74.7, "instrument_name": "BTC-31MAR23-40000-C", "index_price": 22834.68, "direction": "sell", "amount": 8.0}, {"trade_seq": 1383, "trade_id": "239938040", "timestamp": 1674474930396, "tick_direction": 2, "price": 0.0065, "mark_price": 0.00705579, "iv": 73.45, "instrument_name": "BTC-31MAR23-40000-C", "index_price": 22863.45, "direction": "sell", "amount": 0.5}, {"trade_seq": 1382, "trade_id": "239937495", "timestamp": 1674474465877, "tick_direction": 1, "price": 0.0075, "mark_price": 0.00717059, "iv": 75.43, "instrument_name": "BTC-31MAR23-40000-C", "index_price": 22875.94, "direction": "buy", "amount": 18.8}, {"trade_seq": 1381, "trade_id": "239937494", "timestamp": 1674474465877, "tick_direction": 1, "price": 0.0075, "mark_price": 0.00717059, "iv": 75.43, "instrument_name": "BTC-31MAR23-40000-C", "index_price": 22875.94, "direction": "buy", "amount": 7.0}, {"trade_seq": 1380, "trade_id": "239937493", "timestamp": 1674474465877, "tick_direction": 1, "price": 0.0075, "mark_price": 0.00717059, "iv": 75.43, "instrument_name": "BTC-31MAR23-40000-C", "index_price": 22875.94, "direction": "buy", "amount": 2.7}, {"trade_seq": 1379, "trade_id": "239937492", "timestamp": 1674474465877, "tick_direction": 1, "price": 0.0075, "mark_price": 0.00717059, "iv": 75.43, "instrument_name": "BTC-31MAR23-40000-C", "index_price": 22875.94, "direction": "buy", "amount": 15.0}, {"trade_seq": 1378, "trade_id": "239937342", "timestamp": 1674474166569, "tick_direction": 1, "price": 0.0075, "mark_price": 0.00723762, "iv": 75.39, "instrument_name": "BTC-31MAR23-40000-C", "index_price": 22881.68, "direction": "buy", "amount": 4.9}, {"trade_seq": 1377, "trade_id": "239937341", "timestamp": 1674474166569, "tick_direction": 1, "price": 0.0075, "mark_price": 0.00723762, "iv": 75.39, "instrument_name": "BTC-31MAR23-40000-C", "index_price": 22881.68, "direction": "buy", "amount": 2.0}, {"trade_seq": 1376, "trade_id": "239937340", "timestamp": 1674474166569, "tick_direction": 1, "price": 0.0075, "mark_price": 0.00723762, "iv": 75.39, "instrument_name": "BTC-31MAR23-40000-C", "index_price": 22881.68, "direction": "buy", "amount": 3.1}, {"trade_seq": 1375, "trade_id": "239937339", "timestamp": 1674474166569, "tick_direction": 0, "price": 0.0075, "mark_price": 0.00723762, "iv": 75.39, "instrument_name": "BTC-31MAR23-40000-C", "index_price": 22881.68, "direction": "buy", "amount": 15.0}, {"trade_seq": 1374, "trade_id": "239936383", "timestamp": 1674472177778, "tick_direction": 3, "price": 0.007, "mark_price": 0.00722826, "iv": 74.39, "instrument_name": "BTC-31MAR23-40000-C", "index_price": 22884.66, "direction": "sell", "amount": 5.0}, {"trade_seq": 1373, "trade_id": "239905011", "timestamp": 1674420854642, "tick_direction": 3, "price": 0.007, "mark_price": 0.00686525, "iv": 76.31, "instrument_name": "BTC-31MAR23-40000-C", "index_price": 22396.82, "direction": "sell", "amount": 0.1}, {"trade_seq": 1372, "trade_id": "239905006", "timestamp": 1674420854571, "tick_direction": 3, "price": 0.007, "mark_price": 0.00686525, "iv": 76.31, "instrument_name": "BTC-31MAR23-40000-C", "index_price": 22396.82, "direction": "sell", "amount": 0.1}, {"trade_seq": 1371, "trade_id": "239905005", "timestamp": 1674420854557, "tick_direction": 3, "price": 0.007, "mark_price": 0.00686525, "iv": 76.31, "instrument_name": "BTC-31MAR23-40000-C", "index_price": 22396.82, "direction": "sell", "amount": 0.1}, {"trade_seq": 1370, "trade_id": "239905004", "timestamp": 1674420854340, "tick_direction": 3, "price": 0.007, "mark_price": 0.00686895, "iv": 76.3, "instrument_name": "BTC-31MAR23-40000-C", "index_price": 22398.45, "direction": "sell", "amount": 0.1}, {"trade_seq": 1369, "trade_id": "239904999", "timestamp": 1674420853076, "tick_direction": 3, "price": 0.007, "mark_price": 0.00688766, "iv": 76.26, "instrument_name": "BTC-31MAR23-40000-C", "index_price": 22406.78, "direction": "sell", "amount": 0.1}, {"trade_seq": 1368, "trade_id": "239904998", "timestamp": 1674420853046, "tick_direction": 3, "price": 0.007, "mark_price": 0.00688766, "iv": 76.26, "instrument_name": "BTC-31MAR23-40000-C", "index_price": 22406.78, "direction": "sell", "amount": 0.1}, {"trade_seq": 1367, "trade_id": "239904997", "timestamp": 1674420853035, "tick_direction": 3, "price": 0.007, "mark_price": 0.00688766, "iv": 76.26, "instrument_name": "BTC-31MAR23-40000-C", "index_price": 22406.78, "direction": "sell", "amount": 0.1}, {"trade_seq": 1366, "trade_id": "239904991", "timestamp": 1674420852776, "tick_direction": 3, "price": 0.007, "mark_price": 0.00688766, "iv": 76.26, "instrument_name": "BTC-31MAR23-40000-C", "index_price": 22406.78, "direction": "sell", "amount": 0.1}, {"trade_seq": 1365, "trade_id": "239904990", "timestamp": 1674420852763, "tick_direction": 2, "price": 0.007, "mark_price": 0.00688766, "iv": 76.26, "instrument_name": "BTC-31MAR23-40000-C", "index_price": 22406.78, "direction": "sell", "amount": 0.2}, {"trade_seq": 1364, "trade_id": "239855641", "timestamp": 1674350794059, "tick_direction": 2, "price": 0.009, "mark_price": 0.00923617, "iv": 77.44, "instrument_name": "BTC-31MAR23-40000-C", "index_price": 22821.75, "direction": "sell", "amount": 2.0}, {"trade_seq": 1363, "trade_id": "239829109", "timestamp": 1674319521449, "tick_direction": 1, "price": 0.009, "mark_price": 0.00880138, "iv": 75.73, "instrument_name": "BTC-31MAR23-40000-C", "index_price": 23169.48, "direction": "buy", "amount": 0.2}, {"trade_seq": 1362, "trade_id": "239829108", "timestamp": 1674319518567, "tick_direction": 1, "price": 0.009, "mark_price": 0.00880028, "iv": 75.74, "instrument_name": "BTC-31MAR23-40000-C", "index_price": 23168.93, "direction": "buy", "amount": 0.6}, {"trade_seq": 1361, "trade_id": "239829088", "timestamp": 1674319499144, "tick_direction": 1, "price": 0.009, "mark_price": 0.00883824, "iv": 75.67, "instrument_name": "BTC-31MAR23-40000-C", "index_price": 23188.39, "direction": "buy", "amount": 0.8}, {"trade_seq": 1360, "trade_id": "239828942", "timestamp": 1674319187505, "tick_direction": 1, "price": 0.009, "mark_price": 0.00872834, "iv": 75.67, "instrument_name": "BTC-31MAR23-40000-C", "index_price": 23180.23, "direction": "buy", "amount": 0.1}, {"trade_seq": 1359, "trade_id": "239828940", "timestamp": 1674319187349, "tick_direction": 1, "price": 0.009, "mark_price": 0.00872834, "iv": 75.67, "instrument_name": "BTC-31MAR23-40000-C", "index_price": 23180.23, "direction": "buy", "amount": 0.1}, {"trade_seq": 1358, "trade_id": "239828936", "timestamp": 1674319186426, "tick_direction": 1, "price": 0.009, "mark_price": 0.00872858, "iv": 75.7, "instrument_name": "BTC-31MAR23-40000-C", "index_price": 23174.87, "direction": "buy", "amount": 0.1}, {"trade_seq": 1357, "trade_id": "239828935", "timestamp": 1674319185102, "tick_direction": 1, "price": 0.009, "mark_price": 0.00872782, "iv": 75.7, "instrument_name": "BTC-31MAR23-40000-C", "index_price": 23173.58, "direction": "buy", "amount": 0.2}, {"trade_seq": 1356, "trade_id": "239828910", "timestamp": 1674319169212, "tick_direction": 1, "price": 0.009, "mark_price": 0.00875193, "iv": 75.66, "instrument_name": "BTC-31MAR23-40000-C", "index_price": 23182.44, "direction": "buy", "amount": 0.1}, {"trade_seq": 1355, "trade_id": "239828906", "timestamp": 1674319149032, "tick_direction": 1, "price": 0.009, "mark_price": 0.00877408, "iv": 75.62, "instrument_name": "BTC-31MAR23-40000-C", "index_price": 23195.99, "direction": "buy", "amount": 0.1}, {"trade_seq": 1354, "trade_id": "239828905", "timestamp": 1674319148045, "tick_direction": 1, "price": 0.009, "mark_price": 0.00877202, "iv": 75.62, "instrument_name": "BTC-31MAR23-40000-C", "index_price": 23195.75, "direction": "buy", "amount": 0.1}, {"trade_seq": 1353, "trade_id": "239828904", "timestamp": 1674319143137, "tick_direction": 1, "price": 0.009, "mark_price": 0.00876783, "iv": 75.62, "instrument_name": "BTC-31MAR23-40000-C", "index_price": 23194.65, "direction": "buy", "amount": 0.2}, {"trade_seq": 1352, "trade_id": "239828822", "timestamp": 1674319090396, "tick_direction": 1, "price": 0.009, "mark_price": 0.00876181, "iv": 75.64, "instrument_name": "BTC-31MAR23-40000-C", "index_price": 23186.25, "direction": "buy", "amount": 0.1}, {"trade_seq": 1351, "trade_id": "239828660", "timestamp": 1674319035085, "tick_direction": 1, "price": 0.009, "mark_price": 0.00873667, "iv": 75.67, "instrument_name": "BTC-31MAR23-40000-C", "index_price": 23186.29, "direction": "buy", "amount": 0.2}, {"trade_seq": 1350, "trade_id": "239828653", "timestamp": 1674319034662, "tick_direction": 0, "price": 0.009, "mark_price": 0.00873667, "iv": 75.68, "instrument_name": "BTC-31MAR23-40000-C", "index_price": 23183.41, "direction": "buy", "amount": 0.1}, {"trade_seq": 1349, "trade_id": "239820439", "timestamp": 1674316012876, "tick_direction": 0, "price": 0.0085, "mark_price": 0.0084996, "iv": 74.71, "instrument_name": "BTC-31MAR23-40000-C", "index_price": 23197.54, "direction": "buy", "amount": 0.8}, {"trade_seq": 1348, "trade_id": "239815085", "timestamp": 1674314169126, "tick_direction": 1, "price": 0.008, "mark_price": 0.00783932, "iv": 74.52, "instrument_name": "BTC-31MAR23-40000-C", "index_price": 23034.52, "direction": "buy", "amount": 0.8}, {"trade_seq": 1347, "trade_id": "239815067", "timestamp": 1674314149186, "tick_direction": 1, "price": 0.008, "mark_price": 0.00781565, "iv": 74.56, "instrument_name": "BTC-31MAR23-40000-C", "index_price": 23024.93, "direction": "buy", "amount": 0.1}, {"trade_seq": 1346, "trade_id": "239815064", "timestamp": 1674314148775, "tick_direction": 1, "price": 0.008, "mark_price": 0.00781557, "iv": 74.57, "instrument_name": "BTC-31MAR23-40000-C", "index_price": 23022.75, "direction": "buy", "amount": 0.1}, {"trade_seq": 1345, "trade_id": "239803319", "timestamp": 1674301077809, "tick_direction": 1, "price": 0.008, "mark_price": 0.00828402, "iv": 75.12, "instrument_name": "BTC-31MAR23-40000-C", "index_price": 22882.85, "direction": "sell", "amount": 1.3}, {"trade_seq": 1344, "trade_id": "239803314", "timestamp": 1674301075741, "tick_direction": 1, "price": 0.008, "mark_price": 0.00828492, "iv": 75.12, "instrument_name": "BTC-31MAR23-40000-C", "index_price": 22883.34, "direction": "sell", "amount": 0.1}, {"trade_seq": 1343, "trade_id": "239803016", "timestamp": 1674300807708, "tick_direction": 1, "price": 0.008, "mark_price": 0.00828547, "iv": 75.04, "instrument_name": "BTC-31MAR23-40000-C", "index_price": 22899.07, "direction": "sell", "amount": 0.1}, {"trade_seq": 1342, "trade_id": "239803015", "timestamp": 1674300807706, "tick_direction": 1, "price": 0.008, "mark_price": 0.00828547, "iv": 75.04, "instrument_name": "BTC-31MAR23-40000-C", "index_price": 22899.07, "direction": "sell", "amount": 0.1}, {"trade_seq": 1341, "trade_id": "239803008", "timestamp": 1674300806594, "tick_direction": 0, "price": 0.008, "mark_price": 0.00828532, "iv": 75.04, "instrument_name": "BTC-31MAR23-40000-C", "index_price": 22900.57, "direction": "sell", "amount": 0.7}, {"trade_seq": 1340, "trade_id": "239763098", "timestamp": 1674278899931, "tick_direction": 1, "price": 0.007, "mark_price": 0.0069384, "iv": 74.28, "instrument_name": "BTC-31MAR23-40000-C", "index_price": 22616.7, "direction": "buy", "amount": 0.2}, {"trade_seq": 1339, "trade_id": "239763085", "timestamp": 1674278885826, "tick_direction": 1, "price": 0.007, "mark_price": 0.00692682, "iv": 74.3, "instrument_name": "BTC-31MAR23-40000-C", "index_price": 22613.92, "direction": "buy", "amount": 0.2}, {"trade_seq": 1338, "trade_id": "239763083", "timestamp": 1674278879354, "tick_direction": 1, "price": 0.007, "mark_price": 0.00692373, "iv": 74.31, "instrument_name": "BTC-31MAR23-40000-C", "index_price": 22614.11, "direction": "buy", "amount": 0.4}, {"trade_seq": 1337, "trade_id": "239763079", "timestamp": 1674278876822, "tick_direction": 0, "price": 0.007, "mark_price": 0.00692303, "iv": 74.31, "instrument_name": "BTC-31MAR23-40000-C", "index_price": 22613.93, "direction": "buy", "amount": 0.2}, {"trade_seq": 1336, "trade_id": "239760912", "timestamp": 1674275709560, "tick_direction": 0, "price": 0.0065, "mark_price": 0.00583422, "iv": 73.26, "instrument_name": "BTC-31MAR23-40000-C", "index_price": 22619.07, "direction": "buy", "amount": 2.1}, {"trade_seq": 1335, "trade_id": "239760840", "timestamp": 1674275663583, "tick_direction": 0, "price": 0.006, "mark_price": 0.00574105, "iv": 72.19, "instrument_name": "BTC-31MAR23-40000-C", "index_price": 22622.63, "direction": "buy", "amount": 1.0}, {"trade_seq": 1334, "trade_id": "239677439", "timestamp": 1674214788238, "tick_direction": 3, "price": 0.0035, "mark_price": 0.00324908, "iv": 72.53, "instrument_name": "BTC-31MAR23-40000-C", "index_price": 20962.02, "direction": "buy", "amount": 2.6}, {"trade_seq": 1333, "trade_id": "239677438", "timestamp": 1674214788238, "tick_direction": 3, "price": 0.0035, "mark_price": 0.00324908, "iv": 72.53, "instrument_name": "BTC-31MAR23-40000-C", "index_price": 20962.02, "direction": "buy", "amount": 0.5}, {"trade_seq": 1332, "trade_id": "239677437", "timestamp": 1674214776246, "tick_direction": 3, "price": 0.0035, "mark_price": 0.00325492, "iv": 72.5, "instrument_name": "BTC-31MAR23-40000-C", "index_price": 20966.76, "direction": "buy", "amount": 14.5}, {"trade_seq": 1331, "trade_id": "239677436", "timestamp": 1674214776246, "tick_direction": 3, "price": 0.0035, "mark_price": 0.00325492, "iv": 72.5, "instrument_name": "BTC-31MAR23-40000-C", "index_price": 20966.76, "direction": "buy", "amount": 5.5}, {"trade_seq": 1330, "trade_id": "239674895", "timestamp": 1674207799427, "tick_direction": 3, "price": 0.0035, "mark_price": 0.00324896, "iv": 72.44, "instrument_name": "BTC-31MAR23-40000-C", "index_price": 20966.5, "direction": "buy", "amount": 0.5}, {"trade_seq": 1329, "trade_id": "239673326", "timestamp": 1674205196325, "tick_direction": 2, "price": 0.0035, "mark_price": 0.00333032, "iv": 72.54, "instrument_name": "BTC-31MAR23-40000-C", "index_price": 20947.02, "direction": "buy", "amount": 1.0}, {"trade_seq": 1328, "trade_id": "239606325", "timestamp": 1674121898607, "tick_direction": 3, "price": 0.0035, "mark_price": 0.00400617, "iv": 72.68, "instrument_name": "BTC-31MAR23-40000-C", "index_price": 20794.42, "direction": "buy", "amount": 1.3}, {"trade_seq": 1327, "trade_id": "239606324", "timestamp": 1674121898599, "tick_direction": 3, "price": 0.0035, "mark_price": 0.00400617, "iv": 72.68, "instrument_name": "BTC-31MAR23-40000-C", "index_price": 20794.42, "direction": "sell", "amount": 14.9}, {"trade_seq": 1326, "trade_id": "239606323", "timestamp": 1674121898599, "tick_direction": 3, "price": 0.0035, "mark_price": 0.00400617, "iv": 72.68, "instrument_name": "BTC-31MAR23-40000-C", "index_price": 20794.42, "direction": "sell", "amount": 4.9}, {"trade_seq": 1325, "trade_id": "239606322", "timestamp": 1674121898599, "tick_direction": 3, "price": 0.0035, "mark_price": 0.00400617, "iv": 72.68, "instrument_name": "BTC-31MAR23-40000-C", "index_price": 20794.42, "direction": "sell", "amount": 2.0}, {"trade_seq": 1324, "trade_id": "239606321", "timestamp": 1674121898599, "tick_direction": 3, "price": 0.0035, "mark_price": 0.00400617, "iv": 72.68, "instrument_name": "BTC-31MAR23-40000-C", "index_price": 20794.42, "direction": "sell", "amount": 10.9}, {"trade_seq": 1323, "trade_id": "239606320", "timestamp": 1674121898599, "tick_direction": 3, "price": 0.0035, "mark_price": 0.00400617, "iv": 72.68, "instrument_name": "BTC-31MAR23-40000-C", "index_price": 20794.42, "direction": "sell", "amount": 8.9}, {"trade_seq": 1322, "trade_id": "239606319", "timestamp": 1674121898599, "tick_direction": 3, "price": 0.0035, "mark_price": 0.00400617, "iv": 72.68, "instrument_name": "BTC-31MAR23-40000-C", "index_price": 20794.42, "direction": "sell", "amount": 1.6}, {"trade_seq": 1321, "trade_id": "239606318", "timestamp": 1674121898599, "tick_direction": 2, "price": 0.0035, "mark_price": 0.00400617, "iv": 72.68, "instrument_name": "BTC-31MAR23-40000-C", "index_price": 20794.42, "direction": "sell", "amount": 30.0}, {"trade_seq": 1320, "trade_id": "239566511", "timestamp": 1674062570457, "tick_direction": 2, "price": 0.0045, "mark_price": 0.00468993, "iv": 74.75, "instrument_name": "BTC-31MAR23-40000-C", "index_price": 20914.68, "direction": "sell", "amount": 2.4}, {"trade_seq": 1319, "trade_id": "239537139", "timestamp": 1674057606541, "tick_direction": 3, "price": 0.0055, "mark_price": 0.00552547, "iv": 76.84, "instrument_name": "BTC-31MAR23-40000-C", "index_price": 21023.39, "direction": "sell", "amount": 0.1}, {"trade_seq": 1318, "trade_id": "239537134", "timestamp": 1674057606450, "tick_direction": 3, "price": 0.0055, "mark_price": 0.00552547, "iv": 76.84, "instrument_name": "BTC-31MAR23-40000-C", "index_price": 21023.39, "direction": "sell", "amount": 0.1}, {"trade_seq": 1317, "trade_id": "239537119", "timestamp": 1674057604841, "tick_direction": 3, "price": 0.0055, "mark_price": 0.00552411, "iv": 76.84, "instrument_name": "BTC-31MAR23-40000-C", "index_price": 21024.12, "direction": "sell", "amount": 0.6}, {"trade_seq": 1316, "trade_id": "239537098", "timestamp": 1674057600300, "tick_direction": 3, "price": 0.0055, "mark_price": 0.00553231, "iv": 76.81, "instrument_name": "BTC-31MAR23-40000-C", "index_price": 21030.41, "direction": "sell", "amount": 0.2}, {"trade_seq": 1315, "trade_id": "239537075", "timestamp": 1674057600240, "tick_direction": 3, "price": 0.0055, "mark_price": 0.00553231, "iv": 76.81, "instrument_name": "BTC-31MAR23-40000-C", "index_price": 21030.41, "direction": "sell", "amount": 0.5}, {"trade_seq": 1314, "trade_id": "239508354", "timestamp": 1674046262724, "tick_direction": 3, "price": 0.0055, "mark_price": 0.005409, "iv": 75.63, "instrument_name": "BTC-31MAR23-40000-C", "index_price": 21272.57, "direction": "buy", "amount": 0.5}, {"trade_seq": 1313, "trade_id": "239508353", "timestamp": 1674046262718, "tick_direction": 3, "price": 0.0055, "mark_price": 0.005409, "iv": 75.63, "instrument_name": "BTC-31MAR23-40000-C", "index_price": 21272.57, "direction": "buy", "amount": 0.4}, {"trade_seq": 1312, "trade_id": "239508342", "timestamp": 1674046245032, "tick_direction": 2, "price": 0.0055, "mark_price": 0.00540176, "iv": 75.65, "instrument_name": "BTC-31MAR23-40000-C", "index_price": 21267.68, "direction": "buy", "amount": 0.1}, {"trade_seq": 1311, "trade_id": "239505736", "timestamp": 1674039281783, "tick_direction": 2, "price": 0.0056, "mark_price": 0.00547163, "iv": 76.17, "instrument_name": "BTC-31MAR23-40000-C", "index_price": 21198.02, "direction": "sell", "combo_trade_id": "239505735", "combo_id": "BTC-CBUT-31MAR23-40000_45000_50000", "amount": 0.3}, {"trade_seq": 1310, "trade_id": "239483438", "timestamp": 1673995672050, "tick_direction": 3, "price": 0.006, "mark_price": 0.00641443, "iv": 76.56, "instrument_name": "BTC-31MAR23-40000-C", "index_price": 21250.96, "direction": "sell", "amount": 0.2}, {"trade_seq": 1309, "trade_id": "239474295", "timestamp": 1673981552689, "tick_direction": 3, "price": 0.006, "mark_price": 0.006594, "iv": 75.81, "instrument_name": "BTC-31MAR23-40000-C", "index_price": 21387.22, "direction": "sell", "combo_id": "BTC-CSR12-31MAR23-30000_40000", "block_trade_id": "61549", "amount": 400.0}, {"trade_seq": 1308, "trade_id": "239431304", "timestamp": 1673946104548, "tick_direction": 3, "price": 0.0065, "mark_price": 0.00676436, "iv": 77.58, "instrument_name": "BTC-31MAR23-40000-C", "index_price": 21199.12, "direction": "sell", "amount": 1.7}, {"trade_seq": 1307, "trade_id": "239431288", "timestamp": 1673946090600, "tick_direction": 3, "price": 0.0065, "mark_price": 0.00676251, "iv": 77.59, "instrument_name": "BTC-31MAR23-40000-C", "index_price": 21197.14, "direction": "sell", "amount": 1.1}, {"trade_seq": 1306, "trade_id": "239428234", "timestamp": 1673942686819, "tick_direction": 2, "price": 0.0065, "mark_price": 0.00679361, "iv": 77.85, "instrument_name": "BTC-31MAR23-40000-C", "index_price": 21148.1, "direction": "sell", "amount": 0.4}, {"trade_seq": 1305, "trade_id": "239421516", "timestamp": 1673933759696, "tick_direction": 3, "price": 0.007, "mark_price": 0.00649847, "iv": 78.69, "instrument_name": "BTC-31MAR23-40000-C", "index_price": 21151.19, "direction": "buy", "amount": 2.0}, {"trade_seq": 1304, "trade_id": "239421515", "timestamp": 1673933759696, "tick_direction": 3, "price": 0.007, "mark_price": 0.00649847, "iv": 78.69, "instrument_name": "BTC-31MAR23-40000-C", "index_price": 21151.19, "direction": "buy", "amount": 2.0}, {"trade_seq": 1303, "trade_id": "239421514", "timestamp": 1673933759696, "tick_direction": 3, "price": 0.007, "mark_price": 0.00649847, "iv": 78.69, "instrument_name": "BTC-31MAR23-40000-C", "index_price": 21151.19, "direction": "buy", "amount": 2.9}