{"trades": [{"trade_seq": 45, "trade_id": "196762972", "timestamp": 1640686394966, "tick_direction": 0, "price": 0.6715, "mark_price": 0.673391, "iv": 0.0, "instrument_name": "BTC-31DEC21-16000-C", "index_price": 48966.77, "direction": "sell", "amount": 5.2}, {"trade_seq": 44, "trade_id": "194551631", "timestamp": 1639165573127, "tick_direction": 2, "price": 0.6695, "mark_price": 0.669344, "iv": 167.89, "instrument_name": "BTC-31DEC21-16000-C", "index_price": 48194.95, "direction": "buy", "amount": 0.1}, {"trade_seq": 43, "trade_id": "186054401", "timestamp": 1634919443375, "tick_direction": 2, "price": 0.7465, "mark_price": 0.74475657, "iv": 155.49, "instrument_name": "BTC-31DEC21-16000-C", "index_price": 60742.5, "direction": "sell", "amount": 0.5}, {"trade_seq": 42, "trade_id": "186018236", "timestamp": 1634913561689, "tick_direction": 2, "price": 0.748, "mark_price": 0.74761326, "iv": 140.79, "instrument_name": "BTC-31DEC21-16000-C", "index_price": 61470.74, "direction": "sell", "amount": 0.1}, {"trade_seq": 41, "trade_id": "186008001", "timestamp": 1634912410591, "tick_direction": 2, "price": 0.75, "mark_price": 0.74940957, "iv": 143.79, "instrument_name": "BTC-31DEC21-16000-C", "index_price": 61911.53, "direction": "sell", "amount": 0.1}, {"trade_seq": 40, "trade_id": "185765024", "timestamp": 1634826517652, "tick_direction": 0, "price": 0.758, "mark_price": 0.7569112, "iv": 153.52, "instrument_name": "BTC-31DEC21-16000-C", "index_price": 63521.83, "direction": "sell", "amount": 0.1}, {"trade_seq": 39, "trade_id": "184368044", "timestamp": 1634238907427, "tick_direction": 2, "price": 0.729, "mark_price": 0.72950891, "iv": 126.81, "instrument_name": "BTC-31DEC21-16000-C", "index_price": 57082.76, "direction": "sell", "amount": 0.1}, {"trade_seq": 38, "trade_id": "183957721", "timestamp": 1634034595310, "tick_direction": 0, "price": 0.7295, "mark_price": 0.7282365, "liquidation": "M", "iv": 138.4, "instrument_name": "BTC-31DEC21-16000-C", "index_price": 56937.7, "direction": "sell", "amount": 1.5}, {"trade_seq": 37, "trade_id": "183429859", "timestamp": 1633682356243, "tick_direction": 1, "price": 0.727, "mark_price": 0.72424115, "iv": 145.38, "instrument_name": "BTC-31DEC21-16000-C", "index_price": 56101.76, "direction": "sell", "amount": 0.1}, {"trade_seq": 36, "trade_id": "183429445", "timestamp": 1633682353755, "tick_direction": 0, "price": 0.727, "mark_price": 0.72370585, "iv": 148.37, "instrument_name": "BTC-31DEC21-16000-C", "index_price": 56078.71, "direction": "sell", "amount": 0.6}, {"trade_seq": 35, "trade_id": "183232860", "timestamp": 1633570050765, "tick_direction": 2, "price": 0.712, "mark_price": 0.71452448, "iv": 0.0, "instrument_name": "BTC-31DEC21-16000-C", "index_price": 54283.46, "direction": "sell", "amount": 0.9}, {"trade_seq": 34, "trade_id": "183092210", "timestamp": 1633526029254, "tick_direction": 1, "price": 0.7195, "mark_price": 0.71848564, "iv": 128.9, "instrument_name": "BTC-31DEC21-16000-C", "index_price": 55086.56, "direction": "sell", "amount": 0.5}, {"trade_seq": 33, "trade_id": "183090754", "timestamp": 1633526018079, "tick_direction": 0, "price": 0.7195, "mark_price": 0.71512315, "iv": 147.06, "instrument_name": "BTC-31DEC21-16000-C", "index_price": 54565.25, "direction": "buy", "amount": 0.7}, {"trade_seq": 32, "trade_id": "179495790", "timestamp": 1631601953116, "tick_direction": 0, "price": 0.668, "mark_price": 0.66718069, "iv": 123.35, "instrument_name": "BTC-31DEC21-16000-C", "index_price": 45612.83, "direction": "sell", "amount": 0.1}, {"trade_seq": 31, "trade_id": "179493479", "timestamp": 1631601316873, "tick_direction": 2, "price": 0.665, "mark_price": 0.6642907, "iv": 122.54, "instrument_name": "BTC-31DEC21-16000-C", "index_price": 45216.67, "direction": "sell", "amount": 0.1}, {"trade_seq": 30, "trade_id": "178271867", "timestamp": 1631026151588, "tick_direction": 0, "price": 0.6875, "mark_price": 0.68955387, "iv": 113.03, "instrument_name": "BTC-31DEC21-16000-C", "index_price": 48770.56, "direction": "buy", "amount": 0.7}, {"trade_seq": 29, "trade_id": "173866960", "timestamp": 1628502570580, "tick_direction": 1, "price": 0.668, "mark_price": 0.66578023, "iv": 115.39, "instrument_name": "BTC-31DEC21-16000-C", "index_price": 44927.93, "direction": "sell", "amount": 0.7}, {"trade_seq": 28, "trade_id": "173866744", "timestamp": 1628502566788, "tick_direction": 1, "price": 0.668, "mark_price": 0.66592949, "iv": 114.97, "instrument_name": "BTC-31DEC21-16000-C", "index_price": 44945.38, "direction": "sell", "amount": 0.5}, {"trade_seq": 27, "trade_id": "173866743", "timestamp": 1628502566741, "tick_direction": 0, "price": 0.668, "mark_price": 0.66592949, "iv": 114.97, "instrument_name": "BTC-31DEC21-16000-C", "index_price": 44945.38, "direction": "buy", "amount": 0.2}, {"trade_seq": 26, "trade_id": "167663693", "timestamp": 1625663232863, "tick_direction": 0, "price": 0.5805, "mark_price": 0.57993696, "iv": 100.89, "instrument_name": "BTC-31DEC21-16000-C", "index_price": 34840.92, "direction": "sell", "amount": 0.1}, {"trade_seq": 25, "trade_id": "167663396", "timestamp": 1625663136811, "tick_direction": 1, "price": 0.5795, "mark_price": 0.58000185, "iv": 99.71, "instrument_name": "BTC-31DEC21-16000-C", "index_price": 34874.63, "direction": "buy", "amount": 0.1}, {"trade_seq": 24, "trade_id": "167663395", "timestamp": 1625663129406, "tick_direction": 0, "price": 0.5795, "mark_price": 0.57997304, "iv": 99.74, "instrument_name": "BTC-31DEC21-16000-C", "index_price": 34873.08, "direction": "buy", "amount": 0.1}, {"trade_seq": 23, "trade_id": "167663169", "timestamp": 1625662696419, "tick_direction": 0, "price": 0.579, "mark_price": 0.57952198, "iv": 99.8, "instrument_name": "BTC-31DEC21-16000-C", "index_price": 34843.85, "direction": "buy", "amount": 0.1}, {"trade_seq": 22, "trade_id": "167283679", "timestamp": 1625486121697, "tick_direction": 3, "price": 0.5615, "mark_price": 0.56300727, "iv": 97.99, "instrument_name": "BTC-31DEC21-16000-C", "index_price": 33427.07, "direction": "buy", "amount": 0.1}, {"trade_seq": 21, "trade_id": "167283677", "timestamp": 1625486121493, "tick_direction": 3, "price": 0.5615, "mark_price": 0.56300727, "iv": 97.99, "instrument_name": "BTC-31DEC21-16000-C", "index_price": 33427.07, "direction": "buy", "amount": 0.1}, {"trade_seq": 20, "trade_id": "167283668", "timestamp": 1625486121276, "tick_direction": 2, "price": 0.5615, "mark_price": 0.56300727, "iv": 97.99, "instrument_name": "BTC-31DEC21-16000-C", "index_price": 33427.07, "direction": "buy", "amount": 0.5}, {"trade_seq": 19, "trade_id": "166900572", "timestamp": 1625251288583, "tick_direction": 2, "price": 0.564, "mark_price": 0.56451654, "iv": 100.36, "instrument_name": "BTC-31DEC21-16000-C", "index_price": 33386.97, "direction": "buy", "amount": 0.1}, {"trade_seq": 18, "trade_id": "166581406", "timestamp": 1625118247950, "tick_direction": 2, "price": 0.576, "mark_price": 0.57634265, "iv": 100.75, "instrument_name": "BTC-31DEC21-16000-C", "index_price": 34280.11, "direction": "buy", "amount": 0.1}, {"trade_seq": 17, "trade_id": "166537607", "timestamp": 1625095757874, "tick_direction": 2, "price": 0.586, "mark_price": 0.58652094, "iv": 102.38, "instrument_name": "BTC-31DEC21-16000-C", "index_price": 35017.69, "direction": "buy", "amount": 0.1}, {"trade_seq": 16, "trade_id": "144470680", "timestamp": 1618843914751, "tick_direction": 0, "price": 0.7565, "mark_price": 0.75639277, "iv": 95.52, "instrument_name": "BTC-31DEC21-16000-C", "index_price": 55571.88, "direction": "buy", "amount": 0.3}, {"trade_seq": 15, "trade_id": "126834393", "timestamp": 1613046946524, "tick_direction": 0, "price": 0.7365, "mark_price": 0.72126348, "iv": 119.49, "instrument_name": "BTC-31DEC21-16000-C", "index_price": 46424.08, "direction": "buy", "amount": 0.3}, {"trade_seq": 14, "trade_id": "126286309", "timestamp": 1612865037909, "tick_direction": 0, "price": 0.727, "mark_price": 0.72523394, "iv": 107.0, "instrument_name": "BTC-31DEC21-16000-C", "index_price": 46259.48, "direction": "buy", "amount": 2.0}, {"trade_seq": 13, "trade_id": "124382503", "timestamp": 1612272280317, "tick_direction": 2, "price": 0.667, "mark_price": 0.64929927, "iv": 114.1, "instrument_name": "BTC-31DEC21-16000-C", "index_price": 35133.16, "direction": "sell", "amount": 0.2}, {"trade_seq": 12, "trade_id": "115878289", "timestamp": 1610290627288, "tick_direction": 0, "price": 0.699, "mark_price": 0.70294514, "iv": 114.45, "instrument_name": "BTC-31DEC21-16000-C", "index_price": 39569.85, "direction": "buy", "amount": 0.2}, {"trade_seq": 11, "trade_id": "115876988", "timestamp": 1610290353001, "tick_direction": 2, "price": 0.6982, "mark_price": 0.70297513, "iv": 113.89, "instrument_name": "BTC-31DEC21-16000-C", "index_price": 39499.98, "direction": "sell", "block_trade_id": "5975", "amount": 57.2}, {"trade_seq": 10, "trade_id": "115876227", "timestamp": 1610290079574, "tick_direction": 2, "price": 0.6989, "mark_price": 0.70285222, "iv": 114.35, "instrument_name": "BTC-31DEC21-16000-C", "index_price": 39511.77, "direction": "sell", "block_trade_id": "5974", "amount": 50.0}, {"trade_seq": 9, "trade_id": "115872434", "timestamp": 1610288999547, "tick_direction": 0, "price": 0.7008, "mark_price": 0.70514577, "iv": 113.8, "instrument_name": "BTC-31DEC21-16000-C", "index_price": 39827.75, "direction": "sell", "block_trade_id": "5973", "amount": 25.0}, {"trade_seq": 8, "trade_id": "115869092", "timestamp": 1610288099086, "tick_direction": 0, "price": 0.6993, "mark_price": 0.70379705, "iv": 112.59, "instrument_name": "BTC-31DEC21-16000-C", "index_price": 39735.21, "direction": "sell", "block_trade_id": "5972", "amount": 25.0}, {"trade_seq": 7, "trade_id": "115866443", "timestamp": 1610287490506, "tick_direction": 0, "price": 0.6981, "mark_price": 0.70314386, "iv": 111.53, "instrument_name": "BTC-31DEC21-16000-C", "index_price": 39642.11, "direction": "sell", "block_trade_id": "5971", "amount": 51.0}, {"trade_seq": 6, "trade_id": "115864728", "timestamp": 1610287084430, "tick_direction": 2, "price": 0.6978, "mark_price": 0.7028659, "iv": 110.53, "instrument_name": "BTC-31DEC21-16000-C", "index_price": 39799.69, "direction": "sell", "block_trade_id": "5969", "amount": 25.0}, {"trade_seq": 5, "trade_id": "115862760", "timestamp": 1610286260847, "tick_direction": 0, "price": 0.6992, "mark_price": 0.70143302, "iv": 110.11, "instrument_name": "BTC-31DEC21-16000-C", "index_price": 39934.87, "direction": "sell", "block_trade_id": "5966", "amount": 25.0}, {"trade_seq": 4, "trade_id": "111237625", "timestamp": 1609104439859, "tick_direction": 0, "price": 0.52, "mark_price": 0.5212376, "iv": 73.99, "instrument_name": "BTC-31DEC21-16000-C", "index_price": 25948.48, "direction": "sell", "amount": 0.2}, {"trade_seq": 3, "trade_id": "110774969", "timestamp": 1608963447323, "tick_direction": 2, "price": 0.4665, "mark_price": 0.49523425, "iv": 63.36, "instrument_name": "BTC-31DEC21-16000-C", "index_price": 24774.7, "direction": "sell", "amount": 1.5}, {"trade_seq": 2, "trade_id": "110448251", "timestamp": 1608812808015, "tick_direction": 2, "price": 0.474, "mark_price": 0.46894716, "iv": 79.92, "instrument_name": "BTC-31DEC21-16000-C", "index_price": 23103.76, "direction": "sell", "block_trade_id": "4805", "amount": 40.0}, {"trade_seq": 1, "trade_id": "110446518", "timestamp": 1608812541557, "tick_direction": 1, "price": 0.4758, "mark_price": 0.47018005, "iv": 80.52, "instrument_name": "BTC-31DEC21-16000-C", "index_price": 23131.88, "direction": "sell", "block_trade_id": "4804", "amount": 30.2}], "has_more": false}