{"trades": [{"trade_seq": 53, "trade_id": "238139660", "timestamp": 1671636584852, "tick_direction": 1, "price": 0.1695, "mark_price": 0.16912915, "iv": 76.38, "instrument_name": "BTC-30DEC22-14000-C", "index_price": 16829.12, "direction": "sell", "amount": 1.0}, {"trade_seq": 52, "trade_id": "238139622", "timestamp": 1671636517112, "tick_direction": 1, "price": 0.1695, "mark_price": 0.16909076, "iv": 76.61, "instrument_name": "BTC-30DEC22-14000-C", "index_price": 16827.73, "direction": "sell", "amount": 1.0}, {"trade_seq": 51, "trade_id": "238139611", "timestamp": 1671636505027, "tick_direction": 0, "price": 0.1695, "mark_price": 0.1689913, "iv": 77.17, "instrument_name": "BTC-30DEC22-14000-C", "index_price": 16825.84, "direction": "sell", "amount": 0.2}, {"trade_seq": 50, "trade_id": "238139604", "timestamp": 1671636469692, "tick_direction": 2, "price": 0.169, "mark_price": 0.168855, "iv": 75.02, "instrument_name": "BTC-30DEC22-14000-C", "index_price": 16822.46, "direction": "sell", "amount": 0.8}, {"trade_seq": 49, "trade_id": "237383418", "timestamp": 1670367466954, "tick_direction": 2, "price": 0.1855, "mark_price": 0.1851393, "iv": 69.22, "instrument_name": "BTC-30DEC22-14000-C", "index_price": 16976.39, "direction": "sell", "amount": 0.1}, {"trade_seq": 48, "trade_id": "237209081", "timestamp": 1670072999945, "tick_direction": 2, "price": 0.186, "mark_price": 0.18608708, "iv": 66.95, "instrument_name": "BTC-30DEC22-14000-C", "index_price": 16960.49, "direction": "buy", "amount": 1.0}, {"trade_seq": 47, "trade_id": "237074085", "timestamp": 1669897666190, "tick_direction": 1, "price": 0.195, "mark_price": 0.19480664, "iv": 70.1, "instrument_name": "BTC-30DEC22-14000-C", "index_price": 17110.94, "direction": "sell", "amount": 0.1}, {"trade_seq": 46, "trade_id": "237074084", "timestamp": 1669897666170, "tick_direction": 1, "price": 0.195, "mark_price": 0.19480664, "iv": 70.1, "instrument_name": "BTC-30DEC22-14000-C", "index_price": 17110.94, "direction": "sell", "amount": 0.1}, {"trade_seq": 45, "trade_id": "237074040", "timestamp": 1669897609084, "tick_direction": 1, "price": 0.195, "mark_price": 0.19493178, "iv": 69.92, "instrument_name": "BTC-30DEC22-14000-C", "index_price": 17111.33, "direction": "sell", "amount": 0.1}, {"trade_seq": 44, "trade_id": "237074029", "timestamp": 1669897598913, "tick_direction": 1, "price": 0.195, "mark_price": 0.19489935, "iv": 69.96, "instrument_name": "BTC-30DEC22-14000-C", "index_price": 17111.06, "direction": "sell", "amount": 0.1}, {"trade_seq": 43, "trade_id": "237074028", "timestamp": 1669897598903, "tick_direction": 1, "price": 0.195, "mark_price": 0.19489935, "iv": 69.96, "instrument_name": "BTC-30DEC22-14000-C", "index_price": 17111.06, "direction": "sell", "amount": 0.2}, {"trade_seq": 42, "trade_id": "237074027", "timestamp": 1669897598894, "tick_direction": 1, "price": 0.195, "mark_price": 0.19489935, "iv": 69.96, "instrument_name": "BTC-30DEC22-14000-C", "index_price": 17111.06, "direction": "sell", "amount": 0.4}, {"trade_seq": 41, "trade_id": "237067986", "timestamp": 1669890287032, "tick_direction": 0, "price": 0.195, "mark_price": 0.1945806, "iv": 71.09, "instrument_name": "BTC-30DEC22-14000-C", "index_price": 17094.54, "direction": "sell", "amount": 0.1}, {"trade_seq": 40, "trade_id": "236324291", "timestamp": 1668789281569, "tick_direction": 2, "price": 0.1915, "mark_price": 0.19140272, "iv": 78.36, "instrument_name": "BTC-30DEC22-14000-C", "index_price": 16669.96, "direction": "sell", "amount": 1.0}, {"trade_seq": 39, "trade_id": "236129228", "timestamp": 1668601200555, "tick_direction": 2, "price": 0.2031, "mark_price": 0.20385505, "iv": 88.42, "instrument_name": "BTC-30DEC22-14000-C", "index_price": 16638.28, "direction": "sell", "combo_id": "BTC-CS-30DEC22-14000_20000", "block_trade_id": "56366", "amount": 100.0}, {"trade_seq": 38, "trade_id": "235779544", "timestamp": 1668407948640, "tick_direction": 0, "price": 0.1865, "mark_price": 0.1868442, "iv": 92.18, "instrument_name": "BTC-30DEC22-14000-C", "index_price": 15957.44, "direction": "sell", "amount": 0.1}, {"trade_seq": 37, "trade_id": "235777723", "timestamp": 1668406549190, "tick_direction": 2, "price": 0.1805, "mark_price": 0.18371415, "iv": 89.7, "instrument_name": "BTC-30DEC22-14000-C", "index_price": 15872.99, "direction": "buy", "amount": 0.1}, {"trade_seq": 36, "trade_id": "235018339", "timestamp": 1668079003749, "tick_direction": 3, "price": 0.19, "mark_price": 0.19019348, "iv": 85.38, "instrument_name": "BTC-30DEC22-14000-C", "index_price": 16282.45, "direction": "sell", "amount": 0.1}, {"trade_seq": 35, "trade_id": "235018307", "timestamp": 1668079003665, "tick_direction": 2, "price": 0.19, "mark_price": 0.19019348, "iv": 85.38, "instrument_name": "BTC-30DEC22-14000-C", "index_price": 16282.45, "direction": "sell", "amount": 0.1}, {"trade_seq": 34, "trade_id": "235014841", "timestamp": 1668078661273, "tick_direction": 3, "price": 0.192, "mark_price": 0.19089035, "iv": 86.35, "instrument_name": "BTC-30DEC22-14000-C", "index_price": 16277.94, "direction": "sell", "amount": 1.0}, {"trade_seq": 33, "trade_id": "235014840", "timestamp": 1668078661265, "tick_direction": 3, "price": 0.192, "mark_price": 0.19089035, "iv": 86.35, "instrument_name": "BTC-30DEC22-14000-C", "index_price": 16277.94, "direction": "sell", "amount": 0.6}, {"trade_seq": 32, "trade_id": "235014839", "timestamp": 1668078661262, "tick_direction": 3, "price": 0.192, "mark_price": 0.19089035, "iv": 86.35, "instrument_name": "BTC-30DEC22-14000-C", "index_price": 16277.94, "direction": "sell", "amount": 0.1}, {"trade_seq": 31, "trade_id": "235014838", "timestamp": 1668078661259, "tick_direction": 3, "price": 0.192, "mark_price": 0.19089035, "iv": 86.35, "instrument_name": "BTC-30DEC22-14000-C", "index_price": 16277.94, "direction": "sell", "amount": 0.1}, {"trade_seq": 30, "trade_id": "235014813", "timestamp": 1668078659076, "tick_direction": 3, "price": 0.192, "mark_price": 0.19105475, "iv": 86.22, "instrument_name": "BTC-30DEC22-14000-C", "index_price": 16282.12, "direction": "sell", "amount": 0.6}, {"trade_seq": 29, "trade_id": "235014811", "timestamp": 1668078659035, "tick_direction": 3, "price": 0.192, "mark_price": 0.19105475, "iv": 86.22, "instrument_name": "BTC-30DEC22-14000-C", "index_price": 16282.12, "direction": "sell", "amount": 4.0}, {"trade_seq": 28, "trade_id": "235014810", "timestamp": 1668078659033, "tick_direction": 3, "price": 0.192, "mark_price": 0.19105475, "iv": 86.22, "instrument_name": "BTC-30DEC22-14000-C", "index_price": 16282.12, "direction": "sell", "amount": 2.6}, {"trade_seq": 27, "trade_id": "235014724", "timestamp": 1668078654161, "tick_direction": 3, "price": 0.192, "mark_price": 0.19165026, "iv": 85.73, "instrument_name": "BTC-30DEC22-14000-C", "index_price": 16296.86, "direction": "sell", "amount": 0.3}, {"trade_seq": 26, "trade_id": "235014722", "timestamp": 1668078654140, "tick_direction": 3, "price": 0.192, "mark_price": 0.19165026, "iv": 85.73, "instrument_name": "BTC-30DEC22-14000-C", "index_price": 16296.86, "direction": "sell", "amount": 0.5}, {"trade_seq": 25, "trade_id": "235014721", "timestamp": 1668078654120, "tick_direction": 3, "price": 0.192, "mark_price": 0.19165026, "iv": 85.73, "instrument_name": "BTC-30DEC22-14000-C", "index_price": 16296.86, "direction": "sell", "amount": 0.1}, {"trade_seq": 24, "trade_id": "235014717", "timestamp": 1668078654077, "tick_direction": 3, "price": 0.192, "mark_price": 0.19165026, "iv": 85.73, "instrument_name": "BTC-30DEC22-14000-C", "index_price": 16296.86, "direction": "sell", "amount": 0.2}, {"trade_seq": 23, "trade_id": "235014716", "timestamp": 1668078654057, "tick_direction": 3, "price": 0.192, "mark_price": 0.19165026, "iv": 85.73, "instrument_name": "BTC-30DEC22-14000-C", "index_price": 16296.86, "direction": "sell", "amount": 0.1}, {"trade_seq": 22, "trade_id": "235014713", "timestamp": 1668078654018, "tick_direction": 3, "price": 0.192, "mark_price": 0.19165026, "iv": 85.73, "instrument_name": "BTC-30DEC22-14000-C", "index_price": 16296.86, "direction": "sell", "amount": 0.2}, {"trade_seq": 21, "trade_id": "235014712", "timestamp": 1668078653988, "tick_direction": 3, "price": 0.192, "mark_price": 0.19165026, "iv": 85.73, "instrument_name": "BTC-30DEC22-14000-C", "index_price": 16296.86, "direction": "sell", "amount": 0.3}, {"trade_seq": 20, "trade_id": "235014710", "timestamp": 1668078653928, "tick_direction": 3, "price": 0.192, "mark_price": 0.19165026, "iv": 85.73, "instrument_name": "BTC-30DEC22-14000-C", "index_price": 16296.86, "direction": "sell", "amount": 0.3}, {"trade_seq": 19, "trade_id": "235014607", "timestamp": 1668078651919, "tick_direction": 2, "price": 0.192, "mark_price": 0.19166233, "iv": 85.71, "instrument_name": "BTC-30DEC22-14000-C", "index_price": 16297.1, "direction": "sell", "amount": 11.0}, {"trade_seq": 18, "trade_id": "235003987", "timestamp": 1668077316471, "tick_direction": 0, "price": 0.197, "mark_price": 0.19789859, "iv": 85.24, "instrument_name": "BTC-30DEC22-14000-C", "index_price": 16351.33, "direction": "buy", "amount": 5.3}, {"trade_seq": 17, "trade_id": "234803245", "timestamp": 1668036768224, "tick_direction": 2, "price": 0.186, "mark_price": 0.18580798, "iv": 95.67, "instrument_name": "BTC-30DEC22-14000-C", "index_price": 15633.84, "direction": "buy", "amount": 0.1}, {"trade_seq": 16, "trade_id": "234750995", "timestamp": 1668031313081, "tick_direction": 2, "price": 0.1945, "mark_price": 0.19548488, "iv": 97.43, "instrument_name": "BTC-30DEC22-14000-C", "index_price": 15824.79, "direction": "buy", "amount": 0.1}, {"trade_seq": 15, "trade_id": "234573781", "timestamp": 1668012886790, "tick_direction": 3, "price": 0.236, "mark_price": 0.23764281, "iv": 92.43, "instrument_name": "BTC-30DEC22-14000-C", "index_price": 17158.11, "direction": "sell", "amount": 0.1}, {"trade_seq": 14, "trade_id": "234572326", "timestamp": 1668012506801, "tick_direction": 2, "price": 0.236, "mark_price": 0.23772087, "iv": 92.29, "instrument_name": "BTC-30DEC22-14000-C", "index_price": 17164.91, "direction": "sell", "amount": 0.1}, {"trade_seq": 13, "trade_id": "231479574", "timestamp": 1665203873141, "tick_direction": 3, "price": 0.311, "mark_price": 0.31037285, "iv": 75.95, "instrument_name": "BTC-30DEC22-14000-C", "index_price": 19469.64, "direction": "sell", "amount": 1.0}, {"trade_seq": 12, "trade_id": "231479561", "timestamp": 1665203830054, "tick_direction": 2, "price": 0.311, "mark_price": 0.31041428, "iv": 75.93, "instrument_name": "BTC-30DEC22-14000-C", "index_price": 19471.31, "direction": "sell", "amount": 1.0}, {"trade_seq": 11, "trade_id": "231223745", "timestamp": 1665008299493, "tick_direction": 1, "price": 0.332, "mark_price": 0.33149606, "iv": 79.03, "instrument_name": "BTC-30DEC22-14000-C", "index_price": 20093.63, "direction": "buy", "amount": 0.4}, {"trade_seq": 10, "trade_id": "231223743", "timestamp": 1665008299397, "tick_direction": 1, "price": 0.332, "mark_price": 0.33149606, "iv": 79.03, "instrument_name": "BTC-30DEC22-14000-C", "index_price": 20093.63, "direction": "buy", "amount": 0.6}, {"trade_seq": 9, "trade_id": "231223742", "timestamp": 1665008299397, "tick_direction": 1, "price": 0.332, "mark_price": 0.33149606, "iv": 79.03, "instrument_name": "BTC-30DEC22-14000-C", "index_price": 20093.63, "direction": "buy", "amount": 1.0}, {"trade_seq": 8, "trade_id": "231218673", "timestamp": 1665002916204, "tick_direction": 1, "price": 0.332, "mark_price": 0.33217988, "iv": 78.59, "instrument_name": "BTC-30DEC22-14000-C", "index_price": 20089.37, "direction": "buy", "amount": 0.8}, {"trade_seq": 7, "trade_id": "231218672", "timestamp": 1665002915610, "tick_direction": 1, "price": 0.332, "mark_price": 0.33218184, "iv": 78.59, "instrument_name": "BTC-30DEC22-14000-C", "index_price": 20089.38, "direction": "buy", "amount": 0.2}, {"trade_seq": 6, "trade_id": "231218656", "timestamp": 1665002844121, "tick_direction": 1, "price": 0.332, "mark_price": 0.33219875, "iv": 78.56, "instrument_name": "BTC-30DEC22-14000-C", "index_price": 20089.84, "direction": "buy", "amount": 0.3}, {"trade_seq": 5, "trade_id": "231218650", "timestamp": 1665002841807, "tick_direction": 1, "price": 0.332, "mark_price": 0.33228264, "iv": 78.49, "instrument_name": "BTC-30DEC22-14000-C", "index_price": 20091.7, "direction": "buy", "amount": 0.6}, {"trade_seq": 4, "trade_id": "231218649", "timestamp": 1665002841738, "tick_direction": 0, "price": 0.332, "mark_price": 0.33228264, "iv": 78.49, "instrument_name": "BTC-30DEC22-14000-C", "index_price": 20091.7, "direction": "buy", "amount": 0.1}, {"trade_seq": 3, "trade_id": "231218645", "timestamp": 1665002836339, "tick_direction": 0, "price": 0.331, "mark_price": 0.332337, "iv": 77.43, "instrument_name": "BTC-30DEC22-14000-C", "index_price": 20094.51, "direction": "buy", "amount": 1.0}, {"trade_seq": 2, "trade_id": "229505432", "timestamp": 1663587487798, "tick_direction": 2, "price": 0.2985, "mark_price": 0.29864596, "iv": 76.88, "instrument_name": "BTC-30DEC22-14000-C", "index_price": 18670.57, "direction": "buy", "amount": 0.1}, {"trade_seq": 1, "trade_id": "226039927", "timestamp": 1659959130692, "tick_direction": 1, "price": 0.453, "mark_price": 0.45223687, "iv": 82.36, "instrument_name": "BTC-30DEC22-14000-C", "index_price": 24113.42, "direction": "sell", "amount": 0.1}], "has_more": false}