{"trades": [{"trade_seq": 4821, "trade_id": "139055862", "timestamp": 1616743424532, "tick_direction": 0, "price": 0.2395, "mark_price": 0.23897643, "iv": 500.0, "instrument_name": "BTC-26MAR21-40000-C", "index_price": 52540.25, "direction": "sell", "amount": 2.0}, {"trade_seq": 4820, "trade_id": "139054981", "timestamp": 1616743256019, "tick_direction": 0, "price": 0.238, "mark_price": 0.2391031, "iv": 0.0, "instrument_name": "BTC-26MAR21-40000-C", "index_price": 52550.95, "direction": "buy", "amount": 0.3}, {"trade_seq": 4819, "trade_id": "138727530", "timestamp": 1616675940125, "tick_direction": 2, "price": 0.205, "mark_price": 0.20865924, "iv": 0.0, "instrument_name": "BTC-26MAR21-40000-C", "index_price": 50522.22, "direction": "sell", "amount": 0.2}, {"trade_seq": 4818, "trade_id": "138632460", "timestamp": 1616657410109, "tick_direction": 1, "price": 0.243, "mark_price": 0.24363138, "iv": 0.0, "instrument_name": "BTC-26MAR21-40000-C", "index_price": 52861.17, "direction": "buy", "amount": 0.2}, {"trade_seq": 4817, "trade_id": "138632458", "timestamp": 1616657409904, "tick_direction": 1, "price": 0.243, "mark_price": 0.24363138, "iv": 0.0, "instrument_name": "BTC-26MAR21-40000-C", "index_price": 52861.17, "direction": "buy", "amount": 0.4}, {"trade_seq": 4816, "trade_id": "138632446", "timestamp": 1616657401554, "tick_direction": 0, "price": 0.243, "mark_price": 0.24354985, "iv": 0.0, "instrument_name": "BTC-26MAR21-40000-C", "index_price": 52856.66, "direction": "buy", "amount": 1.4}, {"trade_seq": 4815, "trade_id": "138614392", "timestamp": 1616651993076, "tick_direction": 0, "price": 0.237, "mark_price": 0.24162839, "iv": 0.0, "instrument_name": "BTC-26MAR21-40000-C", "index_price": 52704.05, "direction": "sell", "amount": 0.1}, {"trade_seq": 4814, "trade_id": "138564436", "timestamp": 1616637707433, "tick_direction": 3, "price": 0.23, "mark_price": 0.22962676, "iv": 196.55, "instrument_name": "BTC-26MAR21-40000-C", "index_price": 51810.86, "direction": "buy", "amount": 0.3}, {"trade_seq": 4813, "trade_id": "138564435", "timestamp": 1616637707133, "tick_direction": 3, "price": 0.23, "mark_price": 0.22962676, "iv": 201.04, "instrument_name": "BTC-26MAR21-40000-C", "index_price": 51792.37, "direction": "buy", "amount": 0.9}, {"trade_seq": 4812, "trade_id": "138564318", "timestamp": 1616637701929, "tick_direction": 3, "price": 0.23, "mark_price": 0.22910111, "iv": 223.72, "instrument_name": "BTC-26MAR21-40000-C", "index_price": 51764.83, "direction": "buy", "amount": 1.1}, {"trade_seq": 4811, "trade_id": "138564311", "timestamp": 1616637701781, "tick_direction": 3, "price": 0.23, "mark_price": 0.22910111, "iv": 223.72, "instrument_name": "BTC-26MAR21-40000-C", "index_price": 51764.83, "direction": "buy", "amount": 0.3}, {"trade_seq": 4810, "trade_id": "138564310", "timestamp": 1616637701637, "tick_direction": 2, "price": 0.23, "mark_price": 0.22910111, "iv": 223.72, "instrument_name": "BTC-26MAR21-40000-C", "index_price": 51764.83, "direction": "buy", "amount": 0.4}, {"trade_seq": 4809, "trade_id": "138440294", "timestamp": 1616620510797, "tick_direction": 2, "price": 0.247, "mark_price": 0.26171522, "iv": 0.0, "instrument_name": "BTC-26MAR21-40000-C", "index_price": 54016.4, "direction": "sell", "amount": 1.0}, {"trade_seq": 4808, "trade_id": "138297374", "timestamp": 1616600960417, "tick_direction": 2, "price": 0.2905, "mark_price": 0.28819962, "iv": 280.24, "instrument_name": "BTC-26MAR21-40000-C", "index_price": 56105.4, "direction": "buy", "amount": 0.9}, {"trade_seq": 4807, "trade_id": "138263879", "timestamp": 1616593129771, "tick_direction": 0, "price": 0.2995, "mark_price": 0.2994225, "iv": 0.0, "instrument_name": "BTC-26MAR21-40000-C", "index_price": 57100.77, "direction": "buy", "amount": 0.1}, {"trade_seq": 4806, "trade_id": "138079575", "timestamp": 1616542525218, "tick_direction": 2, "price": 0.269, "mark_price": 0.2692995, "iv": 169.67, "instrument_name": "BTC-26MAR21-40000-C", "index_price": 54616.33, "direction": "buy", "amount": 0.1}, {"trade_seq": 4805, "trade_id": "138071250", "timestamp": 1616538035964, "tick_direction": 0, "price": 0.271, "mark_price": 0.26984869, "iv": 210.49, "instrument_name": "BTC-26MAR21-40000-C", "index_price": 54678.32, "direction": "buy", "amount": 0.1}, {"trade_seq": 4804, "trade_id": "138071249", "timestamp": 1616538035948, "tick_direction": 2, "price": 0.265, "mark_price": 0.26984869, "iv": 0.0, "instrument_name": "BTC-26MAR21-40000-C", "index_price": 54678.32, "direction": "buy", "amount": 3.0}, {"trade_seq": 4803, "trade_id": "137938156", "timestamp": 1616491717986, "tick_direction": 0, "price": 0.2675, "mark_price": 0.26545582, "iv": 203.12, "instrument_name": "BTC-26MAR21-40000-C", "index_price": 54337.2, "direction": "buy", "amount": 0.2}, {"trade_seq": 4802, "trade_id": "137889808", "timestamp": 1616480407365, "tick_direction": 3, "price": 0.251, "mark_price": 0.25114187, "iv": 142.43, "instrument_name": "BTC-26MAR21-40000-C", "index_price": 53345.36, "direction": "buy", "amount": 0.3}, {"trade_seq": 4801, "trade_id": "137889807", "timestamp": 1616480407358, "tick_direction": 2, "price": 0.251, "mark_price": 0.25114187, "iv": 142.43, "instrument_name": "BTC-26MAR21-40000-C", "index_price": 53345.36, "direction": "buy", "amount": 0.2}, {"trade_seq": 4800, "trade_id": "137682160", "timestamp": 1616421349586, "tick_direction": 2, "price": 0.3, "mark_price": 0.30049147, "iv": 138.62, "instrument_name": "BTC-26MAR21-40000-C", "index_price": 57032.97, "direction": "buy", "amount": 0.1}, {"trade_seq": 4799, "trade_id": "137367767", "timestamp": 1616268797350, "tick_direction": 3, "price": 0.33, "mark_price": 0.32987192, "iv": 154.92, "instrument_name": "BTC-26MAR21-40000-C", "index_price": 59356.49, "direction": "buy", "amount": 0.1}, {"trade_seq": 4798, "trade_id": "137367766", "timestamp": 1616268797250, "tick_direction": 2, "price": 0.33, "mark_price": 0.32987192, "iv": 154.92, "instrument_name": "BTC-26MAR21-40000-C", "index_price": 59356.49, "direction": "buy", "amount": 0.2}, {"trade_seq": 4797, "trade_id": "137301093", "timestamp": 1616245537842, "tick_direction": 0, "price": 0.3315, "mark_price": 0.3312917, "iv": 153.19, "instrument_name": "BTC-26MAR21-40000-C", "index_price": 59414.81, "direction": "buy", "amount": 0.2}, {"trade_seq": 4796, "trade_id": "137300347", "timestamp": 1616245354790, "tick_direction": 2, "price": 0.331, "mark_price": 0.33075229, "iv": 153.97, "instrument_name": "BTC-26MAR21-40000-C", "index_price": 59362.43, "direction": "buy", "amount": 0.2}, {"trade_seq": 4795, "trade_id": "136972715", "timestamp": 1616085638639, "tick_direction": 2, "price": 0.335, "mark_price": 0.33551195, "iv": 134.52, "instrument_name": "BTC-26MAR21-40000-C", "index_price": 59803.6, "direction": "sell", "amount": 0.1}, {"trade_seq": 4794, "trade_id": "136971226", "timestamp": 1616085537338, "tick_direction": 1, "price": 0.338, "mark_price": 0.33817761, "iv": 140.12, "instrument_name": "BTC-26MAR21-40000-C", "index_price": 60049.86, "direction": "buy", "amount": 0.1}, {"trade_seq": 4793, "trade_id": "136971210", "timestamp": 1616085537028, "tick_direction": 0, "price": 0.338, "mark_price": 0.33817761, "iv": 140.12, "instrument_name": "BTC-26MAR21-40000-C", "index_price": 60049.86, "direction": "buy", "amount": 0.1}, {"trade_seq": 4792, "trade_id": "136818075", "timestamp": 1616025625710, "tick_direction": 0, "price": 0.328, "mark_price": 0.32788849, "iv": 148.18, "instrument_name": "BTC-26MAR21-40000-C", "index_price": 59037.88, "direction": "buy", "amount": 0.2}, {"trade_seq": 4791, "trade_id": "136816745", "timestamp": 1616025446226, "tick_direction": 0, "price": 0.326, "mark_price": 0.32616828, "iv": 144.97, "instrument_name": "BTC-26MAR21-40000-C", "index_price": 58870.19, "direction": "buy", "amount": 0.2}, {"trade_seq": 4790, "trade_id": "136754791", "timestamp": 1616010552105, "tick_direction": 2, "price": 0.3115, "mark_price": 0.31172064, "iv": 133.88, "instrument_name": "BTC-26MAR21-40000-C", "index_price": 57776.64, "direction": "buy", "amount": 0.1}, {"trade_seq": 4789, "trade_id": "136749459", "timestamp": 1616009716458, "tick_direction": 0, "price": 0.318, "mark_price": 0.31771258, "iv": 140.08, "instrument_name": "BTC-26MAR21-40000-C", "index_price": 58235.35, "direction": "buy", "amount": 0.2}, {"trade_seq": 4788, "trade_id": "136729633", "timestamp": 1616006578064, "tick_direction": 0, "price": 0.3065, "mark_price": 0.30610268, "iv": 139.97, "instrument_name": "BTC-26MAR21-40000-C", "index_price": 57187.59, "direction": "buy", "amount": 0.1}, {"trade_seq": 4787, "trade_id": "136630015", "timestamp": 1615976765399, "tick_direction": 3, "price": 0.2805, "mark_price": 0.27964597, "iv": 132.52, "instrument_name": "BTC-26MAR21-40000-C", "index_price": 55079.15, "direction": "buy", "amount": 0.2}, {"trade_seq": 4786, "trade_id": "136626010", "timestamp": 1615975411148, "tick_direction": 3, "price": 0.2805, "mark_price": 0.27885175, "iv": 135.84, "instrument_name": "BTC-26MAR21-40000-C", "index_price": 55028.66, "direction": "buy", "amount": 0.1}, {"trade_seq": 4785, "trade_id": "136625972", "timestamp": 1615975404204, "tick_direction": 2, "price": 0.2805, "mark_price": 0.27846771, "iv": 137.74, "instrument_name": "BTC-26MAR21-40000-C", "index_price": 55014.47, "direction": "buy", "amount": 0.1}, {"trade_seq": 4784, "trade_id": "136501284", "timestamp": 1615922583476, "tick_direction": 2, "price": 0.2845, "mark_price": 0.28614766, "iv": 111.55, "instrument_name": "BTC-26MAR21-40000-C", "index_price": 55529.25, "direction": "buy", "amount": 0.5}, {"trade_seq": 4783, "trade_id": "136220993", "timestamp": 1615834727506, "tick_direction": 0, "price": 0.2945, "mark_price": 0.29434028, "iv": 125.32, "instrument_name": "BTC-26MAR21-40000-C", "index_price": 56073.62, "direction": "buy", "amount": 0.2}, {"trade_seq": 4782, "trade_id": "136220219", "timestamp": 1615834286798, "tick_direction": 2, "price": 0.294, "mark_price": 0.29442783, "iv": 121.93, "instrument_name": "BTC-26MAR21-40000-C", "index_price": 56054.97, "direction": "sell", "amount": 0.1}, {"trade_seq": 4781, "trade_id": "136219871", "timestamp": 1615834108650, "tick_direction": 3, "price": 0.2945, "mark_price": 0.29498733, "iv": 122.94, "instrument_name": "BTC-26MAR21-40000-C", "index_price": 56099.9, "direction": "buy", "amount": 0.1}, {"trade_seq": 4780, "trade_id": "136219831", "timestamp": 1615834107429, "tick_direction": 2, "price": 0.2945, "mark_price": 0.2950302, "iv": 121.34, "instrument_name": "BTC-26MAR21-40000-C", "index_price": 56100.56, "direction": "buy", "amount": 0.1}, {"trade_seq": 4779, "trade_id": "136219767", "timestamp": 1615834099041, "tick_direction": 3, "price": 0.295, "mark_price": 0.29526829, "iv": 122.93, "instrument_name": "BTC-26MAR21-40000-C", "index_price": 56129.91, "direction": "buy", "amount": 0.1}, {"trade_seq": 4778, "trade_id": "136218514", "timestamp": 1615833440569, "tick_direction": 2, "price": 0.295, "mark_price": 0.29814212, "iv": 92.03, "instrument_name": "BTC-26MAR21-40000-C", "index_price": 56371.7, "direction": "sell", "amount": 0.1}, {"trade_seq": 4777, "trade_id": "135890166", "timestamp": 1615771458889, "tick_direction": 1, "price": 0.3445, "mark_price": 0.34318002, "iv": 146.14, "instrument_name": "BTC-26MAR21-40000-C", "index_price": 59844.31, "direction": "buy", "amount": 0.1}, {"trade_seq": 4776, "trade_id": "135890154", "timestamp": 1615771454193, "tick_direction": 0, "price": 0.3445, "mark_price": 0.34307445, "iv": 146.52, "instrument_name": "BTC-26MAR21-40000-C", "index_price": 59841.02, "direction": "buy", "amount": 0.1}, {"trade_seq": 4775, "trade_id": "135889313", "timestamp": 1615771180308, "tick_direction": 2, "price": 0.338, "mark_price": 0.34152403, "iv": 0.0, "instrument_name": "BTC-26MAR21-40000-C", "index_price": 59693.42, "direction": "sell", "amount": 2.0}, {"trade_seq": 4774, "trade_id": "135785256", "timestamp": 1615730859627, "tick_direction": 2, "price": 0.3515, "mark_price": 0.34630198, "iv": 162.0, "instrument_name": "BTC-26MAR21-40000-C", "index_price": 60096.12, "direction": "sell", "amount": 0.2}, {"trade_seq": 4773, "trade_id": "135691442", "timestamp": 1615681281783, "tick_direction": 0, "price": 0.363, "mark_price": 0.36343023, "iv": 126.38, "instrument_name": "BTC-26MAR21-40000-C", "index_price": 61580.56, "direction": "buy", "amount": 0.1}, {"trade_seq": 4772, "trade_id": "135684153", "timestamp": 1615678063130, "tick_direction": 0, "price": 0.361, "mark_price": 0.36122085, "iv": 127.08, "instrument_name": "BTC-26MAR21-40000-C", "index_price": 61372.97, "direction": "buy", "amount": 0.1}, {"trade_seq": 4771, "trade_id": "135666783", "timestamp": 1615670259757, "tick_direction": 0, "price": 0.352, "mark_price": 0.35461582, "iv": 88.31, "instrument_name": "BTC-26MAR21-40000-C", "index_price": 60744.56, "direction": "sell", "amount": 0.2}, {"trade_seq": 4770, "trade_id": "135619255", "timestamp": 1615658279022, "tick_direction": 0, "price": 0.35, "mark_price": 0.35019575, "iv": 124.16, "instrument_name": "BTC-26MAR21-40000-C", "index_price": 60392.51, "direction": "buy", "amount": 0.2}, {"trade_seq": 4769, "trade_id": "135618371", "timestamp": 1615658088287, "tick_direction": 0, "price": 0.349, "mark_price": 0.34885582, "iv": 126.67, "instrument_name": "BTC-26MAR21-40000-C", "index_price": 60280.89, "direction": "buy", "amount": 0.1}, {"trade_seq": 4768, "trade_id": "135594440", "timestamp": 1615649369390, "tick_direction": 2, "price": 0.348, "mark_price": 0.34611141, "iv": 140.24, "instrument_name": "BTC-26MAR21-40000-C", "index_price": 59833.17, "direction": "sell", "amount": 0.8}, {"trade_seq": 4767, "trade_id": "135560001", "timestamp": 1615638570087, "tick_direction": 1, "price": 0.351, "mark_price": 0.35052295, "iv": 132.62, "instrument_name": "BTC-26MAR21-40000-C", "index_price": 60208.53, "direction": "sell", "amount": 0.1}, {"trade_seq": 4766, "trade_id": "135557344", "timestamp": 1615638278501, "tick_direction": 0, "price": 0.351, "mark_price": 0.35070353, "iv": 130.84, "instrument_name": "BTC-26MAR21-40000-C", "index_price": 60265.86, "direction": "buy", "amount": 0.2}, {"trade_seq": 4765, "trade_id": "135554821", "timestamp": 1615637977864, "tick_direction": 0, "price": 0.347, "mark_price": 0.34649907, "iv": 131.35, "instrument_name": "BTC-26MAR21-40000-C", "index_price": 59978.33, "direction": "buy", "amount": 0.2}, {"trade_seq": 4764, "trade_id": "135496778", "timestamp": 1615630433396, "tick_direction": 0, "price": 0.338, "mark_price": 0.33746612, "iv": 127.23, "instrument_name": "BTC-26MAR21-40000-C", "index_price": 58972.1, "direction": "buy", "amount": 0.1}, {"trade_seq": 4763, "trade_id": "135490922", "timestamp": 1615630330169, "tick_direction": 0, "price": 0.33, "mark_price": 0.32927281, "iv": 127.49, "instrument_name": "BTC-26MAR21-40000-C", "index_price": 58334.57, "direction": "buy", "amount": 0.6}, {"trade_seq": 4762, "trade_id": "135416579", "timestamp": 1615587311516, "tick_direction": 0, "price": 0.31, "mark_price": 0.31023166, "iv": 120.75, "instrument_name": "BTC-26MAR21-40000-C", "index_price": 57067.39, "direction": "buy", "amount": 0.1}, {"trade_seq": 4761, "trade_id": "135409870", "timestamp": 1615584262020, "tick_direction": 2, "price": 0.302, "mark_price": 0.30190948, "iv": 120.3, "instrument_name": "BTC-26MAR21-40000-C", "index_price": 56364.29, "direction": "buy", "amount": 0.9}, {"trade_seq": 4760, "trade_id": "135409384", "timestamp": 1615584129587, "tick_direction": 2, "price": 0.303, "mark_price": 0.30301126, "iv": 120.15, "instrument_name": "BTC-26MAR21-40000-C", "index_price": 56462.68, "direction": "buy", "amount": 0.1}, {"trade_seq": 4759, "trade_id": "135378012", "timestamp": 1615572404610, "tick_direction": 1, "price": 0.315, "mark_price": 0.31533455, "iv": 120.59, "instrument_name": "BTC-26MAR21-40000-C", "index_price": 57396.03, "direction": "buy", "amount": 0.1}, {"trade_seq": 4758, "trade_id": "135377973", "timestamp": 1615572399358, "tick_direction": 1, "price": 0.315, "mark_price": 0.31513069, "iv": 121.74, "instrument_name": "BTC-26MAR21-40000-C", "index_price": 57371.56, "direction": "buy", "amount": 0.1}, {"trade_seq": 4757, "trade_id": "135377963", "timestamp": 1615572391559, "tick_direction": 0, "price": 0.315, "mark_price": 0.31498993, "iv": 122.51, "instrument_name": "BTC-26MAR21-40000-C", "index_price": 57366.29, "direction": "buy", "amount": 0.1}, {"trade_seq": 4756, "trade_id": "135268173", "timestamp": 1615547096634, "tick_direction": 1, "price": 0.31, "mark_price": 0.30975094, "iv": 125.65, "instrument_name": "BTC-26MAR21-40000-C", "index_price": 56867.18, "direction": "buy", "amount": 0.1}, {"trade_seq": 4755, "trade_id": "135268172", "timestamp": 1615547096029, "tick_direction": 1, "price": 0.31, "mark_price": 0.30975094, "iv": 125.65, "instrument_name": "BTC-26MAR21-40000-C", "index_price": 56867.18, "direction": "buy", "amount": 0.1}, {"trade_seq": 4754, "trade_id": "135268171", "timestamp": 1615547095720, "tick_direction": 1, "price": 0.31, "mark_price": 0.30978385, "iv": 125.65, "instrument_name": "BTC-26MAR21-40000-C", "index_price": 56867.18, "direction": "buy", "amount": 0.3}, {"trade_seq": 4753, "trade_id": "135268165", "timestamp": 1615547095331, "tick_direction": 1, "price": 0.31, "mark_price": 0.30978385, "iv": 125.78, "instrument_name": "BTC-26MAR21-40000-C", "index_price": 56855.15, "direction": "buy", "amount": 0.1}, {"trade_seq": 4752, "trade_id": "135268059", "timestamp": 1615547092305, "tick_direction": 1, "price": 0.31, "mark_price": 0.30976405, "iv": 125.58, "instrument_name": "BTC-26MAR21-40000-C", "index_price": 56860.45, "direction": "buy", "amount": 0.2}, {"trade_seq": 4751, "trade_id": "135268050", "timestamp": 1615547090971, "tick_direction": 1, "price": 0.31, "mark_price": 0.30968142, "iv": 125.62, "instrument_name": "BTC-26MAR21-40000-C", "index_price": 56860.41, "direction": "buy", "amount": 0.1}, {"trade_seq": 4750, "trade_id": "135268047", "timestamp": 1615547090762, "tick_direction": 1, "price": 0.31, "mark_price": 0.30968142, "iv": 125.62, "instrument_name": "BTC-26MAR21-40000-C", "index_price": 56860.41, "direction": "buy", "amount": 0.1}, {"trade_seq": 4749, "trade_id": "135268031", "timestamp": 1615547088666, "tick_direction": 1, "price": 0.31, "mark_price": 0.30963527, "iv": 126.05, "instrument_name": "BTC-26MAR21-40000-C", "index_price": 56854.58, "direction": "buy", "amount": 0.1}, {"trade_seq": 4748, "trade_id": "135268030", "timestamp": 1615547088590, "tick_direction": 1, "price": 0.31, "mark_price": 0.30963527, "iv": 126.17, "instrument_name": "BTC-26MAR21-40000-C", "index_price": 56852.81, "direction": "buy", "amount": 0.2}, {"trade_seq": 4747, "trade_id": "135268028", "timestamp": 1615547088365, "tick_direction": 1, "price": 0.31, "mark_price": 0.30963527, "iv": 126.17, "instrument_name": "BTC-26MAR21-40000-C", "index_price": 56852.81, "direction": "buy", "amount": 0.4}, {"trade_seq": 4746, "trade_id": "135268025", "timestamp": 1615547087989, "tick_direction": 0, "price": 0.31, "mark_price": 0.30963527, "iv": 126.17, "instrument_name": "BTC-26MAR21-40000-C", "index_price": 56852.81, "direction": "buy", "amount": 0.3}, {"trade_seq": 4745, "trade_id": "135218585", "timestamp": 1615534907723, "tick_direction": 1, "price": 0.309, "mark_price": 0.3087657, "iv": 127.53, "instrument_name": "BTC-26MAR21-40000-C", "index_price": 56679.8, "direction": "buy", "amount": 0.1}, {"trade_seq": 4744, "trade_id": "135218584", "timestamp": 1615534907681, "tick_direction": 1, "price": 0.309, "mark_price": 0.3087657, "iv": 127.53, "instrument_name": "BTC-26MAR21-40000-C", "index_price": 56679.8, "direction": "buy", "amount": 0.2}, {"trade_seq": 4743, "trade_id": "135218581", "timestamp": 1615534907275, "tick_direction": 1, "price": 0.309, "mark_price": 0.30876581, "iv": 127.53, "instrument_name": "BTC-26MAR21-40000-C", "index_price": 56679.8, "direction": "buy", "amount": 0.1}, {"trade_seq": 4742, "trade_id": "135218577", "timestamp": 1615534907135, "tick_direction": 0, "price": 0.309, "mark_price": 0.30876581, "iv": 127.53, "instrument_name": "BTC-26MAR21-40000-C", "index_price": 56679.8, "direction": "buy", "amount": 0.1}, {"trade_seq": 4741, "trade_id": "135218532", "timestamp": 1615534888553, "tick_direction": 0, "price": 0.3085, "mark_price": 0.30839698, "iv": 126.75, "instrument_name": "BTC-26MAR21-40000-C", "index_price": 56652.55, "direction": "buy", "amount": 0.5}, {"trade_seq": 4740, "trade_id": "135218223", "timestamp": 1615534788264, "tick_direction": 2, "price": 0.308, "mark_price": 0.30836602, "iv": 124.94, "instrument_name": "BTC-26MAR21-40000-C", "index_price": 56647.79, "direction": "buy", "amount": 0.5}, {"trade_seq": 4739, "trade_id": "135212987", "timestamp": 1615533746965, "tick_direction": 3, "price": 0.309, "mark_price": 0.30861672, "iv": 127.35, "instrument_name": "BTC-26MAR21-40000-C", "index_price": 56681.79, "direction": "sell", "amount": 0.4}, {"trade_seq": 4738, "trade_id": "135212986", "timestamp": 1615533745652, "tick_direction": 3, "price": 0.309, "mark_price": 0.30861687, "iv": 127.34, "instrument_name": "BTC-26MAR21-40000-C", "index_price": 56684.61, "direction": "sell", "amount": 0.1}, {"trade_seq": 4737, "trade_id": "135212985", "timestamp": 1615533745307, "tick_direction": 2, "price": 0.309, "mark_price": 0.30861687, "iv": 127.34, "instrument_name": "BTC-26MAR21-40000-C", "index_price": 56684.68, "direction": "sell", "amount": 0.5}, {"trade_seq": 4736, "trade_id": "135208469", "timestamp": 1615531365660, "tick_direction": 3, "price": 0.3145, "mark_price": 0.31380275, "iv": 129.9, "instrument_name": "BTC-26MAR21-40000-C", "index_price": 57037.4, "direction": "sell", "amount": 0.9}, {"trade_seq": 4735, "trade_id": "135208468", "timestamp": 1615531365653, "tick_direction": 2, "price": 0.3145, "mark_price": 0.31380275, "iv": 129.9, "instrument_name": "BTC-26MAR21-40000-C", "index_price": 57037.4, "direction": "sell", "amount": 0.1}, {"trade_seq": 4734, "trade_id": "135207063", "timestamp": 1615530040668, "tick_direction": 3, "price": 0.315, "mark_price": 0.31422356, "iv": 130.41, "instrument_name": "BTC-26MAR21-40000-C", "index_price": 57089.44, "direction": "sell", "amount": 1.0}, {"trade_seq": 4733, "trade_id": "135207054", "timestamp": 1615530023620, "tick_direction": 3, "price": 0.315, "mark_price": 0.31441896, "iv": 129.58, "instrument_name": "BTC-26MAR21-40000-C", "index_price": 57095.44, "direction": "sell", "amount": 0.8}, {"trade_seq": 4732, "trade_id": "135207053", "timestamp": 1615530023609, "tick_direction": 2, "price": 0.315, "mark_price": 0.31441896, "iv": 129.58, "instrument_name": "BTC-26MAR21-40000-C", "index_price": 57095.44, "direction": "sell", "amount": 0.2}, {"trade_seq": 4731, "trade_id": "135207018", "timestamp": 1615529990617, "tick_direction": 1, "price": 0.3155, "mark_price": 0.31474041, "iv": 130.59, "instrument_name": "BTC-26MAR21-40000-C", "index_price": 57129.86, "direction": "sell", "amount": 0.9}, {"trade_seq": 4730, "trade_id": "135207017", "timestamp": 1615529990611, "tick_direction": 0, "price": 0.3155, "mark_price": 0.31474041, "iv": 130.59, "instrument_name": "BTC-26MAR21-40000-C", "index_price": 57129.86, "direction": "sell", "amount": 0.1}, {"trade_seq": 4729, "trade_id": "135202429", "timestamp": 1615527743461, "tick_direction": 1, "price": 0.313, "mark_price": 0.31293674, "iv": 125.99, "instrument_name": "BTC-26MAR21-40000-C", "index_price": 57027.89, "direction": "buy", "amount": 0.1}, {"trade_seq": 4728, "trade_id": "135202379", "timestamp": 1615527710227, "tick_direction": 1, "price": 0.313, "mark_price": 0.31283401, "iv": 126.45, "instrument_name": "BTC-26MAR21-40000-C", "index_price": 57030.22, "direction": "buy", "amount": 0.1}, {"trade_seq": 4727, "trade_id": "135202377", "timestamp": 1615527709802, "tick_direction": 1, "price": 0.313, "mark_price": 0.31278264, "iv": 126.45, "instrument_name": "BTC-26MAR21-40000-C", "index_price": 57030.22, "direction": "buy", "amount": 0.1}, {"trade_seq": 4726, "trade_id": "135202375", "timestamp": 1615527709719, "tick_direction": 0, "price": 0.313, "mark_price": 0.31278264, "iv": 126.45, "instrument_name": "BTC-26MAR21-40000-C", "index_price": 57030.22, "direction": "buy", "amount": 0.2}, {"trade_seq": 4725, "trade_id": "135022651", "timestamp": 1615468732362, "tick_direction": 0, "price": 0.31, "mark_price": 0.31025473, "iv": 121.66, "instrument_name": "BTC-26MAR21-40000-C", "index_price": 56837.38, "direction": "buy", "amount": 0.1}, {"trade_seq": 4724, "trade_id": "134899499", "timestamp": 1615424305105, "tick_direction": 2, "price": 0.295, "mark_price": 0.29510094, "iv": 115.91, "instrument_name": "BTC-26MAR21-40000-C", "index_price": 55562.48, "direction": "sell", "amount": 0.1}, {"trade_seq": 4723, "trade_id": "134758200", "timestamp": 1615381734253, "tick_direction": 1, "price": 0.296, "mark_price": 0.2957869, "iv": 116.18, "instrument_name": "BTC-26MAR21-40000-C", "index_price": 55614.8, "direction": "buy", "amount": 0.1}, {"trade_seq": 4722, "trade_id": "134758149", "timestamp": 1615381700924, "tick_direction": 1, "price": 0.296, "mark_price": 0.29529439, "iv": 118.01, "instrument_name": "BTC-26MAR21-40000-C", "index_price": 55574.4, "direction": "buy", "amount": 0.1}, {"trade_seq": 4721, "trade_id": "134633326", "timestamp": 1615339166902, "tick_direction": 1, "price": 0.296, "mark_price": 0.29600118, "iv": 111.69, "instrument_name": "BTC-26MAR21-40000-C", "index_price": 55690.23, "direction": "buy", "amount": 0.1}, {"trade_seq": 4720, "trade_id": "134633324", "timestamp": 1615339166778, "tick_direction": 0, "price": 0.296, "mark_price": 0.29600118, "iv": 111.69, "instrument_name": "BTC-26MAR21-40000-C", "index_price": 55690.23, "direction": "buy", "amount": 0.1}, {"trade_seq": 4719, "trade_id": "134633194", "timestamp": 1615338975189, "tick_direction": 0, "price": 0.2935, "mark_price": 0.2951543, "iv": 104.69, "instrument_name": "BTC-26MAR21-40000-C", "index_price": 55603.93, "direction": "buy", "amount": 0.1}, {"trade_seq": 4718, "trade_id": "134633144", "timestamp": 1615338907278, "tick_direction": 2, "price": 0.2925, "mark_price": 0.29455683, "iv": 102.8, "instrument_name": "BTC-26MAR21-40000-C", "index_price": 55540.65, "direction": "buy", "amount": 0.2}, {"trade_seq": 4717, "trade_id": "134625140", "timestamp": 1615335497285, "tick_direction": 1, "price": 0.295, "mark_price": 0.29459328, "iv": 112.39, "instrument_name": "BTC-26MAR21-40000-C", "index_price": 55547.81, "direction": "buy", "amount": 0.5}, {"trade_seq": 4716, "trade_id": "134625098", "timestamp": 1615335494462, "tick_direction": 0, "price": 0.295, "mark_price": 0.29431435, "iv": 113.51, "instrument_name": "BTC-26MAR21-40000-C", "index_price": 55508.02, "direction": "buy", "amount": 0.2}, {"trade_seq": 4715, "trade_id": "134570571", "timestamp": 1615308395981, "tick_direction": 0, "price": 0.277, "mark_price": 0.27956604, "iv": 101.27, "instrument_name": "BTC-26MAR21-40000-C", "index_price": 54283.78, "direction": "sell", "amount": 0.3}, {"trade_seq": 4714, "trade_id": "134442722", "timestamp": 1615256787706, "tick_direction": 0, "price": 0.2615, "mark_price": 0.27088332, "iv": 0.0, "instrument_name": "BTC-26MAR21-40000-C", "index_price": 53507.95, "direction": "sell", "amount": 0.2}, {"trade_seq": 4713, "trade_id": "134411629", "timestamp": 1615247314018, "tick_direction": 1, "price": 0.254, "mark_price": 0.25441357, "iv": 107.03, "instrument_name": "BTC-26MAR21-40000-C", "index_price": 52189.37, "direction": "buy", "amount": 0.6}, {"trade_seq": 4712, "trade_id": "134411626", "timestamp": 1615247312587, "tick_direction": 1, "price": 0.254, "mark_price": 0.25438174, "iv": 107.16, "instrument_name": "BTC-26MAR21-40000-C", "index_price": 52184.84, "direction": "buy", "amount": 0.1}, {"trade_seq": 4711, "trade_id": "134411625", "timestamp": 1615247312487, "tick_direction": 0, "price": 0.254, "mark_price": 0.25438174, "iv": 107.16, "instrument_name": "BTC-26MAR21-40000-C", "index_price": 52184.84, "direction": "buy", "amount": 0.3}, {"trade_seq": 4710, "trade_id": "134024752", "timestamp": 1615053976670, "tick_direction": 0, "price": 0.2235, "mark_price": 0.20171866, "iv": 132.82, "instrument_name": "BTC-26MAR21-40000-C", "index_price": 48366.77, "direction": "buy", "amount": 0.1}, {"trade_seq": 4709, "trade_id": "134002743", "timestamp": 1615045311686, "tick_direction": 1, "price": 0.193, "mark_price": 0.19359625, "iv": 99.93, "instrument_name": "BTC-26MAR21-40000-C", "index_price": 47687.39, "direction": "sell", "amount": 2.5}, {"trade_seq": 4708, "trade_id": "134002605", "timestamp": 1615045257982, "tick_direction": 1, "price": 0.193, "mark_price": 0.19368449, "iv": 99.95, "instrument_name": "BTC-26MAR21-40000-C", "index_price": 47675.52, "direction": "sell", "amount": 0.1}, {"trade_seq": 4707, "trade_id": "134002604", "timestamp": 1615045257912, "tick_direction": 1, "price": 0.193, "mark_price": 0.19368449, "iv": 99.95, "instrument_name": "BTC-26MAR21-40000-C", "index_price": 47675.52, "direction": "sell", "amount": 0.3}, {"trade_seq": 4706, "trade_id": "134002601", "timestamp": 1615045257502, "tick_direction": 0, "price": 0.193, "mark_price": 0.19370546, "iv": 99.95, "instrument_name": "BTC-26MAR21-40000-C", "index_price": 47675.52, "direction": "sell", "amount": 0.1}, {"trade_seq": 4705, "trade_id": "133869999", "timestamp": 1614964135930, "tick_direction": 1, "price": 0.192, "mark_price": 0.19272684, "iv": 101.34, "instrument_name": "BTC-26MAR21-40000-C", "index_price": 47485.06, "direction": "sell", "amount": 0.1}, {"trade_seq": 4704, "trade_id": "133869997", "timestamp": 1614964135850, "tick_direction": 1, "price": 0.192, "mark_price": 0.19272684, "iv": 101.34, "instrument_name": "BTC-26MAR21-40000-C", "index_price": 47485.06, "direction": "sell", "amount": 0.1}, {"trade_seq": 4703, "trade_id": "133869996", "timestamp": 1614964135842, "tick_direction": 1, "price": 0.192, "mark_price": 0.19272684, "iv": 101.34, "instrument_name": "BTC-26MAR21-40000-C", "index_price": 47485.06, "direction": "sell", "amount": 0.1}, {"trade_seq": 4702, "trade_id": "133869994", "timestamp": 1614964135681, "tick_direction": 1, "price": 0.192, "mark_price": 0.19272684, "iv": 101.34, "instrument_name": "BTC-26MAR21-40000-C", "index_price": 47485.06, "direction": "sell", "amount": 0.1}, {"trade_seq": 4701, "trade_id": "133869992", "timestamp": 1614964135550, "tick_direction": 0, "price": 0.192, "mark_price": 0.19272684, "iv": 101.34, "instrument_name": "BTC-26MAR21-40000-C", "index_price": 47485.06, "direction": "sell", "amount": 0.1}, {"trade_seq": 4700, "trade_id": "133859992", "timestamp": 1614961891810, "tick_direction": 0, "price": 0.188, "mark_price": 0.18895643, "iv": 100.25, "instrument_name": "BTC-26MAR21-40000-C", "index_price": 47189.77, "direction": "sell", "amount": 0.3}, {"trade_seq": 4699, "trade_id": "133685612", "timestamp": 1614907211639, "tick_direction": 2, "price": 0.172, "mark_price": 0.1820668, "iv": 84.65, "instrument_name": "BTC-26MAR21-40000-C", "index_price": 46555.94, "direction": "buy", "amount": 0.2}, {"trade_seq": 4698, "trade_id": "133643821", "timestamp": 1614899810835, "tick_direction": 2, "price": 0.201, "mark_price": 0.20338766, "iv": 96.68, "instrument_name": "BTC-26MAR21-40000-C", "index_price": 48173.83, "direction": "buy", "amount": 1.0}, {"trade_seq": 4697, "trade_id": "133480138", "timestamp": 1614856833282, "tick_direction": 0, "price": 0.2115, "mark_price": 0.21479477, "iv": 87.82, "instrument_name": "BTC-26MAR21-40000-C", "index_price": 49284.22, "direction": "sell", "amount": 1.0}, {"trade_seq": 4696, "trade_id": "133471733", "timestamp": 1614852833248, "tick_direction": 2, "price": 0.2075, "mark_price": 0.20884209, "iv": 91.97, "instrument_name": "BTC-26MAR21-40000-C", "index_price": 48818.85, "direction": "sell", "amount": 0.1}, {"trade_seq": 4695, "trade_id": "133419364", "timestamp": 1614840388822, "tick_direction": 2, "price": 0.222, "mark_price": 0.21970028, "iv": 104.12, "instrument_name": "BTC-26MAR21-40000-C", "index_price": 49396.36, "direction": "sell", "amount": 1.0}, {"trade_seq": 4694, "trade_id": "133346489", "timestamp": 1614816032093, "tick_direction": 2, "price": 0.235, "mark_price": 0.23507429, "iv": 101.74, "instrument_name": "BTC-26MAR21-40000-C", "index_price": 50276.24, "direction": "sell", "amount": 0.1}, {"trade_seq": 4693, "trade_id": "133328131", "timestamp": 1614806612594, "tick_direction": 0, "price": 0.2415, "mark_price": 0.23932851, "iv": 105.15, "instrument_name": "BTC-26MAR21-40000-C", "index_price": 50594.06, "direction": "buy", "amount": 0.5}, {"trade_seq": 4692, "trade_id": "133327210", "timestamp": 1614805847226, "tick_direction": 2, "price": 0.237, "mark_price": 0.23667983, "iv": 101.59, "instrument_name": "BTC-26MAR21-40000-C", "index_price": 50401.44, "direction": "sell", "amount": 0.1}, {"trade_seq": 4691, "trade_id": "133327109", "timestamp": 1614805818185, "tick_direction": 0, "price": 0.2375, "mark_price": 0.23748341, "iv": 101.01, "instrument_name": "BTC-26MAR21-40000-C", "index_price": 50444.46, "direction": "sell", "amount": 0.1}, {"trade_seq": 4690, "trade_id": "133311078", "timestamp": 1614799227438, "tick_direction": 3, "price": 0.237, "mark_price": 0.23630082, "iv": 101.67, "instrument_name": "BTC-26MAR21-40000-C", "index_price": 50388.69, "direction": "sell", "amount": 0.1}, {"trade_seq": 4689, "trade_id": "133311076", "timestamp": 1614799224592, "tick_direction": 2, "price": 0.237, "mark_price": 0.23606897, "iv": 101.65, "instrument_name": "BTC-26MAR21-40000-C", "index_price": 50390.12, "direction": "sell", "amount": 0.1}, {"trade_seq": 4688, "trade_id": "133307502", "timestamp": 1614798637252, "tick_direction": 3, "price": 0.24, "mark_price": 0.24023613, "iv": 99.7, "instrument_name": "BTC-26MAR21-40000-C", "index_price": 50709.51, "direction": "buy", "amount": 0.1}, {"trade_seq": 4687, "trade_id": "133307500", "timestamp": 1614798637108, "tick_direction": 3, "price": 0.24, "mark_price": 0.24023613, "iv": 99.7, "instrument_name": "BTC-26MAR21-40000-C", "index_price": 50709.51, "direction": "buy", "amount": 0.3}, {"trade_seq": 4686, "trade_id": "133307498", "timestamp": 1614798637038, "tick_direction": 2, "price": 0.24, "mark_price": 0.24023613, "iv": 99.7, "instrument_name": "BTC-26MAR21-40000-C", "index_price": 50709.51, "direction": "buy", "amount": 0.6}, {"trade_seq": 4685, "trade_id": "133255102", "timestamp": 1614781825858, "tick_direction": 3, "price": 0.2445, "mark_price": 0.24560171, "iv": 99.3, "instrument_name": "BTC-26MAR21-40000-C", "index_price": 50971.5, "direction": "buy", "amount": 0.2}, {"trade_seq": 4684, "trade_id": "133255097", "timestamp": 1614781825399, "tick_direction": 3, "price": 0.2445, "mark_price": 0.24532139, "iv": 99.3, "instrument_name": "BTC-26MAR21-40000-C", "index_price": 50959.51, "direction": "buy", "amount": 0.2}, {"trade_seq": 4683, "trade_id": "133255094", "timestamp": 1614781825262, "tick_direction": 3, "price": 0.2445, "mark_price": 0.24532139, "iv": 99.3, "instrument_name": "BTC-26MAR21-40000-C", "index_price": 50959.51, "direction": "buy", "amount": 0.2}, {"trade_seq": 4682, "trade_id": "133255091", "timestamp": 1614781825078, "tick_direction": 3, "price": 0.2445, "mark_price": 0.24532139, "iv": 99.3, "instrument_name": "BTC-26MAR21-40000-C", "index_price": 50959.51, "direction": "buy", "amount": 0.1}, {"trade_seq": 4681, "trade_id": "133255089", "timestamp": 1614781825019, "tick_direction": 3, "price": 0.2445, "mark_price": 0.24532139, "iv": 99.3, "instrument_name": "BTC-26MAR21-40000-C", "index_price": 50959.51, "direction": "buy", "amount": 0.3}, {"trade_seq": 4680, "trade_id": "133255088", "timestamp": 1614781824824, "tick_direction": 3, "price": 0.2445, "mark_price": 0.24532139, "iv": 99.3, "instrument_name": "BTC-26MAR21-40000-C", "index_price": 50959.51, "direction": "buy", "amount": 0.5}, {"trade_seq": 4679, "trade_id": "133255080", "timestamp": 1614781823828, "tick_direction": 3, "price": 0.2445, "mark_price": 0.24532063, "iv": 99.86, "instrument_name": "BTC-26MAR21-40000-C", "index_price": 50951.66, "direction": "buy", "amount": 0.5}, {"trade_seq": 4678, "trade_id": "133255065", "timestamp": 1614781822411, "tick_direction": 3, "price": 0.2445, "mark_price": 0.24521724, "iv": 99.95, "instrument_name": "BTC-26MAR21-40000-C", "index_price": 50934.85, "direction": "buy", "amount": 0.1}, {"trade_seq": 4677, "trade_id": "133255064", "timestamp": 1614781822274, "tick_direction": 3, "price": 0.2445, "mark_price": 0.24521724, "iv": 99.95, "instrument_name": "BTC-26MAR21-40000-C", "index_price": 50934.85, "direction": "buy", "amount": 0.1}, {"trade_seq": 4676, "trade_id": "133254988", "timestamp": 1614781816783, "tick_direction": 3, "price": 0.2445, "mark_price": 0.24471089, "iv": 101.05, "instrument_name": "BTC-26MAR21-40000-C", "index_price": 50905.67, "direction": "buy", "amount": 0.9}, {"trade_seq": 4675, "trade_id": "133254953", "timestamp": 1614781816418, "tick_direction": 3, "price": 0.2445, "mark_price": 0.24458729, "iv": 101.06, "instrument_name": "BTC-26MAR21-40000-C", "index_price": 50891.75, "direction": "buy", "amount": 1.1}, {"trade_seq": 4674, "trade_id": "133254785", "timestamp": 1614781790145, "tick_direction": 2, "price": 0.2445, "mark_price": 0.24459679, "iv": 100.89, "instrument_name": "BTC-26MAR21-40000-C", "index_price": 50898.73, "direction": "buy", "amount": 0.8}, {"trade_seq": 4673, "trade_id": "133241922", "timestamp": 1614778994469, "tick_direction": 0, "price": 0.249, "mark_price": 0.25213779, "iv": 96.13, "instrument_name": "BTC-26MAR21-40000-C", "index_price": 51516.32, "direction": "sell", "amount": 0.5}, {"trade_seq": 4672, "trade_id": "133169946", "timestamp": 1614760593421, "tick_direction": 0, "price": 0.2425, "mark_price": 0.24115147, "iv": 101.46, "instrument_name": "BTC-26MAR21-40000-C", "index_price": 50747.08, "direction": "sell", "amount": 0.1}, {"trade_seq": 4671, "trade_id": "133095019", "timestamp": 1614720937913, "tick_direction": 2, "price": 0.1975, "mark_price": 0.19747177, "iv": 98.75, "instrument_name": "BTC-26MAR21-40000-C", "index_price": 47351.27, "direction": "sell", "amount": 0.1}, {"trade_seq": 4670, "trade_id": "133094439", "timestamp": 1614720752243, "tick_direction": 3, "price": 0.2, "mark_price": 0.20013783, "iv": 98.9, "instrument_name": "BTC-26MAR21-40000-C", "index_price": 47550.81, "direction": "sell", "amount": 0.1}, {"trade_seq": 4669, "trade_id": "133080295", "timestamp": 1614715121861, "tick_direction": 2, "price": 0.2, "mark_price": 0.20010371, "iv": 99.8, "instrument_name": "BTC-26MAR21-40000-C", "index_price": 47509.92, "direction": "sell", "amount": 0.1}, {"trade_seq": 4668, "trade_id": "133079339", "timestamp": 1614714656257, "tick_direction": 2, "price": 0.2025, "mark_price": 0.20252494, "iv": 99.95, "instrument_name": "BTC-26MAR21-40000-C", "index_price": 47727.98, "direction": "sell", "amount": 0.1}, {"trade_seq": 4667, "trade_id": "133078833", "timestamp": 1614714248409, "tick_direction": 0, "price": 0.2035, "mark_price": 0.20307865, "iv": 100.49, "instrument_name": "BTC-26MAR21-40000-C", "index_price": 47763.58, "direction": "sell", "amount": 0.1}, {"trade_seq": 4666, "trade_id": "133058211", "timestamp": 1614705895773, "tick_direction": 2, "price": 0.2005, "mark_price": 0.20161917, "iv": 98.62, "instrument_name": "BTC-26MAR21-40000-C", "index_price": 47628.97, "direction": "sell", "amount": 1.0}, {"trade_seq": 4665, "trade_id": "133058071", "timestamp": 1614705800997, "tick_direction": 3, "price": 0.201, "mark_price": 0.20154396, "iv": 99.51, "instrument_name": "BTC-26MAR21-40000-C", "index_price": 47633.63, "direction": "buy", "amount": 0.3}, {"trade_seq": 4664, "trade_id": "133058068", "timestamp": 1614705799984, "tick_direction": 2, "price": 0.201, "mark_price": 0.2015398, "iv": 99.51, "instrument_name": "BTC-26MAR21-40000-C", "index_price": 47631.88, "direction": "buy", "amount": 0.7}, {"trade_seq": 4663, "trade_id": "133038322", "timestamp": 1614703093283, "tick_direction": 2, "price": 0.204, "mark_price": 0.20449194, "iv": 100.26, "instrument_name": "BTC-26MAR21-40000-C", "index_price": 47852.18, "direction": "sell", "amount": 1.0}, {"trade_seq": 4662, "trade_id": "133035430", "timestamp": 1614703016022, "tick_direction": 2, "price": 0.21, "mark_price": 0.21096905, "iv": 100.21, "instrument_name": "BTC-26MAR21-40000-C", "index_price": 48304.13, "direction": "sell", "amount": 0.1}, {"trade_seq": 4661, "trade_id": "133034070", "timestamp": 1614702580789, "tick_direction": 2, "price": 0.215, "mark_price": 0.21513797, "iv": 100.61, "instrument_name": "BTC-26MAR21-40000-C", "index_price": 48657.33, "direction": "buy", "amount": 1.0}, {"trade_seq": 4660, "trade_id": "133006894", "timestamp": 1614693070826, "tick_direction": 0, "price": 0.2225, "mark_price": 0.21983783, "iv": 105.8, "instrument_name": "BTC-26MAR21-40000-C", "index_price": 48948.74, "direction": "buy", "amount": 0.1}, {"trade_seq": 4659, "trade_id": "132941661", "timestamp": 1614665116617, "tick_direction": 2, "price": 0.22, "mark_price": 0.219845, "iv": 106.97, "instrument_name": "BTC-26MAR21-40000-C", "index_price": 48571.47, "direction": "sell", "amount": 0.1}, {"trade_seq": 4658, "trade_id": "132937529", "timestamp": 1614663171763, "tick_direction": 3, "price": 0.225, "mark_price": 0.22479581, "iv": 108.4, "instrument_name": "BTC-26MAR21-40000-C", "index_price": 48842.85, "direction": "sell", "amount": 0.1}, {"trade_seq": 4657, "trade_id": "132887110", "timestamp": 1614647735920, "tick_direction": 2, "price": 0.225, "mark_price": 0.22602933, "iv": 107.22, "instrument_name": "BTC-26MAR21-40000-C", "index_price": 48937.57, "direction": "sell", "amount": 0.1}, {"trade_seq": 4656, "trade_id": "132783650", "timestamp": 1614613758961, "tick_direction": 0, "price": 0.2285, "mark_price": 0.22875386, "iv": 108.11, "instrument_name": "BTC-26MAR21-40000-C", "index_price": 49327.65, "direction": "sell", "amount": 0.1}, {"trade_seq": 4655, "trade_id": "132776789", "timestamp": 1614612885465, "tick_direction": 1, "price": 0.225, "mark_price": 0.22552726, "iv": 108.24, "instrument_name": "BTC-26MAR21-40000-C", "index_price": 48932.18, "direction": "sell", "amount": 0.1}, {"trade_seq": 4654, "trade_id": "132776783", "timestamp": 1614612885239, "tick_direction": 1, "price": 0.225, "mark_price": 0.22552726, "iv": 108.24, "instrument_name": "BTC-26MAR21-40000-C", "index_price": 48932.18, "direction": "sell", "amount": 0.1}, {"trade_seq": 4653, "trade_id": "132776773", "timestamp": 1614612884643, "tick_direction": 1, "price": 0.225, "mark_price": 0.22560178, "iv": 108.24, "instrument_name": "BTC-26MAR21-40000-C", "index_price": 48934.69, "direction": "sell", "amount": 0.1}, {"trade_seq": 4652, "trade_id": "132772721", "timestamp": 1614612412693, "tick_direction": 0, "price": 0.225, "mark_price": 0.22533237, "iv": 108.51, "instrument_name": "BTC-26MAR21-40000-C", "index_price": 48907.01, "direction": "buy", "amount": 0.1}, {"trade_seq": 4651, "trade_id": "132771847", "timestamp": 1614612350482, "tick_direction": 1, "price": 0.223, "mark_price": 0.22353264, "iv": 108.2, "instrument_name": "BTC-26MAR21-40000-C", "index_price": 48755.83, "direction": "buy", "amount": 0.7}, {"trade_seq": 4650, "trade_id": "132771846", "timestamp": 1614612350478, "tick_direction": 1, "price": 0.223, "mark_price": 0.22353264, "iv": 108.2, "instrument_name": "BTC-26MAR21-40000-C", "index_price": 48755.83, "direction": "buy", "amount": 0.1}, {"trade_seq": 4649, "trade_id": "132771834", "timestamp": 1614612349447, "tick_direction": 1, "price": 0.223, "mark_price": 0.22353725, "iv": 108.26, "instrument_name": "BTC-26MAR21-40000-C", "index_price": 48751.74, "direction": "buy", "amount": 1.0}, {"trade_seq": 4648, "trade_id": "132771833", "timestamp": 1614612349432, "tick_direction": 1, "price": 0.223, "mark_price": 0.22353725, "iv": 108.26, "instrument_name": "BTC-26MAR21-40000-C", "index_price": 48751.74, "direction": "buy", "amount": 0.1}, {"trade_seq": 4647, "trade_id": "132771832", "timestamp": 1614612349392, "tick_direction": 1, "price": 0.223, "mark_price": 0.22353725, "iv": 108.26, "instrument_name": "BTC-26MAR21-40000-C", "index_price": 48751.74, "direction": "buy", "amount": 1.0}, {"trade_seq": 4646, "trade_id": "132771830", "timestamp": 1614612349204, "tick_direction": 1, "price": 0.223, "mark_price": 0.22353725, "iv": 108.26, "instrument_name": "BTC-26MAR21-40000-C", "index_price": 48751.74, "direction": "buy", "amount": 0.1}, {"trade_seq": 4645, "trade_id": "132771828", "timestamp": 1614612349057, "tick_direction": 1, "price": 0.223, "mark_price": 0.22353725, "iv": 108.26, "instrument_name": "BTC-26MAR21-40000-C", "index_price": 48751.74, "direction": "buy", "amount": 0.1}, {"trade_seq": 4644, "trade_id": "132771826", "timestamp": 1614612348876, "tick_direction": 1, "price": 0.223, "mark_price": 0.22353725, "iv": 108.26, "instrument_name": "BTC-26MAR21-40000-C", "index_price": 48751.74, "direction": "buy", "amount": 0.1}, {"trade_seq": 4643, "trade_id": "132771799", "timestamp": 1614612347849, "tick_direction": 1, "price": 0.223, "mark_price": 0.22350445, "iv": 108.3, "instrument_name": "BTC-26MAR21-40000-C", "index_price": 48752.4, "direction": "buy", "amount": 0.7}, {"trade_seq": 4642, "trade_id": "132771789", "timestamp": 1614612346160, "tick_direction": 1, "price": 0.223, "mark_price": 0.22343223, "iv": 108.41, "instrument_name": "BTC-26MAR21-40000-C", "index_price": 48743.59, "direction": "buy", "amount": 0.2}, {"trade_seq": 4641, "trade_id": "132771788", "timestamp": 1614612346091, "tick_direction": 1, "price": 0.223, "mark_price": 0.22343223, "iv": 108.41, "instrument_name": "BTC-26MAR21-40000-C", "index_price": 48743.59, "direction": "buy", "amount": 0.2}, {"trade_seq": 4640, "trade_id": "132771780", "timestamp": 1614612343426, "tick_direction": 1, "price": 0.223, "mark_price": 0.22341991, "iv": 108.42, "instrument_name": "BTC-26MAR21-40000-C", "index_price": 48747.52, "direction": "buy", "amount": 0.1}, {"trade_seq": 4639, "trade_id": "132771779", "timestamp": 1614612343284, "tick_direction": 1, "price": 0.223, "mark_price": 0.22341991, "iv": 108.42, "instrument_name": "BTC-26MAR21-40000-C", "index_price": 48747.52, "direction": "buy", "amount": 0.1}, {"trade_seq": 4638, "trade_id": "132771778", "timestamp": 1614612343134, "tick_direction": 1, "price": 0.223, "mark_price": 0.22341991, "iv": 108.42, "instrument_name": "BTC-26MAR21-40000-C", "index_price": 48747.52, "direction": "buy", "amount": 0.3}, {"trade_seq": 4637, "trade_id": "132771605", "timestamp": 1614612312147, "tick_direction": 1, "price": 0.223, "mark_price": 0.22342685, "iv": 108.42, "instrument_name": "BTC-26MAR21-40000-C", "index_price": 48738.89, "direction": "buy", "amount": 0.1}, {"trade_seq": 4636, "trade_id": "132771600", "timestamp": 1614612308221, "tick_direction": 0, "price": 0.223, "mark_price": 0.22335031, "iv": 108.49, "instrument_name": "BTC-26MAR21-40000-C", "index_price": 48736.89, "direction": "buy", "amount": 0.1}, {"trade_seq": 4635, "trade_id": "132771475", "timestamp": 1614612295962, "tick_direction": 1, "price": 0.2225, "mark_price": 0.22276734, "iv": 108.55, "instrument_name": "BTC-26MAR21-40000-C", "index_price": 48700.8, "direction": "buy", "amount": 1.5}, {"trade_seq": 4634, "trade_id": "132771473", "timestamp": 1614612295957, "tick_direction": 1, "price": 0.2225, "mark_price": 0.22276734, "iv": 108.55, "instrument_name": "BTC-26MAR21-40000-C", "index_price": 48700.8, "direction": "buy", "amount": 0.2}, {"trade_seq": 4633, "trade_id": "132771465", "timestamp": 1614612294254, "tick_direction": 1, "price": 0.2225, "mark_price": 0.22250134, "iv": 108.68, "instrument_name": "BTC-26MAR21-40000-C", "index_price": 48696.3, "direction": "buy", "amount": 0.6}, {"trade_seq": 4632, "trade_id": "132771443", "timestamp": 1614612293805, "tick_direction": 1, "price": 0.2225, "mark_price": 0.22250134, "iv": 109.03, "instrument_name": "BTC-26MAR21-40000-C", "index_price": 48675.99, "direction": "buy", "amount": 0.1}, {"trade_seq": 4631, "trade_id": "132771442", "timestamp": 1614612293802, "tick_direction": 1, "price": 0.2225, "mark_price": 0.22250134, "iv": 109.03, "instrument_name": "BTC-26MAR21-40000-C", "index_price": 48675.99, "direction": "buy", "amount": 0.6}, {"trade_seq": 4630, "trade_id": "132771294", "timestamp": 1614612275591, "tick_direction": 1, "price": 0.2225, "mark_price": 0.22267412, "iv": 108.78, "instrument_name": "BTC-26MAR21-40000-C", "index_price": 48681.87, "direction": "buy", "amount": 1.0}, {"trade_seq": 4629, "trade_id": "132771293", "timestamp": 1614612275590, "tick_direction": 0, "price": 0.2225, "mark_price": 0.22267412, "iv": 108.78, "instrument_name": "BTC-26MAR21-40000-C", "index_price": 48681.87, "direction": "buy", "amount": 1.0}, {"trade_seq": 4628, "trade_id": "132727853", "timestamp": 1614599182681, "tick_direction": 0, "price": 0.2125, "mark_price": 0.21235753, "iv": 106.48, "instrument_name": "BTC-26MAR21-40000-C", "index_price": 47929.37, "direction": "buy", "amount": 0.1}, {"trade_seq": 4627, "trade_id": "132709965", "timestamp": 1614593611232, "tick_direction": 0, "price": 0.2045, "mark_price": 0.20546675, "iv": 105.0, "instrument_name": "BTC-26MAR21-40000-C", "index_price": 47271.81, "direction": "buy", "amount": 0.1}, {"trade_seq": 4626, "trade_id": "132609636", "timestamp": 1614558641345, "tick_direction": 0, "price": 0.2, "mark_price": 0.19940563, "iv": 113.22, "instrument_name": "BTC-26MAR21-40000-C", "index_price": 46450.9, "direction": "buy", "amount": 0.1}, {"trade_seq": 4625, "trade_id": "132586680", "timestamp": 1614553313628, "tick_direction": 2, "price": 0.1875, "mark_price": 0.18732084, "iv": 112.25, "instrument_name": "BTC-26MAR21-40000-C", "index_price": 45495.89, "direction": "buy", "amount": 0.1}, {"trade_seq": 4624, "trade_id": "132090641", "timestamp": 1614377924346, "tick_direction": 2, "price": 0.19, "mark_price": 0.19502584, "iv": 106.43, "instrument_name": "BTC-26MAR21-40000-C", "index_price": 45573.36, "direction": "buy", "amount": 0.2}, {"trade_seq": 4623, "trade_id": "131871039", "timestamp": 1614331633196, "tick_direction": 2, "price": 0.2, "mark_price": 0.20103211, "iv": 111.45, "instrument_name": "BTC-26MAR21-40000-C", "index_price": 46048.03, "direction": "sell", "amount": 2.0}, {"trade_seq": 4622, "trade_id": "131771408", "timestamp": 1614321928633, "tick_direction": 2, "price": 0.203, "mark_price": 0.20468665, "iv": 113.98, "instrument_name": "BTC-26MAR21-40000-C", "index_price": 45984.77, "direction": "buy", "amount": 0.4}, {"trade_seq": 4621, "trade_id": "131650837", "timestamp": 1614300622199, "tick_direction": 2, "price": 0.209, "mark_price": 0.21216819, "iv": 114.3, "instrument_name": "BTC-26MAR21-40000-C", "index_price": 46458.07, "direction": "buy", "amount": 0.8}, {"trade_seq": 4620, "trade_id": "131645991", "timestamp": 1614300081110, "tick_direction": 0, "price": 0.2115, "mark_price": 0.21228815, "iv": 116.19, "instrument_name": "BTC-26MAR21-40000-C", "index_price": 46480.27, "direction": "buy", "amount": 0.4}, {"trade_seq": 4619, "trade_id": "131644673", "timestamp": 1614299940118, "tick_direction": 2, "price": 0.2085, "mark_price": 0.20759525, "iv": 117.7, "instrument_name": "BTC-26MAR21-40000-C", "index_price": 46133.24, "direction": "buy", "amount": 0.1}, {"trade_seq": 4618, "trade_id": "131637730", "timestamp": 1614299422426, "tick_direction": 2, "price": 0.212, "mark_price": 0.21294726, "iv": 115.23, "instrument_name": "BTC-26MAR21-40000-C", "index_price": 46678.38, "direction": "buy", "amount": 0.2}, {"trade_seq": 4617, "trade_id": "131634286", "timestamp": 1614298893660, "tick_direction": 0, "price": 0.2145, "mark_price": 0.21532346, "iv": 115.42, "instrument_name": "BTC-26MAR21-40000-C", "index_price": 46864.84, "direction": "buy", "amount": 0.1}, {"trade_seq": 4616, "trade_id": "131632733", "timestamp": 1614298750392, "tick_direction": 2, "price": 0.205, "mark_price": 0.21854826, "iv": 100.15, "instrument_name": "BTC-26MAR21-40000-C", "index_price": 47127.01, "direction": "buy", "amount": 0.2}, {"trade_seq": 4615, "trade_id": "131533002", "timestamp": 1614282531587, "tick_direction": 2, "price": 0.243, "mark_price": 0.24534642, "iv": 110.91, "instrument_name": "BTC-26MAR21-40000-C", "index_price": 49646.33, "direction": "sell", "amount": 0.1}, {"trade_seq": 4614, "trade_id": "131508681", "timestamp": 1614276475604, "tick_direction": 2, "price": 0.2445, "mark_price": 0.24751408, "iv": 107.61, "instrument_name": "BTC-26MAR21-40000-C", "index_price": 49854.79, "direction": "sell", "amount": 1.0}, {"trade_seq": 4613, "trade_id": "131416408", "timestamp": 1614257785460, "tick_direction": 2, "price": 0.2635, "mark_price": 0.26599766, "iv": 108.33, "instrument_name": "BTC-26MAR21-40000-C", "index_price": 51288.84, "direction": "buy", "amount": 1.0}, {"trade_seq": 4612, "trade_id": "131415367", "timestamp": 1614257737183, "tick_direction": 1, "price": 0.265, "mark_price": 0.26528084, "iv": 111.64, "instrument_name": "BTC-26MAR21-40000-C", "index_price": 51246.88, "direction": "buy", "amount": 0.1}, {"trade_seq": 4611, "trade_id": "131415354", "timestamp": 1614257736976, "tick_direction": 1, "price": 0.265, "mark_price": 0.2652697, "iv": 111.64, "instrument_name": "BTC-26MAR21-40000-C", "index_price": 51246.88, "direction": "buy", "amount": 0.7}, {"trade_seq": 4610, "trade_id": "131415283", "timestamp": 1614257734986, "tick_direction": 1, "price": 0.265, "mark_price": 0.26530026, "iv": 111.44, "instrument_name": "BTC-26MAR21-40000-C", "index_price": 51248.88, "direction": "buy", "amount": 0.1}, {"trade_seq": 4609, "trade_id": "131415253", "timestamp": 1614257734373, "tick_direction": 0, "price": 0.265, "mark_price": 0.26530026, "iv": 111.61, "instrument_name": "BTC-26MAR21-40000-C", "index_price": 51239.85, "direction": "buy", "amount": 0.1}, {"trade_seq": 4608, "trade_id": "131258484", "timestamp": 1614203389327, "tick_direction": 3, "price": 0.235, "mark_price": 0.23454085, "iv": 116.2, "instrument_name": "BTC-26MAR21-40000-C", "index_price": 48231.24, "direction": "sell", "amount": 0.5}, {"trade_seq": 4607, "trade_id": "131258407", "timestamp": 1614203371365, "tick_direction": 3, "price": 0.235, "mark_price": 0.23501159, "iv": 115.62, "instrument_name": "BTC-26MAR21-40000-C", "index_price": 48262.33, "direction": "sell", "amount": 0.1}, {"trade_seq": 4606, "trade_id": "131258371", "timestamp": 1614203353742, "tick_direction": 3, "price": 0.235, "mark_price": 0.23502977, "iv": 115.68, "instrument_name": "BTC-26MAR21-40000-C", "index_price": 48254.93, "direction": "sell", "amount": 0.1}, {"trade_seq": 4605, "trade_id": "131258370", "timestamp": 1614203353670, "tick_direction": 3, "price": 0.235, "mark_price": 0.23502977, "iv": 115.68, "instrument_name": "BTC-26MAR21-40000-C", "index_price": 48254.93, "direction": "sell", "amount": 0.1}, {"trade_seq": 4604, "trade_id": "131258369", "timestamp": 1614203353011, "tick_direction": 3, "price": 0.235, "mark_price": 0.23513667, "iv": 115.6, "instrument_name": "BTC-26MAR21-40000-C", "index_price": 48260.65, "direction": "sell", "amount": 0.1}, {"trade_seq": 4603, "trade_id": "131258368", "timestamp": 1614203350582, "tick_direction": 2, "price": 0.235, "mark_price": 0.23524953, "iv": 115.33, "instrument_name": "BTC-26MAR21-40000-C", "index_price": 48277.64, "direction": "sell", "amount": 0.1}, {"trade_seq": 4602, "trade_id": "131240127", "timestamp": 1614198284503, "tick_direction": 0, "price": 0.242, "mark_price": 0.24166555, "iv": 116.12, "instrument_name": "BTC-26MAR21-40000-C", "index_price": 48845.86, "direction": "buy", "amount": 0.1}, {"trade_seq": 4601, "trade_id": "130982660", "timestamp": 1614126964420, "tick_direction": 2, "price": 0.2375, "mark_price": 0.23961763, "iv": 121.45, "instrument_name": "BTC-26MAR21-40000-C", "index_price": 47672.02, "direction": "buy", "amount": 0.1}, {"trade_seq": 4600, "trade_id": "130970794", "timestamp": 1614124976718, "tick_direction": 3, "price": 0.253, "mark_price": 0.2532738, "iv": 124.28, "instrument_name": "BTC-26MAR21-40000-C", "index_price": 48881.08, "direction": "buy", "amount": 0.2}, {"trade_seq": 4599, "trade_id": "130970789", "timestamp": 1614124976556, "tick_direction": 3, "price": 0.253, "mark_price": 0.2532738, "iv": 124.28, "instrument_name": "BTC-26MAR21-40000-C", "index_price": 48881.08, "direction": "buy", "amount": 0.1}, {"trade_seq": 4598, "trade_id": "130970783", "timestamp": 1614124976465, "tick_direction": 3, "price": 0.253, "mark_price": 0.2532738, "iv": 124.28, "instrument_name": "BTC-26MAR21-40000-C", "index_price": 48881.08, "direction": "buy", "amount": 0.1}, {"trade_seq": 4597, "trade_id": "130970781", "timestamp": 1614124976341, "tick_direction": 3, "price": 0.253, "mark_price": 0.2532738, "iv": 124.31, "instrument_name": "BTC-26MAR21-40000-C", "index_price": 48873.82, "direction": "buy", "amount": 0.1}, {"trade_seq": 4596, "trade_id": "130970774", "timestamp": 1614124976148, "tick_direction": 3, "price": 0.253, "mark_price": 0.2532738, "iv": 124.31, "instrument_name": "BTC-26MAR21-40000-C", "index_price": 48873.82, "direction": "buy", "amount": 0.1}, {"trade_seq": 4595, "trade_id": "130970768", "timestamp": 1614124975466, "tick_direction": 3, "price": 0.253, "mark_price": 0.25306853, "iv": 124.31, "instrument_name": "BTC-26MAR21-40000-C", "index_price": 48873.82, "direction": "buy", "amount": 0.1}, {"trade_seq": 4594, "trade_id": "130970767", "timestamp": 1614124975373, "tick_direction": 2, "price": 0.253, "mark_price": 0.25306853, "iv": 124.55, "instrument_name": "BTC-26MAR21-40000-C", "index_price": 48854.81, "direction": "buy", "amount": 0.2}, {"trade_seq": 4593, "trade_id": "130970081", "timestamp": 1614124900132, "tick_direction": 0, "price": 0.255, "mark_price": 0.25478123, "iv": 124.83, "instrument_name": "BTC-26MAR21-40000-C", "index_price": 49025.4, "direction": "buy", "amount": 0.1}, {"trade_seq": 4592, "trade_id": "130828244", "timestamp": 1614100181971, "tick_direction": 2, "price": 0.234, "mark_price": 0.23356209, "iv": 124.1, "instrument_name": "BTC-26MAR21-40000-C", "index_price": 47034.37, "direction": "sell", "amount": 1.0}, {"trade_seq": 4591, "trade_id": "130498186", "timestamp": 1614072387057, "tick_direction": 0, "price": 0.269, "mark_price": 0.24394024, "iv": 150.07, "instrument_name": "BTC-26MAR21-40000-C", "index_price": 47942.73, "direction": "buy", "amount": 0.1}, {"trade_seq": 4590, "trade_id": "130440648", "timestamp": 1614070648819, "tick_direction": 3, "price": 0.2285, "mark_price": 0.22821014, "iv": 119.66, "instrument_name": "BTC-26MAR21-40000-C", "index_price": 47037.9, "direction": "sell", "amount": 1.8}, {"trade_seq": 4589, "trade_id": "130440647", "timestamp": 1614070648819, "tick_direction": 2, "price": 0.2285, "mark_price": 0.22821014, "iv": 119.66, "instrument_name": "BTC-26MAR21-40000-C", "index_price": 47037.9, "direction": "sell", "amount": 0.2}, {"trade_seq": 4588, "trade_id": "130440535", "timestamp": 1614070646545, "tick_direction": 3, "price": 0.229, "mark_price": 0.22839579, "iv": 120.17, "instrument_name": "BTC-26MAR21-40000-C", "index_price": 47009.55, "direction": "sell", "amount": 0.3}, {"trade_seq": 4587, "trade_id": "130440479", "timestamp": 1614070645678, "tick_direction": 3, "price": 0.229, "mark_price": 0.22859576, "iv": 119.95, "instrument_name": "BTC-26MAR21-40000-C", "index_price": 47026.52, "direction": "sell", "amount": 0.7}, {"trade_seq": 4586, "trade_id": "130440468", "timestamp": 1614070645589, "tick_direction": 3, "price": 0.229, "mark_price": 0.22859576, "iv": 119.95, "instrument_name": "BTC-26MAR21-40000-C", "index_price": 47026.52, "direction": "sell", "amount": 0.2}, {"trade_seq": 4585, "trade_id": "130440460", "timestamp": 1614070645461, "tick_direction": 3, "price": 0.229, "mark_price": 0.22872112, "iv": 119.81, "instrument_name": "BTC-26MAR21-40000-C", "index_price": 47040.24, "direction": "sell", "amount": 0.1}, {"trade_seq": 4584, "trade_id": "130440402", "timestamp": 1614070644907, "tick_direction": 3, "price": 0.229, "mark_price": 0.22872112, "iv": 119.81, "instrument_name": "BTC-26MAR21-40000-C", "index_price": 47040.24, "direction": "sell", "amount": 0.1}, {"trade_seq": 4583, "trade_id": "130440387", "timestamp": 1614070644644, "tick_direction": 3, "price": 0.229, "mark_price": 0.22872112, "iv": 119.81, "instrument_name": "BTC-26MAR21-40000-C", "index_price": 47040.24, "direction": "sell", "amount": 0.7}, {"trade_seq": 4582, "trade_id": "130440310", "timestamp": 1614070643946, "tick_direction": 3, "price": 0.229, "mark_price": 0.22884373, "iv": 119.68, "instrument_name": "BTC-26MAR21-40000-C", "index_price": 47044.93, "direction": "sell", "amount": 0.2}, {"trade_seq": 4581, "trade_id": "130440309", "timestamp": 1614070643943, "tick_direction": 2, "price": 0.229, "mark_price": 0.22884373, "iv": 119.68, "instrument_name": "BTC-26MAR21-40000-C", "index_price": 47044.93, "direction": "sell", "amount": 0.8}, {"trade_seq": 4580, "trade_id": "130429266", "timestamp": 1614070019088, "tick_direction": 2, "price": 0.25, "mark_price": 0.24390083, "iv": 126.6, "instrument_name": "BTC-26MAR21-40000-C", "index_price": 48295.09, "direction": "sell", "amount": 0.3}, {"trade_seq": 4579, "trade_id": "130334502", "timestamp": 1614061051345, "tick_direction": 1, "price": 0.276, "mark_price": 0.27477446, "iv": 119.57, "instrument_name": "BTC-26MAR21-40000-C", "index_price": 51091.46, "direction": "buy", "amount": 0.8}, {"trade_seq": 4578, "trade_id": "130334501", "timestamp": 1614061051254, "tick_direction": 1, "price": 0.276, "mark_price": 0.27477446, "iv": 119.57, "instrument_name": "BTC-26MAR21-40000-C", "index_price": 51091.46, "direction": "buy", "amount": 0.6}, {"trade_seq": 4577, "trade_id": "130334428", "timestamp": 1614061044833, "tick_direction": 1, "price": 0.276, "mark_price": 0.27419185, "iv": 120.09, "instrument_name": "BTC-26MAR21-40000-C", "index_price": 51081.4, "direction": "buy", "amount": 0.1}, {"trade_seq": 4576, "trade_id": "130334414", "timestamp": 1614061043869, "tick_direction": 1, "price": 0.276, "mark_price": 0.27417356, "iv": 120.41, "instrument_name": "BTC-26MAR21-40000-C", "index_price": 51048.7, "direction": "buy", "amount": 0.2}, {"trade_seq": 4575, "trade_id": "130334392", "timestamp": 1614061043368, "tick_direction": 1, "price": 0.276, "mark_price": 0.27408398, "iv": 120.43, "instrument_name": "BTC-26MAR21-40000-C", "index_price": 51026.31, "direction": "buy", "amount": 0.2}, {"trade_seq": 4574, "trade_id": "130334391", "timestamp": 1614061043298, "tick_direction": 0, "price": 0.276, "mark_price": 0.27408398, "iv": 120.43, "instrument_name": "BTC-26MAR21-40000-C", "index_price": 51026.31, "direction": "buy", "amount": 0.1}, {"trade_seq": 4573, "trade_id": "130332710", "timestamp": 1614060945635, "tick_direction": 2, "price": 0.2725, "mark_price": 0.2707103, "iv": 120.22, "instrument_name": "BTC-26MAR21-40000-C", "index_price": 50721.94, "direction": "buy", "amount": 0.1}, {"trade_seq": 4572, "trade_id": "130209839", "timestamp": 1614049210701, "tick_direction": 1, "price": 0.2765, "mark_price": 0.27655702, "iv": 120.06, "instrument_name": "BTC-26MAR21-40000-C", "index_price": 51243.34, "direction": "buy", "amount": 0.1}, {"trade_seq": 4571, "trade_id": "130209836", "timestamp": 1614049210399, "tick_direction": 1, "price": 0.2765, "mark_price": 0.27655702, "iv": 120.06, "instrument_name": "BTC-26MAR21-40000-C", "index_price": 51243.34, "direction": "buy", "amount": 0.1}, {"trade_seq": 4570, "trade_id": "130209831", "timestamp": 1614049210342, "tick_direction": 0, "price": 0.2765, "mark_price": 0.27655702, "iv": 120.06, "instrument_name": "BTC-26MAR21-40000-C", "index_price": 51243.34, "direction": "buy", "amount": 0.1}, {"trade_seq": 4569, "trade_id": "130208393", "timestamp": 1614049076134, "tick_direction": 2, "price": 0.266, "mark_price": 0.2736108, "iv": 110.07, "instrument_name": "BTC-26MAR21-40000-C", "index_price": 50966.11, "direction": "buy", "amount": 0.2}, {"trade_seq": 4568, "trade_id": "130207897", "timestamp": 1614049027919, "tick_direction": 3, "price": 0.2735, "mark_price": 0.27359472, "iv": 119.69, "instrument_name": "BTC-26MAR21-40000-C", "index_price": 51034.71, "direction": "buy", "amount": 0.1}, {"trade_seq": 4567, "trade_id": "130207896", "timestamp": 1614049027875, "tick_direction": 3, "price": 0.2735, "mark_price": 0.27359472, "iv": 120.2, "instrument_name": "BTC-26MAR21-40000-C", "index_price": 51034.71, "direction": "buy", "amount": 0.1}, {"trade_seq": 4566, "trade_id": "130207895", "timestamp": 1614049027836, "tick_direction": 3, "price": 0.2735, "mark_price": 0.27359472, "iv": 120.2, "instrument_name": "BTC-26MAR21-40000-C", "index_price": 51034.71, "direction": "buy", "amount": 0.1}, {"trade_seq": 4565, "trade_id": "130207894", "timestamp": 1614049027741, "tick_direction": 3, "price": 0.2735, "mark_price": 0.27359472, "iv": 120.2, "instrument_name": "BTC-26MAR21-40000-C", "index_price": 51034.71, "direction": "buy", "amount": 0.1}, {"trade_seq": 4564, "trade_id": "130207889", "timestamp": 1614049027626, "tick_direction": 3, "price": 0.2735, "mark_price": 0.27359472, "iv": 120.2, "instrument_name": "BTC-26MAR21-40000-C", "index_price": 51034.71, "direction": "buy", "amount": 0.1}, {"trade_seq": 4563, "trade_id": "130207883", "timestamp": 1614049027558, "tick_direction": 2, "price": 0.2735, "mark_price": 0.27359472, "iv": 120.2, "instrument_name": "BTC-26MAR21-40000-C", "index_price": 51034.71, "direction": "buy", "amount": 0.1}, {"trade_seq": 4562, "trade_id": "130071308", "timestamp": 1614018771239, "tick_direction": 2, "price": 0.2885, "mark_price": 0.2887668, "iv": 116.04, "instrument_name": "BTC-26MAR21-40000-C", "index_price": 52581.58, "direction": "buy", "amount": 0.2}, {"trade_seq": 4561, "trade_id": "130071096", "timestamp": 1614018735459, "tick_direction": 3, "price": 0.289, "mark_price": 0.28929468, "iv": 116.03, "instrument_name": "BTC-26MAR21-40000-C", "index_price": 52615.84, "direction": "buy", "amount": 0.2}, {"trade_seq": 4560, "trade_id": "130071090", "timestamp": 1614018735288, "tick_direction": 3, "price": 0.289, "mark_price": 0.28929468, "iv": 116.03, "instrument_name": "BTC-26MAR21-40000-C", "index_price": 52615.84, "direction": "buy", "amount": 0.1}, {"trade_seq": 4559, "trade_id": "130071088", "timestamp": 1614018735097, "tick_direction": 2, "price": 0.289, "mark_price": 0.28929468, "iv": 116.03, "instrument_name": "BTC-26MAR21-40000-C", "index_price": 52615.84, "direction": "buy", "amount": 0.1}, {"trade_seq": 4558, "trade_id": "130070814", "timestamp": 1614018664024, "tick_direction": 3, "price": 0.2905, "mark_price": 0.29064378, "iv": 116.16, "instrument_name": "BTC-26MAR21-40000-C", "index_price": 52736.57, "direction": "buy", "amount": 0.1}, {"trade_seq": 4557, "trade_id": "130070812", "timestamp": 1614018663836, "tick_direction": 3, "price": 0.2905, "mark_price": 0.29064378, "iv": 116.16, "instrument_name": "BTC-26MAR21-40000-C", "index_price": 52736.57, "direction": "buy", "amount": 0.1}, {"trade_seq": 4556, "trade_id": "130070806", "timestamp": 1614018663656, "tick_direction": 3, "price": 0.2905, "mark_price": 0.29057255, "iv": 116.16, "instrument_name": "BTC-26MAR21-40000-C", "index_price": 52736.57, "direction": "buy", "amount": 0.1}, {"trade_seq": 4555, "trade_id": "130070804", "timestamp": 1614018663480, "tick_direction": 3, "price": 0.2905, "mark_price": 0.29057255, "iv": 116.16, "instrument_name": "BTC-26MAR21-40000-C", "index_price": 52736.57, "direction": "buy", "amount": 0.2}, {"trade_seq": 4554, "trade_id": "130070795", "timestamp": 1614018663282, "tick_direction": 3, "price": 0.2905, "mark_price": 0.29057255, "iv": 116.16, "instrument_name": "BTC-26MAR21-40000-C", "index_price": 52736.57, "direction": "buy", "amount": 0.2}, {"trade_seq": 4553, "trade_id": "130070794", "timestamp": 1614018663178, "tick_direction": 3, "price": 0.2905, "mark_price": 0.29057255, "iv": 116.27, "instrument_name": "BTC-26MAR21-40000-C", "index_price": 52730.24, "direction": "buy", "amount": 0.1}, {"trade_seq": 4552, "trade_id": "130070790", "timestamp": 1614018663117, "tick_direction": 3, "price": 0.2905, "mark_price": 0.29057255, "iv": 116.27, "instrument_name": "BTC-26MAR21-40000-C", "index_price": 52730.24, "direction": "buy", "amount": 0.3}, {"trade_seq": 4551, "trade_id": "130070789", "timestamp": 1614018663009, "tick_direction": 3, "price": 0.2905, "mark_price": 0.29057255, "iv": 116.27, "instrument_name": "BTC-26MAR21-40000-C", "index_price": 52730.24, "direction": "buy", "amount": 0.3}, {"trade_seq": 4550, "trade_id": "130070785", "timestamp": 1614018662799, "tick_direction": 2, "price": 0.2905, "mark_price": 0.29057255, "iv": 116.27, "instrument_name": "BTC-26MAR21-40000-C", "index_price": 52730.24, "direction": "buy", "amount": 0.2}, {"trade_seq": 4549, "trade_id": "130070656", "timestamp": 1614018629959, "tick_direction": 1, "price": 0.2915, "mark_price": 0.29167025, "iv": 116.08, "instrument_name": "BTC-26MAR21-40000-C", "index_price": 52816.08, "direction": "buy", "amount": 0.1}, {"trade_seq": 4548, "trade_id": "130070655", "timestamp": 1614018629822, "tick_direction": 1, "price": 0.2915, "mark_price": 0.29167025, "iv": 116.08, "instrument_name": "BTC-26MAR21-40000-C", "index_price": 52816.08, "direction": "buy", "amount": 0.1}, {"trade_seq": 4547, "trade_id": "130070654", "timestamp": 1614018629778, "tick_direction": 1, "price": 0.2915, "mark_price": 0.29167025, "iv": 116.08, "instrument_name": "BTC-26MAR21-40000-C", "index_price": 52816.08, "direction": "buy", "amount": 0.1}, {"trade_seq": 4546, "trade_id": "130070647", "timestamp": 1614018629671, "tick_direction": 0, "price": 0.2915, "mark_price": 0.29167025, "iv": 116.08, "instrument_name": "BTC-26MAR21-40000-C", "index_price": 52816.08, "direction": "buy", "amount": 0.1}, {"trade_seq": 4545, "trade_id": "130066642", "timestamp": 1614018028428, "tick_direction": 1, "price": 0.287, "mark_price": 0.28682124, "iv": 116.16, "instrument_name": "BTC-26MAR21-40000-C", "index_price": 52413.2, "direction": "buy", "amount": 0.1}, {"trade_seq": 4544, "trade_id": "130066637", "timestamp": 1614018028083, "tick_direction": 0, "price": 0.287, "mark_price": 0.28682124, "iv": 116.16, "instrument_name": "BTC-26MAR21-40000-C", "index_price": 52413.2, "direction": "buy", "amount": 0.2}, {"trade_seq": 4543, "trade_id": "130065573", "timestamp": 1614017893854, "tick_direction": 3, "price": 0.2835, "mark_price": 0.28346991, "iv": 116.0, "instrument_name": "BTC-26MAR21-40000-C", "index_price": 52116.59, "direction": "buy", "amount": 0.1}, {"trade_seq": 4542, "trade_id": "130065569", "timestamp": 1614017893650, "tick_direction": 3, "price": 0.2835, "mark_price": 0.28324606, "iv": 116.0, "instrument_name": "BTC-26MAR21-40000-C", "index_price": 52116.59, "direction": "buy", "amount": 0.4}, {"trade_seq": 4541, "trade_id": "130065567", "timestamp": 1614017893534, "tick_direction": 2, "price": 0.2835, "mark_price": 0.28324606, "iv": 116.0, "instrument_name": "BTC-26MAR21-40000-C", "index_price": 52116.59, "direction": "buy", "amount": 0.2}, {"trade_seq": 4540, "trade_id": "130065123", "timestamp": 1614017806570, "tick_direction": 0, "price": 0.2845, "mark_price": 0.28445605, "iv": 116.02, "instrument_name": "BTC-26MAR21-40000-C", "index_price": 52222.68, "direction": "buy", "amount": 10.8}, {"trade_seq": 4539, "trade_id": "130064178", "timestamp": 1614017722287, "tick_direction": 1, "price": 0.281, "mark_price": 0.28135658, "iv": 115.48, "instrument_name": "BTC-26MAR21-40000-C", "index_price": 51927.21, "direction": "buy", "amount": 0.1}, {"trade_seq": 4538, "trade_id": "130064175", "timestamp": 1614017721665, "tick_direction": 1, "price": 0.281, "mark_price": 0.28124692, "iv": 115.48, "instrument_name": "BTC-26MAR21-40000-C", "index_price": 51927.21, "direction": "buy", "amount": 0.1}, {"trade_seq": 4537, "trade_id": "130064158", "timestamp": 1614017719948, "tick_direction": 0, "price": 0.281, "mark_price": 0.28113088, "iv": 115.67, "instrument_name": "BTC-26MAR21-40000-C", "index_price": 51908.38, "direction": "buy", "amount": 0.1}, {"trade_seq": 4536, "trade_id": "130063933", "timestamp": 1614017683646, "tick_direction": 3, "price": 0.28, "mark_price": 0.27984495, "iv": 116.03, "instrument_name": "BTC-26MAR21-40000-C", "index_price": 51796.83, "direction": "buy", "amount": 0.1}, {"trade_seq": 4535, "trade_id": "130063932", "timestamp": 1614017683547, "tick_direction": 2, "price": 0.28, "mark_price": 0.27984495, "iv": 116.03, "instrument_name": "BTC-26MAR21-40000-C", "index_price": 51796.83, "direction": "buy", "amount": 0.2}, {"trade_seq": 4534, "trade_id": "130040885", "timestamp": 1614014104861, "tick_direction": 2, "price": 0.285, "mark_price": 0.28643647, "iv": 113.42, "instrument_name": "BTC-26MAR21-40000-C", "index_price": 52442.48, "direction": "buy", "amount": 1.0}, {"trade_seq": 4533, "trade_id": "130033614", "timestamp": 1614013008898, "tick_direction": 2, "price": 0.293, "mark_price": 0.29479815, "iv": 113.66, "instrument_name": "BTC-26MAR21-40000-C", "index_price": 53233.98, "direction": "buy", "amount": 1.0}, {"trade_seq": 4532, "trade_id": "129861630", "timestamp": 1613999854894, "tick_direction": 2, "price": 0.3, "mark_price": 0.30039833, "iv": 116.53, "instrument_name": "BTC-26MAR21-40000-C", "index_price": 53145.5, "direction": "sell", "amount": 0.1}, {"trade_seq": 4531, "trade_id": "129820067", "timestamp": 1613995837374, "tick_direction": 3, "price": 0.3085, "mark_price": 0.30831515, "iv": 116.56, "instrument_name": "BTC-26MAR21-40000-C", "index_price": 54134.49, "direction": "buy", "amount": 0.5}, {"trade_seq": 4530, "trade_id": "129820066", "timestamp": 1613995837289, "tick_direction": 2, "price": 0.3085, "mark_price": 0.30831515, "iv": 116.56, "instrument_name": "BTC-26MAR21-40000-C", "index_price": 54134.49, "direction": "buy", "amount": 0.5}, {"trade_seq": 4529, "trade_id": "129740004", "timestamp": 1613982205527, "tick_direction": 2, "price": 0.3295, "mark_price": 0.32840549, "iv": 119.45, "instrument_name": "BTC-26MAR21-40000-C", "index_price": 56286.54, "direction": "sell", "amount": 1.0}, {"trade_seq": 4528, "trade_id": "129679927", "timestamp": 1613964388595, "tick_direction": 2, "price": 0.3355, "mark_price": 0.33616426, "iv": 117.06, "instrument_name": "BTC-26MAR21-40000-C", "index_price": 56734.51, "direction": "buy", "amount": 0.7}, {"trade_seq": 4527, "trade_id": "129679894", "timestamp": 1613964351962, "tick_direction": 3, "price": 0.336, "mark_price": 0.33617356, "iv": 117.97, "instrument_name": "BTC-26MAR21-40000-C", "index_price": 56734.55, "direction": "buy", "amount": 0.1}, {"trade_seq": 4526, "trade_id": "129679893", "timestamp": 1613964351887, "tick_direction": 3, "price": 0.336, "mark_price": 0.33617356, "iv": 117.97, "instrument_name": "BTC-26MAR21-40000-C", "index_price": 56734.55, "direction": "buy", "amount": 0.1}, {"trade_seq": 4525, "trade_id": "129679892", "timestamp": 1613964351841, "tick_direction": 2, "price": 0.336, "mark_price": 0.33617356, "iv": 117.97, "instrument_name": "BTC-26MAR21-40000-C", "index_price": 56734.55, "direction": "buy", "amount": 0.1}, {"trade_seq": 4524, "trade_id": "129672399", "timestamp": 1613960846845, "tick_direction": 1, "price": 0.34, "mark_price": 0.33990379, "iv": 118.19, "instrument_name": "BTC-26MAR21-40000-C", "index_price": 57150.08, "direction": "buy", "amount": 0.1}, {"trade_seq": 4523, "trade_id": "129672398", "timestamp": 1613960846752, "tick_direction": 1, "price": 0.34, "mark_price": 0.33990379, "iv": 118.19, "instrument_name": "BTC-26MAR21-40000-C", "index_price": 57150.08, "direction": "buy", "amount": 0.1}, {"trade_seq": 4522, "trade_id": "129672397", "timestamp": 1613960846752, "tick_direction": 0, "price": 0.34, "mark_price": 0.33990379, "iv": 118.19, "instrument_name": "BTC-26MAR21-40000-C", "index_price": 57150.08, "direction": "buy", "amount": 0.2}, {"trade_seq": 4521, "trade_id": "129671139", "timestamp": 1613960485023, "tick_direction": 2, "price": 0.3345, "mark_price": 0.33490958, "iv": 117.03, "instrument_name": "BTC-26MAR21-40000-C", "index_price": 56663.31, "direction": "buy", "amount": 1.0}, {"trade_seq": 4520, "trade_id": "129601969", "timestamp": 1613936209510, "tick_direction": 0, "price": 0.351, "mark_price": 0.35278618, "iv": 112.38, "instrument_name": "BTC-26MAR21-40000-C", "index_price": 58165.46, "direction": "buy", "amount": 0.1}, {"trade_seq": 4519, "trade_id": "129541517", "timestamp": 1613913761580, "tick_direction": 3, "price": 0.3395, "mark_price": 0.33915025, "iv": 113.45, "instrument_name": "BTC-26MAR21-40000-C", "index_price": 57020.41, "direction": "sell", "amount": 0.1}, {"trade_seq": 4518, "trade_id": "129541516", "timestamp": 1613913761498, "tick_direction": 3, "price": 0.3395, "mark_price": 0.33915025, "iv": 113.45, "instrument_name": "BTC-26MAR21-40000-C", "index_price": 57020.41, "direction": "sell", "amount": 0.1}, {"trade_seq": 4517, "trade_id": "129539970", "timestamp": 1613912634993, "tick_direction": 3, "price": 0.3395, "mark_price": 0.33861655, "iv": 113.81, "instrument_name": "BTC-26MAR21-40000-C", "index_price": 57019.53, "direction": "sell", "amount": 0.1}, {"trade_seq": 4516, "trade_id": "129539966", "timestamp": 1613912634883, "tick_direction": 2, "price": 0.3395, "mark_price": 0.33861655, "iv": 113.81, "instrument_name": "BTC-26MAR21-40000-C", "index_price": 57019.53, "direction": "sell", "amount": 0.1}, {"trade_seq": 4515, "trade_id": "129522159", "timestamp": 1613904103401, "tick_direction": 0, "price": 0.344, "mark_price": 0.34572867, "iv": 110.66, "instrument_name": "BTC-26MAR21-40000-C", "index_price": 57639.83, "direction": "buy", "amount": 1.0}, {"trade_seq": 4514, "trade_id": "129515331", "timestamp": 1613902571504, "tick_direction": 0, "price": 0.3415, "mark_price": 0.34218592, "iv": 111.8, "instrument_name": "BTC-26MAR21-40000-C", "index_price": 57386.69, "direction": "buy", "amount": 0.1}, {"trade_seq": 4513, "trade_id": "129436657", "timestamp": 1613864866590, "tick_direction": 0, "price": 0.32, "mark_price": 0.32356245, "iv": 102.12, "instrument_name": "BTC-26MAR21-40000-C", "index_price": 55884.12, "direction": "buy", "amount": 0.1}, {"trade_seq": 4512, "trade_id": "129408252", "timestamp": 1613860865179, "tick_direction": 2, "price": 0.31, "mark_price": 0.31240519, "iv": 105.32, "instrument_name": "BTC-26MAR21-40000-C", "index_price": 54952.68, "direction": "sell", "amount": 0.1}, {"trade_seq": 4511, "trade_id": "129404090", "timestamp": 1613860665057, "tick_direction": 2, "price": 0.32, "mark_price": 0.3203154, "iv": 107.84, "instrument_name": "BTC-26MAR21-40000-C", "index_price": 55593.16, "direction": "sell", "amount": 0.1}, {"trade_seq": 4510, "trade_id": "129389604", "timestamp": 1613855542047, "tick_direction": 3, "price": 0.3265, "mark_price": 0.33249195, "iv": 96.63, "instrument_name": "BTC-26MAR21-40000-C", "index_price": 56573.75, "direction": "buy", "amount": 11.6}, {"trade_seq": 4509, "trade_id": "129389603", "timestamp": 1613855542043, "tick_direction": 3, "price": 0.3265, "mark_price": 0.33249195, "iv": 96.63, "instrument_name": "BTC-26MAR21-40000-C", "index_price": 56573.75, "direction": "buy", "amount": 4.3}, {"trade_seq": 4508, "trade_id": "129389602", "timestamp": 1613855542040, "tick_direction": 3, "price": 0.3265, "mark_price": 0.33249195, "iv": 96.63, "instrument_name": "BTC-26MAR21-40000-C", "index_price": 56573.75, "direction": "buy", "amount": 0.1}, {"trade_seq": 4507, "trade_id": "129389601", "timestamp": 1613855542039, "tick_direction": 3, "price": 0.3265, "mark_price": 0.33249195, "iv": 96.63, "instrument_name": "BTC-26MAR21-40000-C", "index_price": 56573.75, "direction": "buy", "amount": 15.0}, {"trade_seq": 4506, "trade_id": "129389600", "timestamp": 1613855542036, "tick_direction": 2, "price": 0.3265, "mark_price": 0.33249195, "iv": 96.63, "instrument_name": "BTC-26MAR21-40000-C", "index_price": 56573.75, "direction": "sell", "amount": 9.0}, {"trade_seq": 4505, "trade_id": "129389430", "timestamp": 1613855452901, "tick_direction": 3, "price": 0.327, "mark_price": 0.33236145, "iv": 98.23, "instrument_name": "BTC-26MAR21-40000-C", "index_price": 56571.4, "direction": "buy", "amount": 6.9}, {"trade_seq": 4504, "trade_id": "129389429", "timestamp": 1613855452900, "tick_direction": 2, "price": 0.327, "mark_price": 0.33236145, "iv": 98.23, "instrument_name": "BTC-26MAR21-40000-C", "index_price": 56571.4, "direction": "buy", "amount": 15.0}, {"trade_seq": 4503, "trade_id": "129389428", "timestamp": 1613855452898, "tick_direction": 3, "price": 0.3275, "mark_price": 0.33236145, "iv": 99.36, "instrument_name": "BTC-26MAR21-40000-C", "index_price": 56571.4, "direction": "sell", "amount": 9.0}, {"trade_seq": 4502, "trade_id": "129389427", "timestamp": 1613855452898, "tick_direction": 3, "price": 0.3275, "mark_price": 0.33236145, "iv": 99.36, "instrument_name": "BTC-26MAR21-40000-C", "index_price": 56571.4, "direction": "sell", "amount": 9.0}, {"trade_seq": 4501, "trade_id": "129389426", "timestamp": 1613855452898, "tick_direction": 2, "price": 0.3275, "mark_price": 0.33236145, "iv": 99.36, "instrument_name": "BTC-26MAR21-40000-C", "index_price": 56571.4, "direction": "sell", "amount": 0.1}, {"trade_seq": 4500, "trade_id": "129389389", "timestamp": 1613855437671, "tick_direction": 1, "price": 0.328, "mark_price": 0.33238021, "iv": 100.33, "instrument_name": "BTC-26MAR21-40000-C", "index_price": 56572.01, "direction": "buy", "amount": 10.0}, {"trade_seq": 4499, "trade_id": "129388766", "timestamp": 1613855291601, "tick_direction": 1, "price": 0.328, "mark_price": 0.33315359, "iv": 98.48, "instrument_name": "BTC-26MAR21-40000-C", "index_price": 56636.81, "direction": "sell", "amount": 2.0}, {"trade_seq": 4498, "trade_id": "129388765", "timestamp": 1613855291601, "tick_direction": 0, "price": 0.328, "mark_price": 0.33315359, "iv": 98.48, "instrument_name": "BTC-26MAR21-40000-C", "index_price": 56636.81, "direction": "sell", "amount": 8.0}, {"trade_seq": 4497, "trade_id": "129363570", "timestamp": 1613844075874, "tick_direction": 2, "price": 0.32, "mark_price": 0.33899839, "iv": 0.0, "instrument_name": "BTC-26MAR21-40000-C", "index_price": 57055.66, "direction": "sell", "amount": 0.1}, {"trade_seq": 4496, "trade_id": "129361922", "timestamp": 1613843643978, "tick_direction": 1, "price": 0.338, "mark_price": 0.33860187, "iv": 110.02, "instrument_name": "BTC-26MAR21-40000-C", "index_price": 56943.2, "direction": "sell", "amount": 0.3}, {"trade_seq": 4495, "trade_id": "129361920", "timestamp": 1613843643773, "tick_direction": 1, "price": 0.338, "mark_price": 0.33860187, "iv": 110.02, "instrument_name": "BTC-26MAR21-40000-C", "index_price": 56943.2, "direction": "sell", "amount": 0.4}, {"trade_seq": 4494, "trade_id": "129361918", "timestamp": 1613843643718, "tick_direction": 0, "price": 0.338, "mark_price": 0.33860187, "iv": 110.02, "instrument_name": "BTC-26MAR21-40000-C", "index_price": 56943.2, "direction": "sell", "amount": 0.3}, {"trade_seq": 4493, "trade_id": "129344650", "timestamp": 1613838084307, "tick_direction": 1, "price": 0.335, "mark_price": 0.33346932, "iv": 115.88, "instrument_name": "BTC-26MAR21-40000-C", "index_price": 56429.58, "direction": "sell", "amount": 2.0}, {"trade_seq": 4492, "trade_id": "129343035", "timestamp": 1613837659765, "tick_direction": 0, "price": 0.335, "mark_price": 0.33459401, "iv": 113.77, "instrument_name": "BTC-26MAR21-40000-C", "index_price": 56533.2, "direction": "buy", "amount": 0.1}, {"trade_seq": 4491, "trade_id": "129334716", "timestamp": 1613835785412, "tick_direction": 1, "price": 0.33, "mark_price": 0.33053303, "iv": 112.03, "instrument_name": "BTC-26MAR21-40000-C", "index_price": 56054.7, "direction": "buy", "amount": 0.2}, {"trade_seq": 4490, "trade_id": "129334715", "timestamp": 1613835785274, "tick_direction": 0, "price": 0.33, "mark_price": 0.33057794, "iv": 111.93, "instrument_name": "BTC-26MAR21-40000-C", "index_price": 56059.73, "direction": "buy", "amount": 0.8}, {"trade_seq": 4489, "trade_id": "129262413", "timestamp": 1613811296397, "tick_direction": 2, "price": 0.3195, "mark_price": 0.32283775, "iv": 103.69, "instrument_name": "BTC-26MAR21-40000-C", "index_price": 55344.77, "direction": "sell", "amount": 0.3}, {"trade_seq": 4488, "trade_id": "129243575", "timestamp": 1613802211187, "tick_direction": 3, "price": 0.33, "mark_price": 0.33046666, "iv": 111.63, "instrument_name": "BTC-26MAR21-40000-C", "index_price": 55885.45, "direction": "buy", "amount": 6.7}, {"trade_seq": 4487, "trade_id": "129242867", "timestamp": 1613801865035, "tick_direction": 3, "price": 0.33, "mark_price": 0.33094464, "iv": 111.28, "instrument_name": "BTC-26MAR21-40000-C", "index_price": 55920.15, "direction": "buy", "amount": 0.3}, {"trade_seq": 4486, "trade_id": "129242866", "timestamp": 1613801864971, "tick_direction": 3, "price": 0.33, "mark_price": 0.33094464, "iv": 111.28, "instrument_name": "BTC-26MAR21-40000-C", "index_price": 55920.15, "direction": "buy", "amount": 0.1}, {"trade_seq": 4485, "trade_id": "129242864", "timestamp": 1613801864925, "tick_direction": 3, "price": 0.33, "mark_price": 0.33094464, "iv": 111.28, "instrument_name": "BTC-26MAR21-40000-C", "index_price": 55920.15, "direction": "buy", "amount": 0.1}, {"trade_seq": 4484, "trade_id": "129242863", "timestamp": 1613801864652, "tick_direction": 3, "price": 0.33, "mark_price": 0.33094464, "iv": 111.28, "instrument_name": "BTC-26MAR21-40000-C", "index_price": 55920.15, "direction": "buy", "amount": 0.3}, {"trade_seq": 4483, "trade_id": "129242862", "timestamp": 1613801864586, "tick_direction": 3, "price": 0.33, "mark_price": 0.33094464, "iv": 111.28, "instrument_name": "BTC-26MAR21-40000-C", "index_price": 55920.15, "direction": "buy", "amount": 0.2}, {"trade_seq": 4482, "trade_id": "129242839", "timestamp": 1613801864400, "tick_direction": 3, "price": 0.33, "mark_price": 0.33094464, "iv": 111.28, "instrument_name": "BTC-26MAR21-40000-C", "index_price": 55920.15, "direction": "buy", "amount": 0.1}, {"trade_seq": 4481, "trade_id": "129242836", "timestamp": 1613801864336, "tick_direction": 3, "price": 0.33, "mark_price": 0.33094464, "iv": 111.28, "instrument_name": "BTC-26MAR21-40000-C", "index_price": 55920.15, "direction": "buy", "amount": 0.1}, {"trade_seq": 4480, "trade_id": "129242832", "timestamp": 1613801864256, "tick_direction": 3, "price": 0.33, "mark_price": 0.33094464, "iv": 111.28, "instrument_name": "BTC-26MAR21-40000-C", "index_price": 55920.15, "direction": "buy", "amount": 0.2}, {"trade_seq": 4479, "trade_id": "129242831", "timestamp": 1613801864180, "tick_direction": 3, "price": 0.33, "mark_price": 0.33094464, "iv": 111.28, "instrument_name": "BTC-26MAR21-40000-C", "index_price": 55920.15, "direction": "buy", "amount": 0.1}, {"trade_seq": 4478, "trade_id": "129242828", "timestamp": 1613801864092, "tick_direction": 3, "price": 0.33, "mark_price": 0.33094098, "iv": 111.29, "instrument_name": "BTC-26MAR21-40000-C", "index_price": 55917.97, "direction": "buy", "amount": 0.1}, {"trade_seq": 4477, "trade_id": "129242809", "timestamp": 1613801852999, "tick_direction": 3, "price": 0.33, "mark_price": 0.33087835, "iv": 111.4, "instrument_name": "BTC-26MAR21-40000-C", "index_price": 55917.49, "direction": "buy", "amount": 0.1}, {"trade_seq": 4476, "trade_id": "129242804", "timestamp": 1613801850249, "tick_direction": 3, "price": 0.33, "mark_price": 0.33087777, "iv": 111.4, "instrument_name": "BTC-26MAR21-40000-C", "index_price": 55916.27, "direction": "buy", "amount": 0.1}, {"trade_seq": 4475, "trade_id": "129242765", "timestamp": 1613801771076, "tick_direction": 3, "price": 0.33, "mark_price": 0.33077397, "iv": 111.52, "instrument_name": "BTC-26MAR21-40000-C", "index_price": 55903.51, "direction": "buy", "amount": 0.1}, {"trade_seq": 4474, "trade_id": "129242299", "timestamp": 1613801362290, "tick_direction": 3, "price": 0.33, "mark_price": 0.33042314, "iv": 112.24, "instrument_name": "BTC-26MAR21-40000-C", "index_price": 55855.01, "direction": "buy", "amount": 0.1}, {"trade_seq": 4473, "trade_id": "129242298", "timestamp": 1613801362204, "tick_direction": 3, "price": 0.33, "mark_price": 0.33042314, "iv": 112.24, "instrument_name": "BTC-26MAR21-40000-C", "index_price": 55855.01, "direction": "buy", "amount": 0.1}, {"trade_seq": 4472, "trade_id": "129242224", "timestamp": 1613801333254, "tick_direction": 3, "price": 0.33, "mark_price": 0.33063814, "iv": 111.85, "instrument_name": "BTC-26MAR21-40000-C", "index_price": 55872.56, "direction": "buy", "amount": 0.1}, {"trade_seq": 4471, "trade_id": "129242223", "timestamp": 1613801333251, "tick_direction": 3, "price": 0.33, "mark_price": 0.33063814, "iv": 111.85, "instrument_name": "BTC-26MAR21-40000-C", "index_price": 55872.56, "direction": "buy", "amount": 0.2}, {"trade_seq": 4470, "trade_id": "129242206", "timestamp": 1613801332950, "tick_direction": 3, "price": 0.33, "mark_price": 0.33062629, "iv": 111.86, "instrument_name": "BTC-26MAR21-40000-C", "index_price": 55869.35, "direction": "buy", "amount": 0.1}, {"trade_seq": 4469, "trade_id": "129242197", "timestamp": 1613801323565, "tick_direction": 3, "price": 0.33, "mark_price": 0.33045203, "iv": 112.18, "instrument_name": "BTC-26MAR21-40000-C", "index_price": 55858.69, "direction": "buy", "amount": 0.2}, {"trade_seq": 4468, "trade_id": "129242176", "timestamp": 1613801306090, "tick_direction": 3, "price": 0.33, "mark_price": 0.33033707, "iv": 112.39, "instrument_name": "BTC-26MAR21-40000-C", "index_price": 55849.89, "direction": "buy", "amount": 0.1}, {"trade_seq": 4467, "trade_id": "129242175", "timestamp": 1613801306037, "tick_direction": 3, "price": 0.33, "mark_price": 0.33033707, "iv": 112.39, "instrument_name": "BTC-26MAR21-40000-C", "index_price": 55849.89, "direction": "buy", "amount": 0.1}, {"trade_seq": 4466, "trade_id": "129242174", "timestamp": 1613801305948, "tick_direction": 3, "price": 0.33, "mark_price": 0.33033707, "iv": 112.39, "instrument_name": "BTC-26MAR21-40000-C", "index_price": 55849.09, "direction": "buy", "amount": 0.2}, {"trade_seq": 4465, "trade_id": "129242173", "timestamp": 1613801305869, "tick_direction": 3, "price": 0.33, "mark_price": 0.33033707, "iv": 112.39, "instrument_name": "BTC-26MAR21-40000-C", "index_price": 55849.09, "direction": "buy", "amount": 0.1}, {"trade_seq": 4464, "trade_id": "129242157", "timestamp": 1613801304672, "tick_direction": 2, "price": 0.33, "mark_price": 0.33033606, "iv": 112.39, "instrument_name": "BTC-26MAR21-40000-C", "index_price": 55849.22, "direction": "buy", "amount": 0.1}, {"trade_seq": 4463, "trade_id": "129234616", "timestamp": 1613798704453, "tick_direction": 1, "price": 0.3305, "mark_price": 0.33033344, "iv": 113.77, "instrument_name": "BTC-26MAR21-40000-C", "index_price": 55809.03, "direction": "sell", "amount": 2.0}, {"trade_seq": 4462, "trade_id": "129226238", "timestamp": 1613794624932, "tick_direction": 0, "price": 0.3305, "mark_price": 0.33017697, "iv": 113.36, "instrument_name": "BTC-26MAR21-40000-C", "index_price": 55852.79, "direction": "sell", "amount": 2.0}, {"trade_seq": 4461, "trade_id": "129201753", "timestamp": 1613784178236, "tick_direction": 0, "price": 0.3285, "mark_price": 0.33181045, "iv": 106.6, "instrument_name": "BTC-26MAR21-40000-C", "index_price": 56150.24, "direction": "sell", "amount": 0.2}, {"trade_seq": 4460, "trade_id": "129166280", "timestamp": 1613775993423, "tick_direction": 0, "price": 0.32, "mark_price": 0.328782, "iv": 94.52, "instrument_name": "BTC-26MAR21-40000-C", "index_price": 55754.91, "direction": "buy", "amount": 1.0}, {"trade_seq": 4459, "trade_id": "129160242", "timestamp": 1613772473085, "tick_direction": 2, "price": 0.306, "mark_price": 0.3254674, "iv": 62.89, "instrument_name": "BTC-26MAR21-40000-C", "index_price": 55482.27, "direction": "sell", "amount": 0.1}, {"trade_seq": 4458, "trade_id": "129150925", "timestamp": 1613770305079, "tick_direction": 2, "price": 0.33, "mark_price": 0.33343011, "iv": 106.5, "instrument_name": "BTC-26MAR21-40000-C", "index_price": 56066.69, "direction": "buy", "amount": 1.0}, {"trade_seq": 4457, "trade_id": "129142902", "timestamp": 1613769102485, "tick_direction": 0, "price": 0.333, "mark_price": 0.33316812, "iv": 112.36, "instrument_name": "BTC-26MAR21-40000-C", "index_price": 56008.82, "direction": "buy", "amount": 0.1}, {"trade_seq": 4456, "trade_id": "129128692", "timestamp": 1613765161377, "tick_direction": 3, "price": 0.324, "mark_price": 0.32374358, "iv": 110.62, "instrument_name": "BTC-26MAR21-40000-C", "index_price": 55170.37, "direction": "buy", "amount": 0.1}, {"trade_seq": 4455, "trade_id": "129128687", "timestamp": 1613765161158, "tick_direction": 3, "price": 0.324, "mark_price": 0.32374358, "iv": 110.62, "instrument_name": "BTC-26MAR21-40000-C", "index_price": 55170.37, "direction": "buy", "amount": 0.1}, {"trade_seq": 4454, "trade_id": "129128686", "timestamp": 1613765161059, "tick_direction": 3, "price": 0.324, "mark_price": 0.32374358, "iv": 110.8, "instrument_name": "BTC-26MAR21-40000-C", "index_price": 55162.85, "direction": "buy", "amount": 0.2}, {"trade_seq": 4453, "trade_id": "129128680", "timestamp": 1613765159535, "tick_direction": 3, "price": 0.324, "mark_price": 0.3236942, "iv": 110.89, "instrument_name": "BTC-26MAR21-40000-C", "index_price": 55155.36, "direction": "buy", "amount": 0.1}, {"trade_seq": 4452, "trade_id": "129128678", "timestamp": 1613765159144, "tick_direction": 3, "price": 0.324, "mark_price": 0.3236942, "iv": 110.89, "instrument_name": "BTC-26MAR21-40000-C", "index_price": 55155.36, "direction": "buy", "amount": 0.3}, {"trade_seq": 4451, "trade_id": "129128327", "timestamp": 1613765010180, "tick_direction": 3, "price": 0.324, "mark_price": 0.32407523, "iv": 110.23, "instrument_name": "BTC-26MAR21-40000-C", "index_price": 55157.7, "direction": "buy", "amount": 0.1}, {"trade_seq": 4450, "trade_id": "129128311", "timestamp": 1613765005118, "tick_direction": 3, "price": 0.324, "mark_price": 0.32398757, "iv": 110.35, "instrument_name": "BTC-26MAR21-40000-C", "index_price": 55150.69, "direction": "buy", "amount": 0.1}, {"trade_seq": 4449, "trade_id": "129128287", "timestamp": 1613765000286, "tick_direction": 3, "price": 0.324, "mark_price": 0.32394094, "iv": 110.4, "instrument_name": "BTC-26MAR21-40000-C", "index_price": 55146.05, "direction": "buy", "amount": 0.1}, {"trade_seq": 4448, "trade_id": "129128285", "timestamp": 1613764999734, "tick_direction": 3, "price": 0.324, "mark_price": 0.32394094, "iv": 110.43, "instrument_name": "BTC-26MAR21-40000-C", "index_price": 55144.65, "direction": "buy", "amount": 0.2}, {"trade_seq": 4447, "trade_id": "129128278", "timestamp": 1613764998282, "tick_direction": 3, "price": 0.324, "mark_price": 0.32385713, "iv": 110.49, "instrument_name": "BTC-26MAR21-40000-C", "index_price": 55141.98, "direction": "buy", "amount": 0.1}, {"trade_seq": 4446, "trade_id": "129128277", "timestamp": 1613764998173, "tick_direction": 2, "price": 0.324, "mark_price": 0.32385713, "iv": 110.49, "instrument_name": "BTC-26MAR21-40000-C", "index_price": 55141.98, "direction": "buy", "amount": 0.2}, {"trade_seq": 4445, "trade_id": "129117984", "timestamp": 1613761952888, "tick_direction": 3, "price": 0.3255, "mark_price": 0.32593751, "iv": 110.71, "instrument_name": "BTC-26MAR21-40000-C", "index_price": 55232.39, "direction": "sell", "amount": 1.0}, {"trade_seq": 4444, "trade_id": "129117980", "timestamp": 1613761952829, "tick_direction": 2, "price": 0.3255, "mark_price": 0.32593751, "iv": 110.7, "instrument_name": "BTC-26MAR21-40000-C", "index_price": 55234.69, "direction": "sell", "amount": 0.6}, {"trade_seq": 4443, "trade_id": "129116328", "timestamp": 1613761670182, "tick_direction": 1, "price": 0.328, "mark_price": 0.32810439, "iv": 111.26, "instrument_name": "BTC-26MAR21-40000-C", "index_price": 55468.1, "direction": "sell", "amount": 0.2}, {"trade_seq": 4442, "trade_id": "129116326", "timestamp": 1613761670088, "tick_direction": 1, "price": 0.328, "mark_price": 0.32810439, "iv": 111.26, "instrument_name": "BTC-26MAR21-40000-C", "index_price": 55468.1, "direction": "sell", "amount": 0.1}, {"trade_seq": 4441, "trade_id": "129116321", "timestamp": 1613761669964, "tick_direction": 1, "price": 0.328, "mark_price": 0.32810439, "iv": 111.26, "instrument_name": "BTC-26MAR21-40000-C", "index_price": 55468.1, "direction": "sell", "amount": 0.1}, {"trade_seq": 4440, "trade_id": "129110684", "timestamp": 1613761156463, "tick_direction": 0, "price": 0.328, "mark_price": 0.32702825, "iv": 113.06, "instrument_name": "BTC-26MAR21-40000-C", "index_price": 55388.89, "direction": "buy", "amount": 0.1}, {"trade_seq": 4439, "trade_id": "129105891", "timestamp": 1613760743708, "tick_direction": 1, "price": 0.3235, "mark_price": 0.3242912, "iv": 110.19, "instrument_name": "BTC-26MAR21-40000-C", "index_price": 55078.24, "direction": "buy", "amount": 0.2}, {"trade_seq": 4438, "trade_id": "129105881", "timestamp": 1613760743606, "tick_direction": 1, "price": 0.3235, "mark_price": 0.3242617, "iv": 110.24, "instrument_name": "BTC-26MAR21-40000-C", "index_price": 55073.85, "direction": "buy", "amount": 0.1}, {"trade_seq": 4437, "trade_id": "129105817", "timestamp": 1613760739133, "tick_direction": 1, "price": 0.3235, "mark_price": 0.32413819, "iv": 110.47, "instrument_name": "BTC-26MAR21-40000-C", "index_price": 55057.18, "direction": "buy", "amount": 0.2}, {"trade_seq": 4436, "trade_id": "129105815", "timestamp": 1613760739042, "tick_direction": 1, "price": 0.3235, "mark_price": 0.32413819, "iv": 110.47, "instrument_name": "BTC-26MAR21-40000-C", "index_price": 55057.18, "direction": "buy", "amount": 0.1}, {"trade_seq": 4435, "trade_id": "129105793", "timestamp": 1613760738755, "tick_direction": 1, "price": 0.3235, "mark_price": 0.32413819, "iv": 110.47, "instrument_name": "BTC-26MAR21-40000-C", "index_price": 55057.18, "direction": "buy", "amount": 0.1}, {"trade_seq": 4434, "trade_id": "129105792", "timestamp": 1613760738666, "tick_direction": 0, "price": 0.3235, "mark_price": 0.32413819, "iv": 110.47, "instrument_name": "BTC-26MAR21-40000-C", "index_price": 55057.18, "direction": "buy", "amount": 0.1}, {"trade_seq": 4433, "trade_id": "129099881", "timestamp": 1613759104570, "tick_direction": 1, "price": 0.322, "mark_price": 0.32241151, "iv": 110.95, "instrument_name": "BTC-26MAR21-40000-C", "index_price": 54873.02, "direction": "buy", "amount": 1.2}, {"trade_seq": 4432, "trade_id": "129099878", "timestamp": 1613759100664, "tick_direction": 1, "price": 0.322, "mark_price": 0.32238473, "iv": 111.0, "instrument_name": "BTC-26MAR21-40000-C", "index_price": 54871.26, "direction": "buy", "amount": 0.1}, {"trade_seq": 4431, "trade_id": "129099877", "timestamp": 1613759100535, "tick_direction": 1, "price": 0.322, "mark_price": 0.32238473, "iv": 111.0, "instrument_name": "BTC-26MAR21-40000-C", "index_price": 54871.26, "direction": "buy", "amount": 0.1}, {"trade_seq": 4430, "trade_id": "129099825", "timestamp": 1613759065026, "tick_direction": 1, "price": 0.322, "mark_price": 0.32243437, "iv": 110.8, "instrument_name": "BTC-26MAR21-40000-C", "index_price": 54872.78, "direction": "buy", "amount": 0.1}, {"trade_seq": 4429, "trade_id": "129099072", "timestamp": 1613758934683, "tick_direction": 1, "price": 0.322, "mark_price": 0.3225174, "iv": 110.74, "instrument_name": "BTC-26MAR21-40000-C", "index_price": 54879.47, "direction": "buy", "amount": 0.3}, {"trade_seq": 4428, "trade_id": "129099035", "timestamp": 1613758918706, "tick_direction": 0, "price": 0.322, "mark_price": 0.32212838, "iv": 111.4, "instrument_name": "BTC-26MAR21-40000-C", "index_price": 54843.17, "direction": "buy", "amount": 0.4}, {"trade_seq": 4427, "trade_id": "129084724", "timestamp": 1613754918402, "tick_direction": 2, "price": 0.319, "mark_price": 0.3175719, "iv": 111.48, "instrument_name": "BTC-26MAR21-40000-C", "index_price": 54564.19, "direction": "buy", "amount": 0.1}