{"trades": [{"trade_seq": 41, "trade_id": "194550978", "timestamp": 1639165118605, "tick_direction": 0, "price": 0.5455, "mark_price": 0.5455899, "iv": 136.74, "instrument_name": "BTC-31DEC21-22000-C", "index_price": 48172.13, "direction": "buy", "amount": 0.1}, {"trade_seq": 40, "trade_id": "194550166", "timestamp": 1639164689146, "tick_direction": 2, "price": 0.5445, "mark_price": 0.54470498, "iv": 134.53, "instrument_name": "BTC-31DEC21-22000-C", "index_price": 48071.6, "direction": "buy", "amount": 0.1}, {"trade_seq": 39, "trade_id": "183090811", "timestamp": 1633526018470, "tick_direction": 2, "price": 0.6165, "mark_price": 0.61140817, "iv": 124.16, "instrument_name": "BTC-31DEC21-22000-C", "index_price": 54618.0, "direction": "buy", "amount": 0.5}, {"trade_seq": 38, "trade_id": "183084848", "timestamp": 1633525939501, "tick_direction": 1, "price": 0.618, "mark_price": 0.61048883, "iv": 131.99, "instrument_name": "BTC-31DEC21-22000-C", "index_price": 54258.54, "direction": "sell", "amount": 0.8}, {"trade_seq": 37, "trade_id": "183084841", "timestamp": 1633525939474, "tick_direction": 1, "price": 0.618, "mark_price": 0.61048883, "iv": 131.99, "instrument_name": "BTC-31DEC21-22000-C", "index_price": 54258.54, "direction": "sell", "amount": 0.1}, {"trade_seq": 36, "trade_id": "183083937", "timestamp": 1633525932482, "tick_direction": 1, "price": 0.618, "mark_price": 0.61085428, "iv": 131.15, "instrument_name": "BTC-31DEC21-22000-C", "index_price": 54212.54, "direction": "sell", "amount": 0.6}, {"trade_seq": 35, "trade_id": "183083934", "timestamp": 1633525932469, "tick_direction": 0, "price": 0.618, "mark_price": 0.61085428, "iv": 131.15, "instrument_name": "BTC-31DEC21-22000-C", "index_price": 54212.54, "direction": "sell", "amount": 0.1}, {"trade_seq": 34, "trade_id": "173350947", "timestamp": 1628265799467, "tick_direction": 1, "price": 0.529, "mark_price": 0.52772191, "iv": 96.67, "instrument_name": "BTC-31DEC21-22000-C", "index_price": 42653.14, "direction": "buy", "amount": 0.6}, {"trade_seq": 33, "trade_id": "173350938", "timestamp": 1628265799385, "tick_direction": 1, "price": 0.529, "mark_price": 0.52772191, "iv": 96.67, "instrument_name": "BTC-31DEC21-22000-C", "index_price": 42653.14, "direction": "buy", "amount": 0.1}, {"trade_seq": 32, "trade_id": "173350935", "timestamp": 1628265799344, "tick_direction": 0, "price": 0.529, "mark_price": 0.52772191, "iv": 96.67, "instrument_name": "BTC-31DEC21-22000-C", "index_price": 42653.14, "direction": "buy", "amount": 7.2}, {"trade_seq": 31, "trade_id": "160067880", "timestamp": 1622875898966, "tick_direction": 2, "price": 0.515, "mark_price": 0.51347936, "iv": 103.21, "instrument_name": "BTC-31DEC21-22000-C", "index_price": 37755.01, "direction": "sell", "amount": 0.1}, {"trade_seq": 30, "trade_id": "135583619", "timestamp": 1615645878959, "tick_direction": 0, "price": 0.72, "mark_price": 0.71278684, "iv": 109.36, "instrument_name": "BTC-31DEC21-22000-C", "index_price": 60041.25, "direction": "sell", "amount": 0.1}, {"trade_seq": 29, "trade_id": "121544410", "timestamp": 1611533676246, "tick_direction": 0, "price": 0.52, "mark_price": 0.52416786, "iv": 96.92, "instrument_name": "BTC-31DEC21-22000-C", "index_price": 32471.5, "direction": "buy", "amount": 0.1}, {"trade_seq": 28, "trade_id": "121541198", "timestamp": 1611532687125, "tick_direction": 3, "price": 0.515, "mark_price": 0.52284007, "iv": 95.61, "instrument_name": "BTC-31DEC21-22000-C", "index_price": 32303.52, "direction": "buy", "amount": 0.1}, {"trade_seq": 27, "trade_id": "121541189", "timestamp": 1611532683684, "tick_direction": 3, "price": 0.515, "mark_price": 0.52287478, "iv": 95.61, "instrument_name": "BTC-31DEC21-22000-C", "index_price": 32298.17, "direction": "buy", "amount": 0.1}, {"trade_seq": 26, "trade_id": "121541185", "timestamp": 1611532678451, "tick_direction": 3, "price": 0.515, "mark_price": 0.52282869, "iv": 95.63, "instrument_name": "BTC-31DEC21-22000-C", "index_price": 32294.88, "direction": "buy", "amount": 0.1}, {"trade_seq": 25, "trade_id": "121541184", "timestamp": 1611532674754, "tick_direction": 3, "price": 0.515, "mark_price": 0.52280396, "iv": 95.65, "instrument_name": "BTC-31DEC21-22000-C", "index_price": 32291.06, "direction": "buy", "amount": 0.1}, {"trade_seq": 24, "trade_id": "121541180", "timestamp": 1611532670010, "tick_direction": 3, "price": 0.515, "mark_price": 0.52291838, "iv": 95.6, "instrument_name": "BTC-31DEC21-22000-C", "index_price": 32302.12, "direction": "buy", "amount": 0.1}, {"trade_seq": 23, "trade_id": "121541174", "timestamp": 1611532664459, "tick_direction": 3, "price": 0.515, "mark_price": 0.5229783, "iv": 95.58, "instrument_name": "BTC-31DEC21-22000-C", "index_price": 32304.19, "direction": "buy", "amount": 0.1}, {"trade_seq": 22, "trade_id": "121541100", "timestamp": 1611532651007, "tick_direction": 3, "price": 0.515, "mark_price": 0.52291101, "iv": 95.6, "instrument_name": "BTC-31DEC21-22000-C", "index_price": 32289.03, "direction": "buy", "amount": 0.1}, {"trade_seq": 21, "trade_id": "121541064", "timestamp": 1611532631233, "tick_direction": 2, "price": 0.515, "mark_price": 0.52289353, "iv": 95.62, "instrument_name": "BTC-31DEC21-22000-C", "index_price": 32278.27, "direction": "buy", "amount": 0.1}, {"trade_seq": 20, "trade_id": "116181701", "timestamp": 1610330481740, "tick_direction": 3, "price": 0.603, "mark_price": 0.59651467, "iv": 111.89, "instrument_name": "BTC-31DEC21-22000-C", "index_price": 37344.38, "direction": "sell", "amount": 0.1}, {"trade_seq": 19, "trade_id": "116181339", "timestamp": 1610330431571, "tick_direction": 2, "price": 0.603, "mark_price": 0.5967834, "iv": 111.8, "instrument_name": "BTC-31DEC21-22000-C", "index_price": 37365.43, "direction": "sell", "amount": 0.1}, {"trade_seq": 18, "trade_id": "116180966", "timestamp": 1610330383448, "tick_direction": 2, "price": 0.604, "mark_price": 0.59604718, "iv": 112.63, "instrument_name": "BTC-31DEC21-22000-C", "index_price": 37241.78, "direction": "sell", "amount": 0.1}, {"trade_seq": 17, "trade_id": "116180388", "timestamp": 1610330255447, "tick_direction": 0, "price": 0.605, "mark_price": 0.59573843, "iv": 113.19, "instrument_name": "BTC-31DEC21-22000-C", "index_price": 37209.97, "direction": "sell", "amount": 0.1}, {"trade_seq": 16, "trade_id": "116149767", "timestamp": 1610326097866, "tick_direction": 2, "price": 0.6, "mark_price": 0.60488317, "iv": 111.96, "instrument_name": "BTC-31DEC21-22000-C", "index_price": 36885.18, "direction": "sell", "amount": 0.1}, {"trade_seq": 15, "trade_id": "116133929", "timestamp": 1610323677036, "tick_direction": 2, "price": 0.615, "mark_price": 0.6026556, "iv": 116.34, "instrument_name": "BTC-31DEC21-22000-C", "index_price": 37820.17, "direction": "sell", "amount": 0.1}, {"trade_seq": 14, "trade_id": "116133802", "timestamp": 1610323650423, "tick_direction": 0, "price": 0.619, "mark_price": 0.60194482, "iv": 118.48, "instrument_name": "BTC-31DEC21-22000-C", "index_price": 37753.2, "direction": "buy", "amount": 0.1}, {"trade_seq": 13, "trade_id": "116089633", "timestamp": 1610314621257, "tick_direction": 2, "price": 0.615, "mark_price": 0.60138763, "iv": 116.09, "instrument_name": "BTC-31DEC21-22000-C", "index_price": 37956.88, "direction": "sell", "amount": 0.1}, {"trade_seq": 12, "trade_id": "116089371", "timestamp": 1610314596969, "tick_direction": 1, "price": 0.62, "mark_price": 0.60167011, "iv": 118.39, "instrument_name": "BTC-31DEC21-22000-C", "index_price": 38015.9, "direction": "sell", "amount": 0.1}, {"trade_seq": 11, "trade_id": "115866223", "timestamp": 1610287417385, "tick_direction": 0, "price": 0.62, "mark_price": 0.62570643, "iv": 112.28, "instrument_name": "BTC-31DEC21-22000-C", "index_price": 39636.51, "direction": "sell", "block_trade_id": "5970", "amount": 19.4}, {"trade_seq": 10, "trade_id": "115864041", "timestamp": 1610286783168, "tick_direction": 2, "price": 0.6187, "mark_price": 0.62427663, "iv": 110.8, "instrument_name": "BTC-31DEC21-22000-C", "index_price": 39810.03, "direction": "sell", "block_trade_id": "5968", "amount": 246.3}, {"trade_seq": 9, "trade_id": "115863397", "timestamp": 1610286611755, "tick_direction": 0, "price": 0.6192, "mark_price": 0.62507212, "iv": 110.61, "instrument_name": "BTC-31DEC21-22000-C", "index_price": 39865.79, "direction": "sell", "block_trade_id": "5967", "amount": 50.0}, {"trade_seq": 8, "trade_id": "115861458", "timestamp": 1610285886511, "tick_direction": 2, "price": 0.6191, "mark_price": 0.62375366, "iv": 109.6, "instrument_name": "BTC-31DEC21-22000-C", "index_price": 40000.32, "direction": "sell", "block_trade_id": "5965", "amount": 50.0}, {"trade_seq": 7, "trade_id": "115861345", "timestamp": 1610285823466, "tick_direction": 2, "price": 0.6194, "mark_price": 0.62416779, "iv": 109.76, "instrument_name": "BTC-31DEC21-22000-C", "index_price": 40010.36, "direction": "sell", "block_trade_id": "5964", "amount": 50.0}, {"trade_seq": 6, "trade_id": "115860993", "timestamp": 1610285664118, "tick_direction": 0, "price": 0.6201, "mark_price": 0.6251628, "iv": 110.18, "instrument_name": "BTC-31DEC21-22000-C", "index_price": 40102.3, "direction": "sell", "block_trade_id": "5963", "amount": 50.0}, {"trade_seq": 5, "trade_id": "115860433", "timestamp": 1610285603207, "tick_direction": 2, "price": 0.6195, "mark_price": 0.6254228, "iv": 110.04, "instrument_name": "BTC-31DEC21-22000-C", "index_price": 40093.33, "direction": "sell", "block_trade_id": "5962", "amount": 50.0}, {"trade_seq": 4, "trade_id": "115855820", "timestamp": 1610284645059, "tick_direction": 2, "price": 0.6202, "mark_price": 0.62627381, "iv": 110.32, "instrument_name": "BTC-31DEC21-22000-C", "index_price": 40048.93, "direction": "sell", "block_trade_id": "5961", "amount": 100.0}, {"trade_seq": 3, "trade_id": "115855728", "timestamp": 1610284621393, "tick_direction": 0, "price": 0.6205, "mark_price": 0.62634636, "iv": 110.43, "instrument_name": "BTC-31DEC21-22000-C", "index_price": 40075.2, "direction": "sell", "block_trade_id": "5960", "amount": 50.0}, {"trade_seq": 2, "trade_id": "115852452", "timestamp": 1610284018480, "tick_direction": 0, "price": 0.6182, "mark_price": 0.62489802, "iv": 110.33, "instrument_name": "BTC-31DEC21-22000-C", "index_price": 39806.85, "direction": "sell", "block_trade_id": "5959", "amount": 100.0}, {"trade_seq": 1, "trade_id": "115850733", "timestamp": 1610283636384, "tick_direction": 1, "price": 0.6175, "mark_price": 0.62401657, "iv": 110.53, "instrument_name": "BTC-31DEC21-22000-C", "index_price": 39576.02, "direction": "sell", "block_trade_id": "5958", "amount": 100.0}], "has_more": false}