{"trades": [{"trade_seq": 145, "trade_id": "3189688", "timestamp": 1514022087517, "tick_direction": 3, "price": 0.658, "mark_price": 0.6823723, "iv": 0.0, "instrument_name": "BTC-29DEC17-4500-C", "index_price": 14501.32, "direction": "buy", "amount": 0.2}, {"trade_seq": 144, "trade_id": "3189674", "timestamp": 1514022087381, "tick_direction": 2, "price": 0.658, "mark_price": 0.6823723, "iv": 0.0, "instrument_name": "BTC-29DEC17-4500-C", "index_price": 14538.62, "direction": "buy", "amount": 1.0}, {"trade_seq": 143, "trade_id": "3111729", "timestamp": 1513929398086, "tick_direction": 2, "price": 0.6681, "mark_price": 0.66114483, "iv": 465.48, "instrument_name": "BTC-29DEC17-4500-C", "index_price": 13246.22, "direction": "sell", "amount": 1.2}, {"trade_seq": 142, "trade_id": "2969982", "timestamp": 1513717941484, "tick_direction": 3, "price": 0.7435, "mark_price": 0.74415814, "iv": 0.0, "instrument_name": "BTC-29DEC17-4500-C", "index_price": 17437.24, "direction": "buy", "amount": 0.3}, {"trade_seq": 141, "trade_id": "2969897", "timestamp": 1513717929212, "tick_direction": 2, "price": 0.7435, "mark_price": 0.74690664, "iv": 0.0, "instrument_name": "BTC-29DEC17-4500-C", "index_price": 17448.72, "direction": "buy", "amount": 2.2}, {"trade_seq": 140, "trade_id": "2851012", "timestamp": 1513557257593, "tick_direction": 0, "price": 0.7609, "mark_price": 0.75675689, "iv": 428.18, "instrument_name": "BTC-29DEC17-4500-C", "index_price": 18615.62, "direction": "sell", "amount": 1.0}, {"trade_seq": 139, "trade_id": "2643145", "timestamp": 1513185120434, "tick_direction": 2, "price": 0.745, "mark_price": 0.74105153, "iv": 345.92, "instrument_name": "BTC-29DEC17-4500-C", "index_price": 16641.41, "direction": "sell", "amount": 0.1}, {"trade_seq": 138, "trade_id": "2603887", "timestamp": 1513089040312, "tick_direction": 0, "price": 0.754, "mark_price": 0.75046343, "iv": 336.68, "instrument_name": "BTC-29DEC17-4500-C", "index_price": 17054.86, "direction": "sell", "amount": 1.0}, {"trade_seq": 137, "trade_id": "2211805", "timestamp": 1512664734947, "tick_direction": 2, "price": 0.7186, "mark_price": 0.71927636, "iv": 0.0, "instrument_name": "BTC-29DEC17-4500-C", "index_price": 15615.38, "direction": "buy", "amount": 1.0}, {"trade_seq": 136, "trade_id": "2211804", "timestamp": 1512664734932, "tick_direction": 0, "price": 0.7193, "mark_price": 0.71927636, "iv": 157.21, "instrument_name": "BTC-29DEC17-4500-C", "index_price": 15828.56, "direction": "sell", "amount": 1.0}, {"trade_seq": 135, "trade_id": "2192576", "timestamp": 1512659206204, "tick_direction": 0, "price": 0.7136, "mark_price": 0.71009548, "iv": 264.53, "instrument_name": "BTC-29DEC17-4500-C", "index_price": 15472.66, "direction": "sell", "amount": 0.1}, {"trade_seq": 134, "trade_id": "2177059", "timestamp": 1512644616203, "tick_direction": 0, "price": 0.7132, "mark_price": 0.69974582, "iv": 335.57, "instrument_name": "BTC-29DEC17-4500-C", "index_price": 14930.72, "direction": "buy", "amount": 1.0}, {"trade_seq": 133, "trade_id": "2174839", "timestamp": 1512641898567, "tick_direction": 0, "price": 0.6899, "mark_price": 0.69686584, "iv": 0.0, "instrument_name": "BTC-29DEC17-4500-C", "index_price": 14880.14, "direction": "sell", "amount": 0.1}, {"trade_seq": 132, "trade_id": "2150735", "timestamp": 1512606776515, "tick_direction": 1, "price": 0.683, "mark_price": 0.67830084, "iv": 252.8, "instrument_name": "BTC-29DEC17-4500-C", "index_price": 14055.3, "direction": "sell", "amount": 0.2}, {"trade_seq": 131, "trade_id": "2150724", "timestamp": 1512606773574, "tick_direction": 1, "price": 0.683, "mark_price": 0.67830084, "iv": 252.8, "instrument_name": "BTC-29DEC17-4500-C", "index_price": 14065.34, "direction": "sell", "amount": 0.1}, {"trade_seq": 130, "trade_id": "2150605", "timestamp": 1512606674461, "tick_direction": 1, "price": 0.683, "mark_price": 0.67927917, "iv": 243.23, "instrument_name": "BTC-29DEC17-4500-C", "index_price": 14063.85, "direction": "sell", "amount": 0.1}, {"trade_seq": 129, "trade_id": "2150512", "timestamp": 1512606665996, "tick_direction": 1, "price": 0.683, "mark_price": 0.68018362, "iv": 232.79, "instrument_name": "BTC-29DEC17-4500-C", "index_price": 14064.83, "direction": "sell", "amount": 0.1}, {"trade_seq": 128, "trade_id": "2150136", "timestamp": 1512605860901, "tick_direction": 0, "price": 0.683, "mark_price": 0.68017067, "iv": 232.9, "instrument_name": "BTC-29DEC17-4500-C", "index_price": 13869.12, "direction": "sell", "amount": 0.1}, {"trade_seq": 127, "trade_id": "2144290", "timestamp": 1512601366195, "tick_direction": 0, "price": 0.6716, "mark_price": 0.66397573, "iv": 267.2, "instrument_name": "BTC-29DEC17-4500-C", "index_price": 13705.42, "direction": "buy", "amount": 1.0}, {"trade_seq": 126, "trade_id": "2121655", "timestamp": 1512569521424, "tick_direction": 0, "price": 0.6563, "mark_price": 0.65053679, "iv": 242.41, "instrument_name": "BTC-29DEC17-4500-C", "index_price": 12731.97, "direction": "buy", "amount": 2.5}, {"trade_seq": 125, "trade_id": "2094235", "timestamp": 1512500039856, "tick_direction": 0, "price": 0.6261, "mark_price": 0.62086672, "iv": 217.24, "instrument_name": "BTC-29DEC17-4500-C", "index_price": 11725.24, "direction": "buy", "amount": 1.9}, {"trade_seq": 124, "trade_id": "2088145", "timestamp": 1512484609084, "tick_direction": 0, "price": 0.6256, "mark_price": 0.62520009, "iv": 151.17, "instrument_name": "BTC-29DEC17-4500-C", "index_price": 11827.11, "direction": "sell", "amount": 2.5}, {"trade_seq": 123, "trade_id": "2052734", "timestamp": 1512379195655, "tick_direction": 0, "price": 0.6161, "mark_price": 0.61565107, "iv": 145.79, "instrument_name": "BTC-29DEC17-4500-C", "index_price": 11555.03, "direction": "sell", "amount": 0.5}, {"trade_seq": 122, "trade_id": "2022870", "timestamp": 1512337031737, "tick_direction": 2, "price": 0.5885, "mark_price": 0.59092596, "iv": 0.0, "instrument_name": "BTC-29DEC17-4500-C", "index_price": 11330.81, "direction": "buy", "amount": 1.0}, {"trade_seq": 121, "trade_id": "1979069", "timestamp": 1512240633779, "tick_direction": 2, "price": 0.5962, "mark_price": 0.59501193, "iv": 151.48, "instrument_name": "BTC-29DEC17-4500-C", "index_price": 10971.3, "direction": "sell", "amount": 2.5}, {"trade_seq": 120, "trade_id": "1779319", "timestamp": 1511968742166, "tick_direction": 1, "price": 0.6036, "mark_price": 0.59645856, "iv": 193.57, "instrument_name": "BTC-29DEC17-4500-C", "index_price": 11027.29, "direction": "sell", "amount": 0.5}, {"trade_seq": 119, "trade_id": "1779298", "timestamp": 1511968737819, "tick_direction": 1, "price": 0.6036, "mark_price": 0.59739099, "iv": 188.64, "instrument_name": "BTC-29DEC17-4500-C", "index_price": 11037.13, "direction": "sell", "amount": 0.5}, {"trade_seq": 118, "trade_id": "1779277", "timestamp": 1511968730144, "tick_direction": 0, "price": 0.6036, "mark_price": 0.5972112, "iv": 189.62, "instrument_name": "BTC-29DEC17-4500-C", "index_price": 11028.91, "direction": "sell", "amount": 0.5}, {"trade_seq": 117, "trade_id": "1696522", "timestamp": 1511725593947, "tick_direction": 2, "price": 0.5158, "mark_price": 0.51783688, "iv": 0.0, "instrument_name": "BTC-29DEC17-4500-C", "index_price": 9203.11, "direction": "sell", "amount": 1.0}, {"trade_seq": 116, "trade_id": "1694106", "timestamp": 1511722679803, "tick_direction": 0, "price": 0.53, "mark_price": 0.52990054, "iv": 90.32, "instrument_name": "BTC-29DEC17-4500-C", "index_price": 9457.61, "direction": "buy", "amount": 1.0}, {"trade_seq": 115, "trade_id": "1688273", "timestamp": 1511712151226, "tick_direction": 0, "price": 0.5176, "mark_price": 0.51030808, "iv": 150.2, "instrument_name": "BTC-29DEC17-4500-C", "index_price": 9099.91, "direction": "buy", "amount": 0.9}, {"trade_seq": 114, "trade_id": "1676909", "timestamp": 1511661741464, "tick_direction": 0, "price": 0.5, "mark_price": 0.49615416, "iv": 127.15, "instrument_name": "BTC-29DEC17-4500-C", "index_price": 8838.96, "direction": "buy", "amount": 0.1}, {"trade_seq": 113, "trade_id": "1634636", "timestamp": 1511455167875, "tick_direction": 2, "price": 0.445, "mark_price": 0.45133068, "iv": 0.0, "instrument_name": "BTC-29DEC17-4500-C", "index_price": 8180.09, "direction": "sell", "amount": 0.2}, {"trade_seq": 112, "trade_id": "1588644", "timestamp": 1511282387864, "tick_direction": 2, "price": 0.4709, "mark_price": 0.46994969, "iv": 100.37, "instrument_name": "BTC-29DEC17-4500-C", "index_price": 8336.49, "direction": "sell", "amount": 1.0}, {"trade_seq": 111, "trade_id": "1588638", "timestamp": 1511282371987, "tick_direction": 0, "price": 0.4712, "mark_price": 0.4700043, "iv": 102.14, "instrument_name": "BTC-29DEC17-4500-C", "index_price": 8336.49, "direction": "buy", "amount": 1.5}, {"trade_seq": 110, "trade_id": "1485004", "timestamp": 1510863219809, "tick_direction": 0, "price": 0.4415, "mark_price": 0.42780095, "iv": 130.63, "instrument_name": "BTC-29DEC17-4500-C", "index_price": 7725.61, "direction": "buy", "amount": 0.2}, {"trade_seq": 109, "trade_id": "1479844", "timestamp": 1510854377532, "tick_direction": 0, "price": 0.4201, "mark_price": 0.41915737, "iv": 93.07, "instrument_name": "BTC-29DEC17-4500-C", "index_price": 7617.94, "direction": "buy", "amount": 1.1}, {"trade_seq": 108, "trade_id": "1427033", "timestamp": 1510630959052, "tick_direction": 0, "price": 0.335, "mark_price": 0.33835, "iv": 84.1, "instrument_name": "BTC-29DEC17-4500-C", "index_price": 6700.46, "direction": "buy", "amount": 0.2}, {"trade_seq": 107, "trade_id": "1386932", "timestamp": 1510527284366, "tick_direction": 2, "price": 0.2384, "mark_price": null, "iv": 79.84, "instrument_name": "BTC-29DEC17-4500-C", "index_price": 5692.84, "direction": "sell", "amount": 1.0}, {"trade_seq": 106, "trade_id": "1383195", "timestamp": 1510520858604, "tick_direction": 2, "price": 0.2557, "mark_price": null, "iv": 78.37, "instrument_name": "BTC-29DEC17-4500-C", "index_price": 5870.61, "direction": "sell", "amount": 0.1}, {"trade_seq": 105, "trade_id": "1269658", "timestamp": 1510163298584, "tick_direction": 0, "price": 0.43, "mark_price": null, "iv": 100.3, "instrument_name": "BTC-29DEC17-4500-C", "index_price": 7772.99, "direction": "buy", "amount": 0.1}, {"trade_seq": 104, "trade_id": "1224825", "timestamp": 1509892468931, "tick_direction": 0, "price": 0.4, "mark_price": null, "iv": 0.0, "instrument_name": "BTC-29DEC17-4500-C", "index_price": 7564.04, "direction": "buy", "amount": 0.1}, {"trade_seq": 103, "trade_id": "1208766", "timestamp": 1509806330672, "tick_direction": 0, "price": 0.37, "mark_price": null, "iv": 0.0, "instrument_name": "BTC-29DEC17-4500-C", "index_price": 7337.5, "direction": "buy", "amount": 0.1}, {"trade_seq": 102, "trade_id": "1170443", "timestamp": 1509609837390, "tick_direction": 0, "price": 0.35, "mark_price": null, "iv": 0.0, "instrument_name": "BTC-29DEC17-4500-C", "index_price": 6938.86, "direction": "buy", "amount": 0.2}, {"trade_seq": 101, "trade_id": "1170439", "timestamp": 1509609824390, "tick_direction": 0, "price": 0.3498, "mark_price": null, "iv": 0.0, "instrument_name": "BTC-29DEC17-4500-C", "index_price": 6939.01, "direction": "buy", "amount": 2.5}, {"trade_seq": 100, "trade_id": "1170438", "timestamp": 1509609813600, "tick_direction": 0, "price": 0.33, "mark_price": null, "iv": 0.0, "instrument_name": "BTC-29DEC17-4500-C", "index_price": 6938.33, "direction": "buy", "amount": 0.2}, {"trade_seq": 99, "trade_id": "1166023", "timestamp": 1509586699163, "tick_direction": 2, "price": 0.2124, "mark_price": null, "iv": 0.0, "instrument_name": "BTC-29DEC17-4500-C", "index_price": 6902.66, "direction": "buy", "amount": 0.5}, {"trade_seq": 98, "trade_id": "1161312", "timestamp": 1509557856111, "tick_direction": 2, "price": 0.3, "mark_price": null, "iv": 0.0, "instrument_name": "BTC-29DEC17-4500-C", "index_price": 6585.37, "direction": "buy", "amount": 0.1}, {"trade_seq": 97, "trade_id": "1160848", "timestamp": 1509554689266, "tick_direction": 0, "price": 0.3198, "mark_price": null, "iv": 59.09, "instrument_name": "BTC-29DEC17-4500-C", "index_price": 6573.7, "direction": "buy", "amount": 0.1}, {"trade_seq": 96, "trade_id": "1158557", "timestamp": 1509539008257, "tick_direction": 2, "price": 0.31, "mark_price": null, "iv": 38.04, "instrument_name": "BTC-29DEC17-4500-C", "index_price": 6518.95, "direction": "sell", "amount": 1.5}, {"trade_seq": 95, "trade_id": "1158442", "timestamp": 1509538687411, "tick_direction": 0, "price": 0.312, "mark_price": null, "iv": 40.67, "instrument_name": "BTC-29DEC17-4500-C", "index_price": 6536.12, "direction": "sell", "amount": 1.5}, {"trade_seq": 94, "trade_id": "1152309", "timestamp": 1509502082555, "tick_direction": 0, "price": 0.309, "mark_price": null, "iv": 70.7, "instrument_name": "BTC-29DEC17-4500-C", "index_price": 6401.65, "direction": "sell", "amount": 0.1}, {"trade_seq": 93, "trade_id": "1142241", "timestamp": 1509457320539, "tick_direction": 0, "price": 0.3, "mark_price": null, "iv": 71.81, "instrument_name": "BTC-29DEC17-4500-C", "index_price": 6297.88, "direction": "buy", "amount": 0.1}, {"trade_seq": 92, "trade_id": "1121550", "timestamp": 1509307203235, "tick_direction": 0, "price": 0.2924, "mark_price": null, "iv": 81.96, "instrument_name": "BTC-29DEC17-4500-C", "index_price": 6123.28, "direction": "buy", "amount": 0.1}, {"trade_seq": 91, "trade_id": "1121055", "timestamp": 1509306311177, "tick_direction": 0, "price": 0.2861, "mark_price": null, "iv": 80.01, "instrument_name": "BTC-29DEC17-4500-C", "index_price": 6074.82, "direction": "buy", "amount": 0.9}, {"trade_seq": 90, "trade_id": "1119166", "timestamp": 1509294240978, "tick_direction": 0, "price": 0.2763, "mark_price": null, "iv": 79.98, "instrument_name": "BTC-29DEC17-4500-C", "index_price": 5971.25, "direction": "buy", "amount": 0.1}, {"trade_seq": 89, "trade_id": "1116686", "timestamp": 1509282835182, "tick_direction": 2, "price": 0.2566, "mark_price": null, "iv": 80.51, "instrument_name": "BTC-29DEC17-4500-C", "index_price": 5761.53, "direction": "buy", "amount": 0.1}, {"trade_seq": 88, "trade_id": "1115522", "timestamp": 1509272264224, "tick_direction": 0, "price": 0.2598, "mark_price": null, "iv": 79.89, "instrument_name": "BTC-29DEC17-4500-C", "index_price": 5800.06, "direction": "buy", "amount": 1.0}, {"trade_seq": 87, "trade_id": "1113458", "timestamp": 1509250421097, "tick_direction": 0, "price": 0.2499, "mark_price": null, "iv": 71.21, "instrument_name": "BTC-29DEC17-4500-C", "index_price": 5787.69, "direction": "buy", "amount": 0.1}, {"trade_seq": 86, "trade_id": "1110587", "timestamp": 1509205231755, "tick_direction": 2, "price": 0.2355, "mark_price": null, "iv": 66.36, "instrument_name": "BTC-29DEC17-4500-C", "index_price": 5692.93, "direction": "sell", "amount": 0.1}, {"trade_seq": 85, "trade_id": "1108043", "timestamp": 1509186849242, "tick_direction": 2, "price": 0.2388, "mark_price": null, "iv": 60.03, "instrument_name": "BTC-29DEC17-4500-C", "index_price": 5777.24, "direction": "sell", "amount": 1.0}, {"trade_seq": 84, "trade_id": "1104383", "timestamp": 1509133455894, "tick_direction": 2, "price": 0.2499, "mark_price": null, "iv": 72.68, "instrument_name": "BTC-29DEC17-4500-C", "index_price": 5765.4, "direction": "buy", "amount": 1.0}, {"trade_seq": 83, "trade_id": "1102019", "timestamp": 1509113273124, "tick_direction": 2, "price": 0.2556, "mark_price": null, "iv": 78.02, "instrument_name": "BTC-29DEC17-4500-C", "index_price": 5764.81, "direction": "sell", "amount": 0.7}, {"trade_seq": 82, "trade_id": "1102018", "timestamp": 1509113273124, "tick_direction": 3, "price": 0.256, "mark_price": null, "iv": 78.39, "instrument_name": "BTC-29DEC17-4500-C", "index_price": 5764.81, "direction": "sell", "amount": 0.3}, {"trade_seq": 81, "trade_id": "1102017", "timestamp": 1509113273090, "tick_direction": 2, "price": 0.256, "mark_price": null, "iv": 78.39, "instrument_name": "BTC-29DEC17-4500-C", "index_price": 5764.81, "direction": "sell", "amount": 1.0}, {"trade_seq": 80, "trade_id": "1050710", "timestamp": 1508794884841, "tick_direction": 0, "price": 0.298, "mark_price": null, "iv": 103.71, "instrument_name": "BTC-29DEC17-4500-C", "index_price": 5872.31, "direction": "sell", "amount": 0.1}, {"trade_seq": 79, "trade_id": "1039182", "timestamp": 1508741832096, "tick_direction": 3, "price": 0.29, "mark_price": null, "iv": 96.41, "instrument_name": "BTC-29DEC17-4500-C", "index_price": 5874.89, "direction": "sell", "amount": 0.1}, {"trade_seq": 78, "trade_id": "1039034", "timestamp": 1508741689799, "tick_direction": 3, "price": 0.29, "mark_price": null, "iv": 93.81, "instrument_name": "BTC-29DEC17-4500-C", "index_price": 5909.7, "direction": "sell", "amount": 0.2}, {"trade_seq": 77, "trade_id": "1038687", "timestamp": 1508739118387, "tick_direction": 3, "price": 0.29, "mark_price": null, "iv": 92.89, "instrument_name": "BTC-29DEC17-4500-C", "index_price": 5921.61, "direction": "sell", "amount": 0.1}, {"trade_seq": 76, "trade_id": "1038640", "timestamp": 1508739076843, "tick_direction": 2, "price": 0.29, "mark_price": null, "iv": 92.03, "instrument_name": "BTC-29DEC17-4500-C", "index_price": 5932.74, "direction": "sell", "amount": 0.1}, {"trade_seq": 75, "trade_id": "1022005", "timestamp": 1508645096318, "tick_direction": 3, "price": 0.3, "mark_price": null, "iv": 99.55, "instrument_name": "BTC-29DEC17-4500-C", "index_price": 5936.4, "direction": "sell", "amount": 0.1}, {"trade_seq": 74, "trade_id": "1021908", "timestamp": 1508645077474, "tick_direction": 3, "price": 0.3, "mark_price": null, "iv": 99.26, "instrument_name": "BTC-29DEC17-4500-C", "index_price": 5940.36, "direction": "sell", "amount": 0.1}, {"trade_seq": 73, "trade_id": "1021867", "timestamp": 1508645048809, "tick_direction": 2, "price": 0.3, "mark_price": null, "iv": 98.97, "instrument_name": "BTC-29DEC17-4500-C", "index_price": 5944.45, "direction": "sell", "amount": 0.1}, {"trade_seq": 72, "trade_id": "1010131", "timestamp": 1508594420008, "tick_direction": 1, "price": 0.305, "mark_price": null, "iv": 90.67, "instrument_name": "BTC-29DEC17-4500-C", "index_price": 6106.82, "direction": "buy", "amount": 0.1}, {"trade_seq": 71, "trade_id": "1010125", "timestamp": 1508594155162, "tick_direction": 0, "price": 0.305, "mark_price": null, "iv": 90.61, "instrument_name": "BTC-29DEC17-4500-C", "index_price": 6107.51, "direction": "buy", "amount": 0.2}, {"trade_seq": 70, "trade_id": "1010068", "timestamp": 1508592856770, "tick_direction": 2, "price": 0.297, "mark_price": null, "iv": 82.49, "instrument_name": "BTC-29DEC17-4500-C", "index_price": 6113.08, "direction": "sell", "amount": 0.6}, {"trade_seq": 69, "trade_id": "1000292", "timestamp": 1508524848409, "tick_direction": 2, "price": 0.303, "mark_price": null, "iv": 99.0, "instrument_name": "BTC-29DEC17-4500-C", "index_price": 5965.36, "direction": "sell", "amount": 0.2}, {"trade_seq": 68, "trade_id": "999975", "timestamp": 1508522731801, "tick_direction": 1, "price": 0.31, "mark_price": null, "iv": 105.77, "instrument_name": "BTC-29DEC17-4500-C", "index_price": 5950.56, "direction": "buy", "amount": 0.1}, {"trade_seq": 67, "trade_id": "999974", "timestamp": 1508522731801, "tick_direction": 0, "price": 0.31, "mark_price": null, "iv": 105.77, "instrument_name": "BTC-29DEC17-4500-C", "index_price": 5950.56, "direction": "buy", "amount": 0.1}, {"trade_seq": 66, "trade_id": "995989", "timestamp": 1508510457857, "tick_direction": 0, "price": 0.29, "mark_price": null, "iv": 94.95, "instrument_name": "BTC-29DEC17-4500-C", "index_price": 5869.26, "direction": "buy", "amount": 0.2}, {"trade_seq": 65, "trade_id": "972955", "timestamp": 1508336529462, "tick_direction": 3, "price": 0.2355, "mark_price": null, "iv": 100.18, "instrument_name": "BTC-29DEC17-4500-C", "index_price": 5153.87, "direction": "sell", "amount": 0.3}, {"trade_seq": 64, "trade_id": "970327", "timestamp": 1508324665317, "tick_direction": 2, "price": 0.2355, "mark_price": null, "iv": 92.38, "instrument_name": "BTC-29DEC17-4500-C", "index_price": 5281.37, "direction": "sell", "amount": 0.1}, {"trade_seq": 63, "trade_id": "932088", "timestamp": 1508031708782, "tick_direction": 0, "price": 0.2935, "mark_price": null, "iv": 99.02, "instrument_name": "BTC-29DEC17-4500-C", "index_price": 5794.63, "direction": "buy", "amount": 0.5}, {"trade_seq": 62, "trade_id": "925252", "timestamp": 1507977936911, "tick_direction": 0, "price": 0.272, "mark_price": null, "iv": 94.72, "instrument_name": "BTC-29DEC17-4500-C", "index_price": 5607.34, "direction": "buy", "amount": 0.1}, {"trade_seq": 61, "trade_id": "924214", "timestamp": 1507964632381, "tick_direction": 2, "price": 0.271, "mark_price": null, "iv": 94.64, "instrument_name": "BTC-29DEC17-4500-C", "index_price": 5595.79, "direction": "buy", "amount": 0.1}, {"trade_seq": 60, "trade_id": "923563", "timestamp": 1507956735595, "tick_direction": 0, "price": 0.277, "mark_price": null, "iv": 94.64, "instrument_name": "BTC-29DEC17-4500-C", "index_price": 5663.08, "direction": "buy", "amount": 0.1}, {"trade_seq": 59, "trade_id": "920201", "timestamp": 1507924872794, "tick_direction": 3, "price": 0.27, "mark_price": null, "iv": 99.32, "instrument_name": "BTC-29DEC17-4500-C", "index_price": 5502.91, "direction": "sell", "amount": 0.1}, {"trade_seq": 58, "trade_id": "920173", "timestamp": 1507924834248, "tick_direction": 3, "price": 0.27, "mark_price": null, "iv": 99.37, "instrument_name": "BTC-29DEC17-4500-C", "index_price": 5502.11, "direction": "sell", "amount": 0.1}, {"trade_seq": 57, "trade_id": "920046", "timestamp": 1507924461292, "tick_direction": 2, "price": 0.27, "mark_price": null, "iv": 99.53, "instrument_name": "BTC-29DEC17-4500-C", "index_price": 5499.37, "direction": "sell", "amount": 0.1}, {"trade_seq": 56, "trade_id": "916694", "timestamp": 1507910565644, "tick_direction": 0, "price": 0.283, "mark_price": null, "iv": 95.17, "instrument_name": "BTC-29DEC17-4500-C", "index_price": 5718.42, "direction": "buy", "amount": 0.5}, {"trade_seq": 55, "trade_id": "900262", "timestamp": 1507860882757, "tick_direction": 0, "price": 0.27, "mark_price": null, "iv": 93.37, "instrument_name": "BTC-29DEC17-4500-C", "index_price": 5592.94, "direction": "buy", "amount": 0.1}, {"trade_seq": 54, "trade_id": "898477", "timestamp": 1507859489886, "tick_direction": 0, "price": 0.2483, "mark_price": null, "iv": 86.14, "instrument_name": "BTC-29DEC17-4500-C", "index_price": 5467.3, "direction": "buy", "amount": 0.1}, {"trade_seq": 53, "trade_id": "893761", "timestamp": 1507834336589, "tick_direction": 0, "price": 0.235, "mark_price": null, "iv": 85.81, "instrument_name": "BTC-29DEC17-4500-C", "index_price": 5327.27, "direction": "buy", "amount": 0.4}, {"trade_seq": 52, "trade_id": "883819", "timestamp": 1507796397686, "tick_direction": 0, "price": 0.23, "mark_price": null, "iv": 95.96, "instrument_name": "BTC-29DEC17-4500-C", "index_price": 5095.21, "direction": "buy", "amount": 0.1}, {"trade_seq": 51, "trade_id": "883229", "timestamp": 1507795795621, "tick_direction": 0, "price": 0.205, "mark_price": null, "iv": 83.96, "instrument_name": "BTC-29DEC17-4500-C", "index_price": 5037.1, "direction": "buy", "amount": 0.1}, {"trade_seq": 50, "trade_id": "882188", "timestamp": 1507795248387, "tick_direction": 0, "price": 0.2, "mark_price": null, "iv": 84.33, "instrument_name": "BTC-29DEC17-4500-C", "index_price": 4978.36, "direction": "buy", "amount": 0.1}, {"trade_seq": 49, "trade_id": "879847", "timestamp": 1507767194921, "tick_direction": 0, "price": 0.199, "mark_price": null, "iv": 92.89, "instrument_name": "BTC-29DEC17-4500-C", "index_price": 4809.67, "direction": "sell", "amount": 0.4}, {"trade_seq": 48, "trade_id": "877194", "timestamp": 1507736258976, "tick_direction": 0, "price": 0.1844, "mark_price": null, "iv": 85.68, "instrument_name": "BTC-29DEC17-4500-C", "index_price": 4783.5, "direction": "sell", "amount": 1.0}, {"trade_seq": 47, "trade_id": "863105", "timestamp": 1507595997553, "tick_direction": 0, "price": 0.1835, "mark_price": null, "iv": 83.04, "instrument_name": "BTC-29DEC17-4500-C", "index_price": 4806.62, "direction": "sell", "amount": 0.5}, {"trade_seq": 46, "trade_id": "858649", "timestamp": 1507576019845, "tick_direction": 0, "price": 0.18, "mark_price": null, "iv": 99.58, "instrument_name": "BTC-29DEC17-4500-C", "index_price": 4445.59, "direction": "buy", "amount": 0.1}, {"trade_seq": 45, "trade_id": "853406", "timestamp": 1507492298513, "tick_direction": 0, "price": 0.17, "mark_price": null, "iv": 86.6, "instrument_name": "BTC-29DEC17-4500-C", "index_price": 4584.34, "direction": "buy", "amount": 0.1}, {"trade_seq": 44, "trade_id": "847570", "timestamp": 1507400296759, "tick_direction": 3, "price": 0.15, "mark_price": null, "iv": 86.96, "instrument_name": "BTC-29DEC17-4500-C", "index_price": 4350.41, "direction": "sell", "amount": 0.1}, {"trade_seq": 43, "trade_id": "847545", "timestamp": 1507399749499, "tick_direction": 2, "price": 0.15, "mark_price": null, "iv": 86.89, "instrument_name": "BTC-29DEC17-4500-C", "index_price": 4351.73, "direction": "sell", "amount": 0.1}, {"trade_seq": 42, "trade_id": "826071", "timestamp": 1506970234588, "tick_direction": 2, "price": 0.1602, "mark_price": null, "iv": 88.1, "instrument_name": "BTC-29DEC17-4500-C", "index_price": 4384.67, "direction": "sell", "amount": 0.6}, {"trade_seq": 41, "trade_id": "826068", "timestamp": 1506970190686, "tick_direction": 3, "price": 0.1605, "mark_price": null, "iv": 88.13, "instrument_name": "BTC-29DEC17-4500-C", "index_price": 4387.11, "direction": "sell", "amount": 0.6}, {"trade_seq": 40, "trade_id": "826064", "timestamp": 1506970149169, "tick_direction": 2, "price": 0.1605, "mark_price": null, "iv": 88.1, "instrument_name": "BTC-29DEC17-4500-C", "index_price": 4387.92, "direction": "sell", "amount": 0.6}, {"trade_seq": 39, "trade_id": "824068", "timestamp": 1506941265517, "tick_direction": 0, "price": 0.1673, "mark_price": null, "iv": 88.3, "instrument_name": "BTC-29DEC17-4500-C", "index_price": 4454.23, "direction": "sell", "amount": 0.1}, {"trade_seq": 38, "trade_id": "813631", "timestamp": 1506725023382, "tick_direction": 2, "price": 0.16, "mark_price": null, "iv": 97.33, "instrument_name": "BTC-29DEC17-4500-C", "index_price": 4150.23, "direction": "sell", "amount": 0.3}, {"trade_seq": 37, "trade_id": "813603", "timestamp": 1506722653095, "tick_direction": 0, "price": 0.164, "mark_price": null, "iv": 103.81, "instrument_name": "BTC-29DEC17-4500-C", "index_price": 4050.35, "direction": "buy", "amount": 0.2}, {"trade_seq": 36, "trade_id": "810090", "timestamp": 1506616337235, "tick_direction": 0, "price": 0.15, "mark_price": null, "iv": 91.6, "instrument_name": "BTC-29DEC17-4500-C", "index_price": 4151.3, "direction": "sell", "amount": 1.0}, {"trade_seq": 35, "trade_id": "798571", "timestamp": 1506305913067, "tick_direction": 1, "price": 0.135, "mark_price": null, "iv": 100.34, "instrument_name": "BTC-29DEC17-4500-C", "index_price": 3737.64, "direction": "buy", "amount": 0.1}, {"trade_seq": 34, "trade_id": "798522", "timestamp": 1506305708777, "tick_direction": 0, "price": 0.135, "mark_price": null, "iv": 101.81, "instrument_name": "BTC-29DEC17-4500-C", "index_price": 3703.12, "direction": "buy", "amount": 0.1}, {"trade_seq": 33, "trade_id": "798315", "timestamp": 1506281779890, "tick_direction": 2, "price": 0.13, "mark_price": null, "iv": 100.42, "instrument_name": "BTC-29DEC17-4500-C", "index_price": 3674.31, "direction": "sell", "amount": 0.1}, {"trade_seq": 32, "trade_id": "794964", "timestamp": 1506097822127, "tick_direction": 2, "price": 0.14, "mark_price": null, "iv": 108.92, "instrument_name": "BTC-29DEC17-4500-C", "index_price": 3562.23, "direction": "sell", "amount": 0.1}, {"trade_seq": 31, "trade_id": "794920", "timestamp": 1506097237562, "tick_direction": 0, "price": 0.144, "mark_price": null, "iv": 111.12, "instrument_name": "BTC-29DEC17-4500-C", "index_price": 3556.25, "direction": "buy", "amount": 0.1}, {"trade_seq": 30, "trade_id": "764461", "timestamp": 1505721948569, "tick_direction": 2, "price": 0.1278, "mark_price": null, "iv": 84.99, "instrument_name": "BTC-29DEC17-4500-C", "index_price": 3944.43, "direction": "sell", "amount": 1.0}, {"trade_seq": 29, "trade_id": "738986", "timestamp": 1505560848056, "tick_direction": 0, "price": 0.1861, "mark_price": null, "iv": 120.38, "instrument_name": "BTC-29DEC17-4500-C", "index_price": 3731.63, "direction": "buy", "amount": 0.2}, {"trade_seq": 28, "trade_id": "732937", "timestamp": 1505546643385, "tick_direction": 0, "price": 0.1836, "mark_price": null, "iv": 114.35, "instrument_name": "BTC-29DEC17-4500-C", "index_price": 3847.61, "direction": "buy", "amount": 1.0}, {"trade_seq": 27, "trade_id": "729245", "timestamp": 1505518198804, "tick_direction": 0, "price": 0.1583, "mark_price": null, "iv": 109.23, "instrument_name": "BTC-29DEC17-4500-C", "index_price": 3678.48, "direction": "sell", "amount": 0.1}, {"trade_seq": 26, "trade_id": "697920", "timestamp": 1505477037856, "tick_direction": 0, "price": 0.11, "mark_price": null, "iv": 113.03, "instrument_name": "BTC-29DEC17-4500-C", "index_price": 3014.38, "direction": "buy", "amount": 0.1}, {"trade_seq": 25, "trade_id": "696827", "timestamp": 1505474218770, "tick_direction": 2, "price": 0.1, "mark_price": null, "iv": 107.63, "instrument_name": "BTC-29DEC17-4500-C", "index_price": 3023.18, "direction": "sell", "amount": 0.1}, {"trade_seq": 24, "trade_id": "684086", "timestamp": 1505443367107, "tick_direction": 0, "price": 0.125, "mark_price": null, "iv": 103.11, "instrument_name": "BTC-29DEC17-4500-C", "index_price": 3431.57, "direction": "sell", "amount": 0.2}, {"trade_seq": 23, "trade_id": "682215", "timestamp": 1505436956673, "tick_direction": 2, "price": 0.11, "mark_price": null, "iv": 99.94, "instrument_name": "BTC-29DEC17-4500-C", "index_price": 3330.12, "direction": "sell", "amount": 0.1}, {"trade_seq": 22, "trade_id": "677376", "timestamp": 1505417904476, "tick_direction": 2, "price": 0.115, "mark_price": null, "iv": 99.94, "instrument_name": "BTC-29DEC17-4500-C", "index_price": 3387.75, "direction": "sell", "amount": 0.5}, {"trade_seq": 21, "trade_id": "674127", "timestamp": 1505410798338, "tick_direction": 0, "price": 0.1333, "mark_price": null, "iv": 110.91, "instrument_name": "BTC-29DEC17-4500-C", "index_price": 3332.2, "direction": "buy", "amount": 0.5}, {"trade_seq": 20, "trade_id": "654817", "timestamp": 1505375666368, "tick_direction": 2, "price": 0.132, "mark_price": null, "iv": 88.4, "instrument_name": "BTC-29DEC17-4500-C", "index_price": 3868.81, "direction": "sell", "amount": 0.2}, {"trade_seq": 19, "trade_id": "640200", "timestamp": 1505283785546, "tick_direction": 2, "price": 0.14, "mark_price": null, "iv": 86.13, "instrument_name": "BTC-29DEC17-4500-C", "index_price": 4005.03, "direction": "sell", "amount": 0.1}, {"trade_seq": 18, "trade_id": "620533", "timestamp": 1505121486095, "tick_direction": 1, "price": 0.2124, "mark_price": null, "iv": 111.32, "instrument_name": "BTC-29DEC17-4500-C", "index_price": 4189.47, "direction": "sell", "amount": 0.1}, {"trade_seq": 17, "trade_id": "620532", "timestamp": 1505121484799, "tick_direction": 1, "price": 0.2124, "mark_price": null, "iv": 111.32, "instrument_name": "BTC-29DEC17-4500-C", "index_price": 4189.47, "direction": "sell", "amount": 0.2}, {"trade_seq": 16, "trade_id": "620531", "timestamp": 1505121484021, "tick_direction": 0, "price": 0.2124, "mark_price": null, "iv": 111.33, "instrument_name": "BTC-29DEC17-4500-C", "index_price": 4189.37, "direction": "buy", "amount": 0.2}, {"trade_seq": 15, "trade_id": "558593", "timestamp": 1504545672235, "tick_direction": 3, "price": 0.1834, "mark_price": null, "iv": 92.98, "instrument_name": "BTC-29DEC17-4500-C", "index_price": 4239.88, "direction": "sell", "amount": 0.4}, {"trade_seq": 14, "trade_id": "558588", "timestamp": 1504545656589, "tick_direction": 2, "price": 0.1834, "mark_price": null, "iv": 93.06, "instrument_name": "BTC-29DEC17-4500-C", "index_price": 4237.9, "direction": "sell", "amount": 0.1}, {"trade_seq": 13, "trade_id": "553320", "timestamp": 1504511741350, "tick_direction": 3, "price": 0.19, "mark_price": null, "iv": 86.99, "instrument_name": "BTC-29DEC17-4500-C", "index_price": 4458.8, "direction": "sell", "amount": 0.8}, {"trade_seq": 12, "trade_id": "553317", "timestamp": 1504511724662, "tick_direction": 2, "price": 0.19, "mark_price": null, "iv": 86.99, "instrument_name": "BTC-29DEC17-4500-C", "index_price": 4458.62, "direction": "sell", "amount": 0.1}, {"trade_seq": 11, "trade_id": "542111", "timestamp": 1504364813727, "tick_direction": 0, "price": 0.2, "mark_price": null, "iv": 86.3, "instrument_name": "BTC-29DEC17-4500-C", "index_price": 4571.83, "direction": "sell", "amount": 0.1}, {"trade_seq": 10, "trade_id": "525805", "timestamp": 1504156366716, "tick_direction": 0, "price": 0.19, "mark_price": null, "iv": 78.66, "instrument_name": "BTC-29DEC17-4500-C", "index_price": 4625.85, "direction": "buy", "amount": 0.1}, {"trade_seq": 9, "trade_id": "520060", "timestamp": 1503968546067, "tick_direction": 2, "price": 0.175, "mark_price": null, "iv": 81.59, "instrument_name": "BTC-29DEC17-4500-C", "index_price": 4370.88, "direction": "sell", "amount": 0.2}, {"trade_seq": 8, "trade_id": "431445", "timestamp": 1502905809262, "tick_direction": 2, "price": 0.2, "mark_price": null, "iv": 91.24, "instrument_name": "BTC-29DEC17-4500-C", "index_price": 4291.0, "direction": "sell", "amount": 0.2}, {"trade_seq": 7, "trade_id": "388451", "timestamp": 1502612341177, "tick_direction": 0, "price": 0.2153, "mark_price": null, "iv": 100.72, "instrument_name": "BTC-29DEC17-4500-C", "index_price": 4172.72, "direction": "buy", "amount": 1.0}, {"trade_seq": 6, "trade_id": "387757", "timestamp": 1502609567985, "tick_direction": 0, "price": 0.2122, "mark_price": null, "iv": 100.69, "instrument_name": "BTC-29DEC17-4500-C", "index_price": 4137.3, "direction": "buy", "amount": 0.1}, {"trade_seq": 5, "trade_id": "386137", "timestamp": 1502598478604, "tick_direction": 0, "price": 0.1903, "mark_price": null, "iv": 95.52, "instrument_name": "BTC-29DEC17-4500-C", "index_price": 4028.34, "direction": "buy", "amount": 0.1}, {"trade_seq": 4, "trade_id": "386134", "timestamp": 1502598472901, "tick_direction": 2, "price": 0.1902, "mark_price": null, "iv": 95.49, "instrument_name": "BTC-29DEC17-4500-C", "index_price": 4028.13, "direction": "buy", "amount": 0.1}, {"trade_seq": 3, "trade_id": "386128", "timestamp": 1502598402234, "tick_direction": 0, "price": 0.1903, "mark_price": null, "iv": 95.49, "instrument_name": "BTC-29DEC17-4500-C", "index_price": 4029.25, "direction": "buy", "amount": 0.1}, {"trade_seq": 2, "trade_id": "386123", "timestamp": 1502598295742, "tick_direction": 0, "price": 0.1893, "mark_price": null, "iv": 95.47, "instrument_name": "BTC-29DEC17-4500-C", "index_price": 4018.43, "direction": "buy", "amount": 0.1}, {"trade_seq": 1, "trade_id": "372687", "timestamp": 1502493933804, "tick_direction": 1, "price": 0.1417, "mark_price": null, "iv": 89.1, "instrument_name": "BTC-29DEC17-4500-C", "index_price": 3640.8, "direction": "buy", "amount": 0.1}], "has_more": false}