{"trades": [{"trade_seq": 73, "trade_id": "243182122", "timestamp": 1677681788056, "tick_direction": 0, "price": 0.419, "mark_price": 0.41353731, "iv": 117.06, "instrument_name": "BTC-31MAR23-14000-C", "index_price": 23741.16, "direction": "buy", "amount": 0.1}, {"trade_seq": 72, "trade_id": "240797417", "timestamp": 1675412593840, "tick_direction": 1, "price": 0.409, "mark_price": 0.40793125, "iv": 78.22, "instrument_name": "BTC-31MAR23-14000-C", "index_price": 23355.47, "direction": "sell", "amount": 20.4}, {"trade_seq": 71, "trade_id": "240797416", "timestamp": 1675412593840, "tick_direction": 1, "price": 0.409, "mark_price": 0.40793125, "iv": 78.22, "instrument_name": "BTC-31MAR23-14000-C", "index_price": 23355.47, "direction": "sell", "amount": 10.3}, {"trade_seq": 70, "trade_id": "240797415", "timestamp": 1675412593839, "tick_direction": 0, "price": 0.409, "mark_price": 0.40793125, "iv": 78.22, "instrument_name": "BTC-31MAR23-14000-C", "index_price": 23355.47, "direction": "sell", "amount": 1.0}, {"trade_seq": 69, "trade_id": "240797408", "timestamp": 1675412575933, "tick_direction": 1, "price": 0.4085, "mark_price": 0.40807425, "iv": 75.87, "instrument_name": "BTC-31MAR23-14000-C", "index_price": 23362.89, "direction": "sell", "amount": 0.5}, {"trade_seq": 68, "trade_id": "240797407", "timestamp": 1675412575929, "tick_direction": 1, "price": 0.4085, "mark_price": 0.40807425, "iv": 75.87, "instrument_name": "BTC-31MAR23-14000-C", "index_price": 23362.89, "direction": "sell", "amount": 1.6}, {"trade_seq": 67, "trade_id": "240797404", "timestamp": 1675412574278, "tick_direction": 1, "price": 0.4085, "mark_price": 0.40808499, "iv": 75.82, "instrument_name": "BTC-31MAR23-14000-C", "index_price": 23363.39, "direction": "sell", "amount": 1.3}, {"trade_seq": 66, "trade_id": "240797388", "timestamp": 1675412562937, "tick_direction": 1, "price": 0.4085, "mark_price": 0.4083114, "iv": 74.94, "instrument_name": "BTC-31MAR23-14000-C", "index_price": 23372.2, "direction": "sell", "amount": 1.7}, {"trade_seq": 65, "trade_id": "240797370", "timestamp": 1675412558196, "tick_direction": 1, "price": 0.4085, "mark_price": 0.4083117, "iv": 75.01, "instrument_name": "BTC-31MAR23-14000-C", "index_price": 23371.97, "direction": "sell", "amount": 1.8}, {"trade_seq": 64, "trade_id": "240797368", "timestamp": 1675412554077, "tick_direction": 0, "price": 0.4085, "mark_price": 0.40837604, "iv": 74.68, "instrument_name": "BTC-31MAR23-14000-C", "index_price": 23375.51, "direction": "sell", "amount": 1.7}, {"trade_seq": 63, "trade_id": "240353793", "timestamp": 1674937420598, "tick_direction": 1, "price": 0.4, "mark_price": 0.40093372, "iv": 69.32, "instrument_name": "BTC-31MAR23-14000-C", "index_price": 23033.68, "direction": "buy", "amount": 1.0}, {"trade_seq": 62, "trade_id": "240353778", "timestamp": 1674937389332, "tick_direction": 1, "price": 0.4, "mark_price": 0.40092384, "iv": 69.35, "instrument_name": "BTC-31MAR23-14000-C", "index_price": 23034.21, "direction": "buy", "amount": 5.1}, {"trade_seq": 61, "trade_id": "240353777", "timestamp": 1674937389332, "tick_direction": 1, "price": 0.4, "mark_price": 0.40092384, "iv": 69.35, "instrument_name": "BTC-31MAR23-14000-C", "index_price": 23034.21, "direction": "buy", "amount": 6.9}, {"trade_seq": 60, "trade_id": "240353719", "timestamp": 1674936910254, "tick_direction": 0, "price": 0.4, "mark_price": 0.40089343, "iv": 69.48, "instrument_name": "BTC-31MAR23-14000-C", "index_price": 23039.22, "direction": "buy", "amount": 1.0}, {"trade_seq": 59, "trade_id": "240353704", "timestamp": 1674936873653, "tick_direction": 0, "price": 0.3995, "mark_price": 0.40088517, "iv": 67.52, "instrument_name": "BTC-31MAR23-14000-C", "index_price": 23040.19, "direction": "buy", "amount": 1.0}, {"trade_seq": 58, "trade_id": "240353702", "timestamp": 1674936826792, "tick_direction": 0, "price": 0.3955, "mark_price": 0.40087982, "iv": 0.0, "instrument_name": "BTC-31MAR23-14000-C", "index_price": 23038.04, "direction": "buy", "amount": 1.0}, {"trade_seq": 57, "trade_id": "238717957", "timestamp": 1673338972213, "tick_direction": 1, "price": 0.212, "mark_price": 0.21252007, "iv": 51.99, "instrument_name": "BTC-31MAR23-14000-C", "index_price": 17229.55, "direction": "buy", "amount": 0.1}, {"trade_seq": 56, "trade_id": "238717956", "timestamp": 1673338972208, "tick_direction": 1, "price": 0.212, "mark_price": 0.21252007, "iv": 51.99, "instrument_name": "BTC-31MAR23-14000-C", "index_price": 17229.55, "direction": "buy", "amount": 1.1}, {"trade_seq": 55, "trade_id": "238717945", "timestamp": 1673338972139, "tick_direction": 1, "price": 0.212, "mark_price": 0.21252007, "iv": 51.99, "instrument_name": "BTC-31MAR23-14000-C", "index_price": 17229.55, "direction": "buy", "amount": 0.9}, {"trade_seq": 54, "trade_id": "238717935", "timestamp": 1673338967769, "tick_direction": 1, "price": 0.212, "mark_price": 0.21243616, "iv": 52.05, "instrument_name": "BTC-31MAR23-14000-C", "index_price": 17228.08, "direction": "buy", "amount": 0.1}, {"trade_seq": 53, "trade_id": "238717923", "timestamp": 1673338963397, "tick_direction": 1, "price": 0.212, "mark_price": 0.21244328, "iv": 52.06, "instrument_name": "BTC-31MAR23-14000-C", "index_price": 17227.68, "direction": "buy", "amount": 0.1}, {"trade_seq": 52, "trade_id": "238717922", "timestamp": 1673338963368, "tick_direction": 1, "price": 0.212, "mark_price": 0.21244328, "iv": 52.06, "instrument_name": "BTC-31MAR23-14000-C", "index_price": 17227.68, "direction": "buy", "amount": 0.6}, {"trade_seq": 51, "trade_id": "238717921", "timestamp": 1673338963366, "tick_direction": 0, "price": 0.212, "mark_price": 0.21244615, "iv": 52.06, "instrument_name": "BTC-31MAR23-14000-C", "index_price": 17227.68, "direction": "buy", "amount": 0.1}, {"trade_seq": 50, "trade_id": "238353940", "timestamp": 1672262249640, "tick_direction": 3, "price": 0.2105, "mark_price": 0.21045599, "iv": 65.49, "instrument_name": "BTC-31MAR23-14000-C", "index_price": 16571.3, "direction": "sell", "amount": 0.5}, {"trade_seq": 49, "trade_id": "238331605", "timestamp": 1672218873125, "tick_direction": 3, "price": 0.2105, "mark_price": 0.21151903, "iv": 64.51, "instrument_name": "BTC-31MAR23-14000-C", "index_price": 16630.24, "direction": "buy", "amount": 0.7}, {"trade_seq": 48, "trade_id": "238331550", "timestamp": 1672218743902, "tick_direction": 3, "price": 0.2105, "mark_price": 0.2114963, "iv": 64.54, "instrument_name": "BTC-31MAR23-14000-C", "index_price": 16629.42, "direction": "buy", "amount": 0.3}, {"trade_seq": 47, "trade_id": "238331549", "timestamp": 1672218743875, "tick_direction": 3, "price": 0.2105, "mark_price": 0.2114963, "iv": 64.54, "instrument_name": "BTC-31MAR23-14000-C", "index_price": 16629.42, "direction": "buy", "amount": 1.2}, {"trade_seq": 46, "trade_id": "238331548", "timestamp": 1672218743874, "tick_direction": 3, "price": 0.2105, "mark_price": 0.2114963, "iv": 64.54, "instrument_name": "BTC-31MAR23-14000-C", "index_price": 16629.42, "direction": "buy", "amount": 7.7}, {"trade_seq": 45, "trade_id": "238331547", "timestamp": 1672218743871, "tick_direction": 2, "price": 0.2105, "mark_price": 0.2114963, "iv": 64.54, "instrument_name": "BTC-31MAR23-14000-C", "index_price": 16629.42, "direction": "buy", "amount": 19.8}, {"trade_seq": 44, "trade_id": "238329358", "timestamp": 1672214405880, "tick_direction": 2, "price": 0.2155, "mark_price": 0.21205291, "iv": 67.4, "instrument_name": "BTC-31MAR23-14000-C", "index_price": 16639.01, "direction": "buy", "amount": 0.1}, {"trade_seq": 43, "trade_id": "238027232", "timestamp": 1671467822276, "tick_direction": 3, "price": 0.22, "mark_price": 0.21987147, "iv": 67.47, "instrument_name": "BTC-31MAR23-14000-C", "index_price": 16617.27, "direction": "sell", "amount": 0.1}, {"trade_seq": 42, "trade_id": "238027231", "timestamp": 1671467822256, "tick_direction": 3, "price": 0.22, "mark_price": 0.21987147, "iv": 67.47, "instrument_name": "BTC-31MAR23-14000-C", "index_price": 16617.27, "direction": "sell", "amount": 0.2}, {"trade_seq": 41, "trade_id": "238027198", "timestamp": 1671467800609, "tick_direction": 3, "price": 0.22, "mark_price": 0.22011724, "iv": 67.35, "instrument_name": "BTC-31MAR23-14000-C", "index_price": 16622.82, "direction": "sell", "amount": 0.1}, {"trade_seq": 40, "trade_id": "238027197", "timestamp": 1671467800594, "tick_direction": 3, "price": 0.22, "mark_price": 0.22011724, "iv": 67.35, "instrument_name": "BTC-31MAR23-14000-C", "index_price": 16622.82, "direction": "sell", "amount": 0.2}, {"trade_seq": 39, "trade_id": "238027196", "timestamp": 1671467800536, "tick_direction": 3, "price": 0.22, "mark_price": 0.22011724, "iv": 67.35, "instrument_name": "BTC-31MAR23-14000-C", "index_price": 16622.82, "direction": "sell", "amount": 0.3}, {"trade_seq": 38, "trade_id": "238027180", "timestamp": 1671467789055, "tick_direction": 2, "price": 0.22, "mark_price": 0.22030728, "iv": 67.22, "instrument_name": "BTC-31MAR23-14000-C", "index_price": 16628.61, "direction": "sell", "amount": 0.1}, {"trade_seq": 37, "trade_id": "237657450", "timestamp": 1670941555107, "tick_direction": 2, "price": 0.2695, "mark_price": 0.26884128, "iv": 70.43, "instrument_name": "BTC-31MAR23-14000-C", "index_price": 17917.22, "direction": "sell", "amount": 1.0}, {"trade_seq": 36, "trade_id": "237657223", "timestamp": 1670941461352, "tick_direction": 1, "price": 0.27, "mark_price": 0.26958808, "iv": 70.25, "instrument_name": "BTC-31MAR23-14000-C", "index_price": 17938.26, "direction": "sell", "amount": 1.0}, {"trade_seq": 35, "trade_id": "237657108", "timestamp": 1670941386493, "tick_direction": 1, "price": 0.27, "mark_price": 0.26966435, "iv": 70.19, "instrument_name": "BTC-31MAR23-14000-C", "index_price": 17940.12, "direction": "sell", "amount": 1.0}, {"trade_seq": 34, "trade_id": "237657089", "timestamp": 1670941356584, "tick_direction": 1, "price": 0.27, "mark_price": 0.26977029, "iv": 70.14, "instrument_name": "BTC-31MAR23-14000-C", "index_price": 17946.63, "direction": "sell", "amount": 0.1}, {"trade_seq": 33, "trade_id": "237657088", "timestamp": 1670941356582, "tick_direction": 0, "price": 0.27, "mark_price": 0.26977029, "iv": 70.14, "instrument_name": "BTC-31MAR23-14000-C", "index_price": 17946.63, "direction": "sell", "amount": 0.9}, {"trade_seq": 32, "trade_id": "237656545", "timestamp": 1670941007094, "tick_direction": 1, "price": 0.2695, "mark_price": 0.26900789, "iv": 70.21, "instrument_name": "BTC-31MAR23-14000-C", "index_price": 17920.05, "direction": "sell", "amount": 0.6}, {"trade_seq": 31, "trade_id": "237656544", "timestamp": 1670941007092, "tick_direction": 1, "price": 0.2695, "mark_price": 0.26900789, "iv": 70.21, "instrument_name": "BTC-31MAR23-14000-C", "index_price": 17920.05, "direction": "sell", "amount": 0.1}, {"trade_seq": 30, "trade_id": "237656543", "timestamp": 1670941007082, "tick_direction": 1, "price": 0.2695, "mark_price": 0.26900789, "iv": 70.21, "instrument_name": "BTC-31MAR23-14000-C", "index_price": 17920.05, "direction": "sell", "amount": 0.1}, {"trade_seq": 29, "trade_id": "237656542", "timestamp": 1670941007071, "tick_direction": 1, "price": 0.2695, "mark_price": 0.26900789, "iv": 70.21, "instrument_name": "BTC-31MAR23-14000-C", "index_price": 17920.05, "direction": "sell", "amount": 0.2}, {"trade_seq": 28, "trade_id": "237654913", "timestamp": 1670940268166, "tick_direction": 0, "price": 0.2695, "mark_price": 0.26974841, "iv": 69.88, "instrument_name": "BTC-31MAR23-14000-C", "index_price": 17929.64, "direction": "sell", "amount": 1.0}, {"trade_seq": 27, "trade_id": "237654540", "timestamp": 1670940116645, "tick_direction": 1, "price": 0.269, "mark_price": 0.26895121, "iv": 70.13, "instrument_name": "BTC-31MAR23-14000-C", "index_price": 17900.35, "direction": "sell", "amount": 0.3}, {"trade_seq": 26, "trade_id": "237654526", "timestamp": 1670940110226, "tick_direction": 1, "price": 0.269, "mark_price": 0.26901819, "iv": 70.09, "instrument_name": "BTC-31MAR23-14000-C", "index_price": 17903.38, "direction": "sell", "amount": 0.1}, {"trade_seq": 25, "trade_id": "237654525", "timestamp": 1670940110194, "tick_direction": 1, "price": 0.269, "mark_price": 0.26901819, "iv": 70.09, "instrument_name": "BTC-31MAR23-14000-C", "index_price": 17903.38, "direction": "sell", "amount": 0.8}, {"trade_seq": 24, "trade_id": "237654492", "timestamp": 1670940093785, "tick_direction": 1, "price": 0.269, "mark_price": 0.26907511, "iv": 70.07, "instrument_name": "BTC-31MAR23-14000-C", "index_price": 17905.96, "direction": "sell", "amount": 0.8}, {"trade_seq": 23, "trade_id": "237654300", "timestamp": 1670940018649, "tick_direction": 0, "price": 0.269, "mark_price": 0.26909889, "iv": 70.07, "instrument_name": "BTC-31MAR23-14000-C", "index_price": 17905.2, "direction": "sell", "amount": 1.0}, {"trade_seq": 22, "trade_id": "237653845", "timestamp": 1670939804198, "tick_direction": 1, "price": 0.2685, "mark_price": 0.26853699, "iv": 70.14, "instrument_name": "BTC-31MAR23-14000-C", "index_price": 17893.61, "direction": "sell", "amount": 0.2}, {"trade_seq": 21, "trade_id": "237653843", "timestamp": 1670939800177, "tick_direction": 0, "price": 0.2685, "mark_price": 0.26862676, "iv": 70.07, "instrument_name": "BTC-31MAR23-14000-C", "index_price": 17896.55, "direction": "sell", "amount": 0.8}, {"trade_seq": 20, "trade_id": "237653202", "timestamp": 1670939576236, "tick_direction": 2, "price": 0.268, "mark_price": 0.26802884, "iv": 70.17, "instrument_name": "BTC-31MAR23-14000-C", "index_price": 17872.03, "direction": "sell", "amount": 1.0}, {"trade_seq": 19, "trade_id": "237653137", "timestamp": 1670939514057, "tick_direction": 2, "price": 0.2685, "mark_price": 0.26824697, "iv": 70.35, "instrument_name": "BTC-31MAR23-14000-C", "index_price": 17881.64, "direction": "sell", "amount": 1.0}, {"trade_seq": 18, "trade_id": "237653104", "timestamp": 1670939502764, "tick_direction": 1, "price": 0.269, "mark_price": 0.26882076, "iv": 70.35, "instrument_name": "BTC-31MAR23-14000-C", "index_price": 17897.52, "direction": "sell", "amount": 0.2}, {"trade_seq": 17, "trade_id": "237653077", "timestamp": 1670939501572, "tick_direction": 1, "price": 0.269, "mark_price": 0.26886557, "iv": 70.31, "instrument_name": "BTC-31MAR23-14000-C", "index_price": 17899.98, "direction": "sell", "amount": 0.1}, {"trade_seq": 16, "trade_id": "237653075", "timestamp": 1670939501539, "tick_direction": 1, "price": 0.269, "mark_price": 0.26886557, "iv": 70.31, "instrument_name": "BTC-31MAR23-14000-C", "index_price": 17899.98, "direction": "sell", "amount": 1.3}, {"trade_seq": 15, "trade_id": "237653057", "timestamp": 1670939493734, "tick_direction": 1, "price": 0.269, "mark_price": 0.26897509, "iv": 70.24, "instrument_name": "BTC-31MAR23-14000-C", "index_price": 17906.56, "direction": "sell", "amount": 1.4}, {"trade_seq": 14, "trade_id": "237652796", "timestamp": 1670939331621, "tick_direction": 0, "price": 0.269, "mark_price": 0.26909186, "iv": 70.12, "instrument_name": "BTC-31MAR23-14000-C", "index_price": 17911.56, "direction": "sell", "amount": 1.0}, {"trade_seq": 13, "trade_id": "236874464", "timestamp": 1669671962526, "tick_direction": 0, "price": 0.219, "mark_price": 0.22238992, "iv": 67.34, "instrument_name": "BTC-31MAR23-14000-C", "index_price": 16193.73, "direction": "sell", "amount": 0.4}, {"trade_seq": 12, "trade_id": "236874462", "timestamp": 1669671962448, "tick_direction": 2, "price": 0.2185, "mark_price": 0.22238992, "iv": 67.08, "instrument_name": "BTC-31MAR23-14000-C", "index_price": 16193.79, "direction": "sell", "amount": 0.1}, {"trade_seq": 11, "trade_id": "236581580", "timestamp": 1669154800987, "tick_direction": 2, "price": 0.235, "mark_price": 0.23587376, "iv": 74.82, "instrument_name": "BTC-31MAR23-14000-C", "index_price": 16147.73, "direction": "buy", "amount": 1.0}, {"trade_seq": 10, "trade_id": "235186018", "timestamp": 1668097792757, "tick_direction": 0, "price": 0.302, "mark_price": 0.29649332, "iv": 80.41, "instrument_name": "BTC-31MAR23-14000-C", "index_price": 17872.08, "direction": "buy", "amount": 0.1}, {"trade_seq": 9, "trade_id": "235025157", "timestamp": 1668079576817, "tick_direction": 2, "price": 0.2375, "mark_price": 0.24443299, "iv": 73.6, "instrument_name": "BTC-31MAR23-14000-C", "index_price": 16219.96, "direction": "sell", "amount": 0.1}, {"trade_seq": 8, "trade_id": "233358985", "timestamp": 1667350288873, "tick_direction": 2, "price": 0.36, "mark_price": 0.35845256, "iv": 70.53, "instrument_name": "BTC-31MAR23-14000-C", "index_price": 20510.59, "direction": "sell", "amount": 0.1}, {"trade_seq": 7, "trade_id": "233327647", "timestamp": 1667298499980, "tick_direction": 2, "price": 0.361, "mark_price": 0.36178044, "iv": 69.46, "instrument_name": "BTC-31MAR23-14000-C", "index_price": 20610.18, "direction": "buy", "amount": 0.1}, {"trade_seq": 6, "trade_id": "233327624", "timestamp": 1667298398429, "tick_direction": 1, "price": 0.3615, "mark_price": 0.36190431, "iv": 69.74, "instrument_name": "BTC-31MAR23-14000-C", "index_price": 20613.42, "direction": "buy", "amount": 4.8}, {"trade_seq": 5, "trade_id": "233327623", "timestamp": 1667298395639, "tick_direction": 1, "price": 0.3615, "mark_price": 0.36190713, "iv": 69.73, "instrument_name": "BTC-31MAR23-14000-C", "index_price": 20613.65, "direction": "buy", "amount": 0.6}, {"trade_seq": 4, "trade_id": "233327622", "timestamp": 1667298394275, "tick_direction": 1, "price": 0.3615, "mark_price": 0.36189532, "iv": 69.74, "instrument_name": "BTC-31MAR23-14000-C", "index_price": 20613.22, "direction": "buy", "amount": 2.3}, {"trade_seq": 3, "trade_id": "233327621", "timestamp": 1667298394086, "tick_direction": 1, "price": 0.3615, "mark_price": 0.36191379, "iv": 69.73, "instrument_name": "BTC-31MAR23-14000-C", "index_price": 20613.98, "direction": "buy", "amount": 0.3}, {"trade_seq": 2, "trade_id": "233327620", "timestamp": 1667298393715, "tick_direction": 1, "price": 0.3615, "mark_price": 0.36191379, "iv": 69.73, "instrument_name": "BTC-31MAR23-14000-C", "index_price": 20613.98, "direction": "buy", "amount": 1.0}, {"trade_seq": 1, "trade_id": "233327619", "timestamp": 1667298392133, "tick_direction": 1, "price": 0.3615, "mark_price": 0.36193132, "iv": 69.72, "instrument_name": "BTC-31MAR23-14000-C", "index_price": 20614.47, "direction": "buy", "amount": 1.5}], "has_more": false}