{"trades": [{"trade_seq": 982, "trade_id": "246773422", "timestamp": 1679297037540, "tick_direction": 3, "price": 0.0005, "mark_price": 0.00040452, "iv": 130.69, "instrument_name": "BTC-31MAR23-50000-C", "index_price": 27928.64, "direction": "sell", "amount": 4.2}, {"trade_seq": 981, "trade_id": "246773416", "timestamp": 1679297036725, "tick_direction": 3, "price": 0.0005, "mark_price": 0.00040373, "iv": 130.7, "instrument_name": "BTC-31MAR23-50000-C", "index_price": 27928.34, "direction": "buy", "amount": 1.0}, {"trade_seq": 980, "trade_id": "246657184", "timestamp": 1679265582351, "tick_direction": 3, "price": 0.0005, "mark_price": 0.00068567, "iv": 127.05, "instrument_name": "BTC-31MAR23-50000-C", "index_price": 28140.0, "direction": "sell", "amount": 0.9}, {"trade_seq": 979, "trade_id": "246651924", "timestamp": 1679263510717, "tick_direction": 3, "price": 0.0005, "mark_price": 0.00025545, "iv": 127.14, "instrument_name": "BTC-31MAR23-50000-C", "index_price": 28103.29, "direction": "buy", "amount": 0.1}, {"trade_seq": 978, "trade_id": "246500695", "timestamp": 1679230184365, "tick_direction": 3, "price": 0.0005, "mark_price": 0.00017449, "iv": 130.15, "instrument_name": "BTC-31MAR23-50000-C", "index_price": 27354.11, "direction": "sell", "amount": 2.4}, {"trade_seq": 977, "trade_id": "246500677", "timestamp": 1679230140540, "tick_direction": 3, "price": 0.0005, "mark_price": 0.00017084, "iv": 130.12, "instrument_name": "BTC-31MAR23-50000-C", "index_price": 27356.71, "direction": "buy", "amount": 0.1}, {"trade_seq": 976, "trade_id": "246500676", "timestamp": 1679230140540, "tick_direction": 3, "price": 0.0005, "mark_price": 0.00017084, "iv": 130.12, "instrument_name": "BTC-31MAR23-50000-C", "index_price": 27356.71, "direction": "buy", "amount": 4.5}, {"trade_seq": 975, "trade_id": "245003120", "timestamp": 1678794476818, "tick_direction": 3, "price": 0.0005, "mark_price": 6.46e-05, "iv": 124.17, "instrument_name": "BTC-31MAR23-50000-C", "index_price": 24818.58, "direction": "buy", "amount": 0.5}, {"trade_seq": 974, "trade_id": "245003119", "timestamp": 1678794476818, "tick_direction": 3, "price": 0.0005, "mark_price": 6.46e-05, "iv": 124.17, "instrument_name": "BTC-31MAR23-50000-C", "index_price": 24818.58, "direction": "buy", "amount": 0.5}, {"trade_seq": 973, "trade_id": "244893441", "timestamp": 1678749712962, "tick_direction": 3, "price": 0.0005, "mark_price": 4.993e-05, "iv": 126.48, "instrument_name": "BTC-31MAR23-50000-C", "index_price": 24125.51, "direction": "buy", "amount": 0.1}, {"trade_seq": 972, "trade_id": "242821414", "timestamp": 1677250510146, "tick_direction": 3, "price": 0.0005, "mark_price": 0.00027461, "iv": 90.18, "instrument_name": "BTC-31MAR23-50000-C", "index_price": 23826.03, "direction": "buy", "amount": 0.2}, {"trade_seq": 971, "trade_id": "242821413", "timestamp": 1677250507062, "tick_direction": 3, "price": 0.0005, "mark_price": 0.00027522, "iv": 90.16, "instrument_name": "BTC-31MAR23-50000-C", "index_price": 23829.59, "direction": "buy", "amount": 0.2}, {"trade_seq": 970, "trade_id": "242821405", "timestamp": 1677250496146, "tick_direction": 3, "price": 0.0005, "mark_price": 0.00027516, "iv": 90.16, "instrument_name": "BTC-31MAR23-50000-C", "index_price": 23831.35, "direction": "buy", "amount": 1.0}, {"trade_seq": 969, "trade_id": "242821390", "timestamp": 1677250468258, "tick_direction": 3, "price": 0.0005, "mark_price": 0.00027431, "iv": 90.18, "instrument_name": "BTC-31MAR23-50000-C", "index_price": 23833.44, "direction": "buy", "amount": 3.0}, {"trade_seq": 968, "trade_id": "242821380", "timestamp": 1677250463258, "tick_direction": 3, "price": 0.0005, "mark_price": 0.00027413, "iv": 90.19, "instrument_name": "BTC-31MAR23-50000-C", "index_price": 23824.57, "direction": "buy", "amount": 5.0}, {"trade_seq": 967, "trade_id": "242821361", "timestamp": 1677250455923, "tick_direction": 3, "price": 0.0005, "mark_price": 0.00027323, "iv": 90.22, "instrument_name": "BTC-31MAR23-50000-C", "index_price": 23816.57, "direction": "buy", "amount": 10.0}, {"trade_seq": 966, "trade_id": "242821337", "timestamp": 1677250440571, "tick_direction": 3, "price": 0.0005, "mark_price": 0.00027388, "iv": 90.21, "instrument_name": "BTC-31MAR23-50000-C", "index_price": 23819.71, "direction": "buy", "amount": 20.0}, {"trade_seq": 965, "trade_id": "242536779", "timestamp": 1677037035786, "tick_direction": 3, "price": 0.0005, "mark_price": 0.00071823, "iv": 85.34, "instrument_name": "BTC-31MAR23-50000-C", "index_price": 24200.63, "direction": "buy", "amount": 3.2}, {"trade_seq": 964, "trade_id": "242536778", "timestamp": 1677037035493, "tick_direction": 3, "price": 0.0005, "mark_price": 0.00071823, "iv": 85.34, "instrument_name": "BTC-31MAR23-50000-C", "index_price": 24200.63, "direction": "sell", "amount": 8.6}, {"trade_seq": 963, "trade_id": "242467812", "timestamp": 1676995213797, "tick_direction": 2, "price": 0.0005, "mark_price": 0.00071629, "iv": 83.26, "instrument_name": "BTC-31MAR23-50000-C", "index_price": 24563.21, "direction": "sell", "amount": 10.0}, {"trade_seq": 962, "trade_id": "242383893", "timestamp": 1676928967164, "tick_direction": 0, "price": 0.001, "mark_price": 0.00070667, "iv": 88.05, "instrument_name": "BTC-31MAR23-50000-C", "index_price": 24781.33, "direction": "buy", "amount": 1.0}, {"trade_seq": 961, "trade_id": "242224339", "timestamp": 1676794382556, "tick_direction": 3, "price": 0.0005, "mark_price": 0.0007208, "iv": 80.64, "instrument_name": "BTC-31MAR23-50000-C", "index_price": 24606.12, "direction": "buy", "amount": 0.9}, {"trade_seq": 960, "trade_id": "242224338", "timestamp": 1676794381700, "tick_direction": 3, "price": 0.0005, "mark_price": 0.0007208, "iv": 80.64, "instrument_name": "BTC-31MAR23-50000-C", "index_price": 24606.24, "direction": "buy", "amount": 2.9}, {"trade_seq": 959, "trade_id": "242224337", "timestamp": 1676794381667, "tick_direction": 3, "price": 0.0005, "mark_price": 0.0007208, "iv": 80.64, "instrument_name": "BTC-31MAR23-50000-C", "index_price": 24606.24, "direction": "buy", "amount": 7.2}, {"trade_seq": 958, "trade_id": "242224336", "timestamp": 1676794375029, "tick_direction": 3, "price": 0.0005, "mark_price": 0.00072057, "iv": 80.64, "instrument_name": "BTC-31MAR23-50000-C", "index_price": 24605.76, "direction": "buy", "amount": 2.8}, {"trade_seq": 957, "trade_id": "242224335", "timestamp": 1676794375029, "tick_direction": 3, "price": 0.0005, "mark_price": 0.00072057, "iv": 80.64, "instrument_name": "BTC-31MAR23-50000-C", "index_price": 24605.76, "direction": "buy", "amount": 4.2}, {"trade_seq": 956, "trade_id": "242224334", "timestamp": 1676794375026, "tick_direction": 2, "price": 0.0005, "mark_price": 0.00072057, "iv": 80.64, "instrument_name": "BTC-31MAR23-50000-C", "index_price": 24605.76, "direction": "sell", "amount": 4.0}, {"trade_seq": 955, "trade_id": "242124823", "timestamp": 1676670869614, "tick_direction": 1, "price": 0.001, "mark_price": 0.00121365, "iv": 85.61, "instrument_name": "BTC-31MAR23-50000-C", "index_price": 24635.71, "direction": "sell", "amount": 1.0}, {"trade_seq": 954, "trade_id": "242124822", "timestamp": 1676670869614, "tick_direction": 1, "price": 0.001, "mark_price": 0.00121365, "iv": 85.61, "instrument_name": "BTC-31MAR23-50000-C", "index_price": 24635.71, "direction": "sell", "amount": 1.0}, {"trade_seq": 953, "trade_id": "242124821", "timestamp": 1676670869614, "tick_direction": 1, "price": 0.001, "mark_price": 0.00121365, "iv": 85.61, "instrument_name": "BTC-31MAR23-50000-C", "index_price": 24635.71, "direction": "sell", "amount": 0.7}, {"trade_seq": 952, "trade_id": "242111761", "timestamp": 1676664673428, "tick_direction": 0, "price": 0.001, "mark_price": 0.0008695, "iv": 84.68, "instrument_name": "BTC-31MAR23-50000-C", "index_price": 24838.61, "direction": "buy", "amount": 0.3}, {"trade_seq": 951, "trade_id": "242061249", "timestamp": 1676646919034, "tick_direction": 3, "price": 0.0005, "mark_price": 0.00042829, "iv": 81.32, "instrument_name": "BTC-31MAR23-50000-C", "index_price": 24044.07, "direction": "buy", "amount": 1.0}, {"trade_seq": 950, "trade_id": "241776756", "timestamp": 1676496880235, "tick_direction": 3, "price": 0.0005, "mark_price": 0.00049359, "iv": 79.52, "instrument_name": "BTC-31MAR23-50000-C", "index_price": 24133.22, "direction": "buy", "amount": 5.0}, {"trade_seq": 949, "trade_id": "241589629", "timestamp": 1676378873177, "tick_direction": 3, "price": 0.0005, "mark_price": 0.00049696, "iv": 87.59, "instrument_name": "BTC-31MAR23-50000-C", "index_price": 21855.72, "direction": "buy", "amount": 0.8}, {"trade_seq": 948, "trade_id": "241589628", "timestamp": 1676378873177, "tick_direction": 3, "price": 0.0005, "mark_price": 0.00049696, "iv": 87.59, "instrument_name": "BTC-31MAR23-50000-C", "index_price": 21855.72, "direction": "buy", "amount": 0.2}, {"trade_seq": 947, "trade_id": "241301423", "timestamp": 1675998498984, "tick_direction": 2, "price": 0.0005, "mark_price": 0.00057105, "iv": 83.31, "instrument_name": "BTC-31MAR23-50000-C", "index_price": 21894.55, "direction": "sell", "amount": 2.2}, {"trade_seq": 946, "trade_id": "241229253", "timestamp": 1675958385930, "tick_direction": 0, "price": 0.0007, "mark_price": 0.00071619, "iv": 82.92, "instrument_name": "BTC-31MAR23-50000-C", "index_price": 22608.53, "direction": "sell", "block_trade_id": "64284", "amount": 12.5}, {"trade_seq": 945, "trade_id": "241022906", "timestamp": 1675728332558, "tick_direction": 3, "price": 0.0005, "mark_price": 0.000729, "iv": 77.13, "instrument_name": "BTC-31MAR23-50000-C", "index_price": 22798.67, "direction": "sell", "amount": 1.6}, {"trade_seq": 944, "trade_id": "241022905", "timestamp": 1675728332558, "tick_direction": 3, "price": 0.0005, "mark_price": 0.000729, "iv": 77.13, "instrument_name": "BTC-31MAR23-50000-C", "index_price": 22798.67, "direction": "sell", "amount": 0.5}, {"trade_seq": 943, "trade_id": "240942673", "timestamp": 1675632160917, "tick_direction": 3, "price": 0.0005, "mark_price": 0.00072495, "iv": 76.04, "instrument_name": "BTC-31MAR23-50000-C", "index_price": 22884.14, "direction": "buy", "amount": 0.4}, {"trade_seq": 942, "trade_id": "240942672", "timestamp": 1675632160914, "tick_direction": 3, "price": 0.0005, "mark_price": 0.00072495, "iv": 76.04, "instrument_name": "BTC-31MAR23-50000-C", "index_price": 22884.14, "direction": "sell", "amount": 1.0}, {"trade_seq": 941, "trade_id": "240942671", "timestamp": 1675632160914, "tick_direction": 2, "price": 0.0005, "mark_price": 0.00072495, "iv": 76.04, "instrument_name": "BTC-31MAR23-50000-C", "index_price": 22884.14, "direction": "sell", "amount": 1.6}, {"trade_seq": 940, "trade_id": "240747623", "timestamp": 1675364785692, "tick_direction": 1, "price": 0.001, "mark_price": 0.00087688, "iv": 75.52, "instrument_name": "BTC-31MAR23-50000-C", "index_price": 23958.99, "direction": "buy", "amount": 0.7}, {"trade_seq": 939, "trade_id": "240696104", "timestamp": 1675325178562, "tick_direction": 1, "price": 0.001, "mark_price": 0.00100446, "iv": 75.83, "instrument_name": "BTC-31MAR23-50000-C", "index_price": 23806.17, "direction": "sell", "amount": 2.2}, {"trade_seq": 938, "trade_id": "240593602", "timestamp": 1675264604199, "tick_direction": 1, "price": 0.001, "mark_price": 0.00072461, "iv": 78.27, "instrument_name": "BTC-31MAR23-50000-C", "index_price": 23042.04, "direction": "buy", "amount": 0.3}, {"trade_seq": 937, "trade_id": "240593025", "timestamp": 1675264161843, "tick_direction": 1, "price": 0.001, "mark_price": 0.00071805, "iv": 78.25, "instrument_name": "BTC-31MAR23-50000-C", "index_price": 23046.55, "direction": "buy", "amount": 0.9}, {"trade_seq": 936, "trade_id": "240589959", "timestamp": 1675262098255, "tick_direction": 1, "price": 0.001, "mark_price": 0.00071151, "iv": 78.17, "instrument_name": "BTC-31MAR23-50000-C", "index_price": 23060.48, "direction": "buy", "amount": 0.1}, {"trade_seq": 935, "trade_id": "240589698", "timestamp": 1675261948928, "tick_direction": 1, "price": 0.001, "mark_price": 0.00072528, "iv": 78.02, "instrument_name": "BTC-31MAR23-50000-C", "index_price": 23101.89, "direction": "buy", "amount": 0.5}, {"trade_seq": 934, "trade_id": "240589448", "timestamp": 1675261674738, "tick_direction": 1, "price": 0.001, "mark_price": 0.00072777, "iv": 77.99, "instrument_name": "BTC-31MAR23-50000-C", "index_price": 23107.64, "direction": "buy", "amount": 0.6}, {"trade_seq": 933, "trade_id": "240588637", "timestamp": 1675259827094, "tick_direction": 0, "price": 0.001, "mark_price": 0.00072284, "iv": 78.03, "instrument_name": "BTC-31MAR23-50000-C", "index_price": 23095.91, "direction": "buy", "amount": 1.6}, {"trade_seq": 932, "trade_id": "240585405", "timestamp": 1675253155060, "tick_direction": 1, "price": 0.001, "mark_price": 0.00074096, "iv": 78.02, "instrument_name": "BTC-31MAR23-50000-C", "index_price": 23088.5, "direction": "buy", "amount": 1.8}, {"trade_seq": 931, "trade_id": "240580832", "timestamp": 1675243636385, "tick_direction": 0, "price": 0.001, "mark_price": 0.00101781, "iv": 78.28, "instrument_name": "BTC-31MAR23-50000-C", "index_price": 23009.31, "direction": "sell", "amount": 0.9}, {"trade_seq": 930, "trade_id": "240542087", "timestamp": 1675182294905, "tick_direction": 2, "price": 0.0005, "mark_price": 0.00094923, "iv": 71.62, "instrument_name": "BTC-31MAR23-50000-C", "index_price": 23126.63, "direction": "sell", "amount": 0.1}, {"trade_seq": 929, "trade_id": "240164734", "timestamp": 1674689185782, "tick_direction": 3, "price": 0.002, "mark_price": 0.00180449, "iv": 80.34, "instrument_name": "BTC-31MAR23-50000-C", "index_price": 23135.98, "direction": "buy", "amount": 2.0}, {"trade_seq": 928, "trade_id": "240164733", "timestamp": 1674689185782, "tick_direction": 3, "price": 0.002, "mark_price": 0.00180449, "iv": 80.34, "instrument_name": "BTC-31MAR23-50000-C", "index_price": 23135.98, "direction": "buy", "amount": 3.1}, {"trade_seq": 927, "trade_id": "240083353", "timestamp": 1674623072762, "tick_direction": 3, "price": 0.002, "mark_price": 0.00223625, "iv": 81.83, "instrument_name": "BTC-31MAR23-50000-C", "index_price": 22640.52, "direction": "sell", "amount": 7.0}, {"trade_seq": 926, "trade_id": "240082214", "timestamp": 1674618247934, "tick_direction": 3, "price": 0.002, "mark_price": 0.00223767, "iv": 81.78, "instrument_name": "BTC-31MAR23-50000-C", "index_price": 22627.93, "direction": "sell", "amount": 3.0}, {"trade_seq": 925, "trade_id": "239937706", "timestamp": 1674474732503, "tick_direction": 3, "price": 0.002, "mark_price": 0.00257658, "iv": 79.97, "instrument_name": "BTC-31MAR23-50000-C", "index_price": 22856.71, "direction": "sell", "amount": 0.5}, {"trade_seq": 924, "trade_id": "239937705", "timestamp": 1674474732503, "tick_direction": 2, "price": 0.002, "mark_price": 0.00257658, "iv": 79.97, "instrument_name": "BTC-31MAR23-50000-C", "index_price": 22856.71, "direction": "sell", "amount": 2.7}, {"trade_seq": 923, "trade_id": "239937543", "timestamp": 1674474584079, "tick_direction": 3, "price": 0.0025, "mark_price": 0.00273169, "iv": 82.32, "instrument_name": "BTC-31MAR23-50000-C", "index_price": 22876.94, "direction": "buy", "amount": 1.7}, {"trade_seq": 922, "trade_id": "239937540", "timestamp": 1674474578022, "tick_direction": 3, "price": 0.0025, "mark_price": 0.00274158, "iv": 82.31, "instrument_name": "BTC-31MAR23-50000-C", "index_price": 22881.95, "direction": "buy", "amount": 1.8}, {"trade_seq": 921, "trade_id": "239937539", "timestamp": 1674474575848, "tick_direction": 3, "price": 0.0025, "mark_price": 0.00274363, "iv": 82.31, "instrument_name": "BTC-31MAR23-50000-C", "index_price": 22881.88, "direction": "sell", "amount": 15.0}, {"trade_seq": 920, "trade_id": "239937538", "timestamp": 1674474575848, "tick_direction": 2, "price": 0.0025, "mark_price": 0.00274363, "iv": 82.31, "instrument_name": "BTC-31MAR23-50000-C", "index_price": 22881.88, "direction": "sell", "amount": 1.8}, {"trade_seq": 919, "trade_id": "239923063", "timestamp": 1674454348953, "tick_direction": 3, "price": 0.0025, "mark_price": 0.00275897, "iv": 82.69, "instrument_name": "BTC-31MAR23-50000-C", "index_price": 22739.59, "direction": "sell", "amount": 1.5}, {"trade_seq": 918, "trade_id": "239923062", "timestamp": 1674454348953, "tick_direction": 3, "price": 0.0025, "mark_price": 0.00275897, "iv": 82.69, "instrument_name": "BTC-31MAR23-50000-C", "index_price": 22739.59, "direction": "sell", "amount": 0.5}, {"trade_seq": 917, "trade_id": "239916922", "timestamp": 1674436998780, "tick_direction": 3, "price": 0.0025, "mark_price": 0.00223631, "iv": 82.46, "instrument_name": "BTC-31MAR23-50000-C", "index_price": 22773.76, "direction": "buy", "amount": 2.1}, {"trade_seq": 916, "trade_id": "239916921", "timestamp": 1674436998780, "tick_direction": 3, "price": 0.0025, "mark_price": 0.00223631, "iv": 82.46, "instrument_name": "BTC-31MAR23-50000-C", "index_price": 22773.76, "direction": "buy", "amount": 2.1}, {"trade_seq": 915, "trade_id": "239915075", "timestamp": 1674432920009, "tick_direction": 3, "price": 0.0025, "mark_price": 0.00238249, "iv": 82.76, "instrument_name": "BTC-31MAR23-50000-C", "index_price": 22689.01, "direction": "buy", "amount": 0.1}, {"trade_seq": 914, "trade_id": "239914747", "timestamp": 1674432367880, "tick_direction": 3, "price": 0.0025, "mark_price": 0.00274199, "iv": 82.62, "instrument_name": "BTC-31MAR23-50000-C", "index_price": 22734.93, "direction": "buy", "amount": 1.7}, {"trade_seq": 913, "trade_id": "239914745", "timestamp": 1674432355591, "tick_direction": 3, "price": 0.0025, "mark_price": 0.00274965, "iv": 82.62, "instrument_name": "BTC-31MAR23-50000-C", "index_price": 22735.67, "direction": "sell", "amount": 2.1}, {"trade_seq": 912, "trade_id": "239905469", "timestamp": 1674421012192, "tick_direction": 2, "price": 0.0025, "mark_price": 0.00236781, "iv": 83.65, "instrument_name": "BTC-31MAR23-50000-C", "index_price": 22445.63, "direction": "buy", "amount": 25.0}, {"trade_seq": 911, "trade_id": "239889430", "timestamp": 1674403063437, "tick_direction": 2, "price": 0.003, "mark_price": 0.00293384, "iv": 84.29, "instrument_name": "BTC-31MAR23-50000-C", "index_price": 22785.49, "direction": "buy", "amount": 2.1}, {"trade_seq": 910, "trade_id": "239881507", "timestamp": 1674398479626, "tick_direction": 0, "price": 0.0035, "mark_price": 0.0034634, "iv": 85.65, "instrument_name": "BTC-31MAR23-50000-C", "index_price": 22919.81, "direction": "buy", "amount": 0.1}, {"trade_seq": 909, "trade_id": "239786565", "timestamp": 1674295492747, "tick_direction": 0, "price": 0.003, "mark_price": 0.00312324, "iv": 81.72, "instrument_name": "BTC-31MAR23-50000-C", "index_price": 23234.98, "direction": "buy", "amount": 0.1}, {"trade_seq": 908, "trade_id": "239584868", "timestamp": 1674077818138, "tick_direction": 3, "price": 0.002, "mark_price": 0.00145385, "iv": 85.07, "instrument_name": "BTC-31MAR23-50000-C", "index_price": 20786.61, "direction": "buy", "amount": 2.0}, {"trade_seq": 907, "trade_id": "239584867", "timestamp": 1674077818138, "tick_direction": 3, "price": 0.002, "mark_price": 0.00145385, "iv": 85.07, "instrument_name": "BTC-31MAR23-50000-C", "index_price": 20786.61, "direction": "buy", "amount": 2.1}, {"trade_seq": 906, "trade_id": "239584850", "timestamp": 1674077805520, "tick_direction": 3, "price": 0.002, "mark_price": 0.00144613, "iv": 85.06, "instrument_name": "BTC-31MAR23-50000-C", "index_price": 20789.79, "direction": "buy", "amount": 2.0}, {"trade_seq": 905, "trade_id": "239584849", "timestamp": 1674077805520, "tick_direction": 2, "price": 0.002, "mark_price": 0.00144613, "iv": 85.06, "instrument_name": "BTC-31MAR23-50000-C", "index_price": 20789.79, "direction": "buy", "amount": 3.2}, {"trade_seq": 904, "trade_id": "239505737", "timestamp": 1674039281783, "tick_direction": 2, "price": 0.0022, "mark_price": 0.00203353, "iv": 84.27, "instrument_name": "BTC-31MAR23-50000-C", "index_price": 21198.02, "direction": "sell", "combo_trade_id": "239505735", "combo_id": "BTC-CBUT-31MAR23-40000_45000_50000", "amount": 0.3}, {"trade_seq": 903, "trade_id": "239481645", "timestamp": 1673991859707, "tick_direction": 3, "price": 0.002, "mark_price": 0.00243923, "iv": 82.54, "instrument_name": "BTC-31MAR23-50000-C", "index_price": 21274.17, "direction": "sell", "amount": 0.6}, {"trade_seq": 902, "trade_id": "239481644", "timestamp": 1673991859707, "tick_direction": 2, "price": 0.002, "mark_price": 0.00243923, "iv": 82.54, "instrument_name": "BTC-31MAR23-50000-C", "index_price": 21274.17, "direction": "sell", "amount": 2.9}, {"trade_seq": 901, "trade_id": "239394357", "timestamp": 1673903859091, "tick_direction": 3, "price": 0.003, "mark_price": 0.00283513, "iv": 86.7, "instrument_name": "BTC-31MAR23-50000-C", "index_price": 21224.44, "direction": "buy", "amount": 1.0}, {"trade_seq": 900, "trade_id": "239384635", "timestamp": 1673896914054, "tick_direction": 2, "price": 0.003, "mark_price": 0.00288857, "iv": 86.34, "instrument_name": "BTC-31MAR23-50000-C", "index_price": 21310.01, "direction": "buy", "amount": 1.0}, {"trade_seq": 899, "trade_id": "239337944", "timestamp": 1673857012079, "tick_direction": 2, "price": 0.004, "mark_price": 0.00433152, "iv": 91.81, "instrument_name": "BTC-31MAR23-50000-C", "index_price": 20812.09, "direction": "sell", "amount": 2.2}, {"trade_seq": 898, "trade_id": "239322538", "timestamp": 1673847316309, "tick_direction": 1, "price": 0.0045, "mark_price": 0.00462308, "iv": 91.85, "instrument_name": "BTC-31MAR23-50000-C", "index_price": 21160.28, "direction": "buy", "amount": 1.5}, {"trade_seq": 897, "trade_id": "239322395", "timestamp": 1673846973671, "tick_direction": 1, "price": 0.0045, "mark_price": 0.00473591, "iv": 91.89, "instrument_name": "BTC-31MAR23-50000-C", "index_price": 21150.53, "direction": "buy", "amount": 3.0}, {"trade_seq": 896, "trade_id": "239322394", "timestamp": 1673846973669, "tick_direction": 0, "price": 0.0045, "mark_price": 0.00473591, "iv": 91.89, "instrument_name": "BTC-31MAR23-50000-C", "index_price": 21150.53, "direction": "sell", "amount": 2.0}, {"trade_seq": 895, "trade_id": "239272999", "timestamp": 1673797939639, "tick_direction": 3, "price": 0.004, "mark_price": 0.0039255, "iv": 90.77, "instrument_name": "BTC-31MAR23-50000-C", "index_price": 20953.82, "direction": "buy", "amount": 0.1}, {"trade_seq": 894, "trade_id": "239272998", "timestamp": 1673797939639, "tick_direction": 2, "price": 0.004, "mark_price": 0.0039255, "iv": 90.77, "instrument_name": "BTC-31MAR23-50000-C", "index_price": 20953.82, "direction": "buy", "amount": 0.2}, {"trade_seq": 893, "trade_id": "239231230", "timestamp": 1673740365939, "tick_direction": 0, "price": 0.0045, "mark_price": 0.00414852, "iv": 91.92, "instrument_name": "BTC-31MAR23-50000-C", "index_price": 20993.68, "direction": "buy", "amount": 0.1}, {"trade_seq": 892, "trade_id": "239207462", "timestamp": 1673711836012, "tick_direction": 1, "price": 0.003, "mark_price": 0.00268699, "iv": 87.29, "instrument_name": "BTC-31MAR23-50000-C", "index_price": 20775.73, "direction": "buy", "amount": 2.0}, {"trade_seq": 891, "trade_id": "239207461", "timestamp": 1673711835282, "tick_direction": 1, "price": 0.003, "mark_price": 0.00268699, "iv": 87.29, "instrument_name": "BTC-31MAR23-50000-C", "index_price": 20775.73, "direction": "buy", "amount": 1.9}, {"trade_seq": 890, "trade_id": "239207460", "timestamp": 1673711835282, "tick_direction": 0, "price": 0.003, "mark_price": 0.00268699, "iv": 87.29, "instrument_name": "BTC-31MAR23-50000-C", "index_price": 20775.73, "direction": "buy", "amount": 1.0}, {"trade_seq": 889, "trade_id": "239206896", "timestamp": 1673711365879, "tick_direction": 0, "price": 0.0025, "mark_price": 0.00219921, "iv": 85.28, "instrument_name": "BTC-31MAR23-50000-C", "index_price": 20738.94, "direction": "buy", "amount": 2.1}, {"trade_seq": 888, "trade_id": "239203510", "timestamp": 1673710551761, "tick_direction": 0, "price": 0.002, "mark_price": 0.00174647, "iv": 82.43, "instrument_name": "BTC-31MAR23-50000-C", "index_price": 20846.47, "direction": "buy", "amount": 0.1}, {"trade_seq": 887, "trade_id": "239007411", "timestamp": 1673622973264, "tick_direction": 1, "price": 0.001, "mark_price": 0.000742, "iv": 81.54, "instrument_name": "BTC-31MAR23-50000-C", "index_price": 19158.82, "direction": "buy", "amount": 1.6}, {"trade_seq": 886, "trade_id": "239007367", "timestamp": 1673622967342, "tick_direction": 1, "price": 0.001, "mark_price": 0.00074334, "iv": 81.53, "instrument_name": "BTC-31MAR23-50000-C", "index_price": 19164.09, "direction": "buy", "amount": 1.6}, {"trade_seq": 885, "trade_id": "239007366", "timestamp": 1673622967342, "tick_direction": 1, "price": 0.001, "mark_price": 0.00074334, "iv": 81.53, "instrument_name": "BTC-31MAR23-50000-C", "index_price": 19164.09, "direction": "buy", "amount": 10.0}, {"trade_seq": 884, "trade_id": "238984300", "timestamp": 1673605821231, "tick_direction": 1, "price": 0.001, "mark_price": 0.00077121, "iv": 82.3, "instrument_name": "BTC-31MAR23-50000-C", "index_price": 18928.74, "direction": "sell", "amount": 3.1}, {"trade_seq": 883, "trade_id": "238984160", "timestamp": 1673605675208, "tick_direction": 1, "price": 0.001, "mark_price": 0.00073448, "iv": 82.25, "instrument_name": "BTC-31MAR23-50000-C", "index_price": 18941.95, "direction": "sell", "amount": 3.3}, {"trade_seq": 882, "trade_id": "238984159", "timestamp": 1673605675199, "tick_direction": 1, "price": 0.001, "mark_price": 0.00073448, "iv": 82.25, "instrument_name": "BTC-31MAR23-50000-C", "index_price": 18941.95, "direction": "buy", "amount": 1.7}, {"trade_seq": 881, "trade_id": "238844500", "timestamp": 1673524118550, "tick_direction": 0, "price": 0.001, "mark_price": 0.00071791, "iv": 84.63, "instrument_name": "BTC-31MAR23-50000-C", "index_price": 18192.5, "direction": "buy", "amount": 1.0}, {"trade_seq": 880, "trade_id": "238758670", "timestamp": 1673443382438, "tick_direction": 3, "price": 0.0005, "mark_price": 0.00070866, "iv": 81.27, "instrument_name": "BTC-31MAR23-50000-C", "index_price": 17428.77, "direction": "sell", "amount": 1.6}, {"trade_seq": 879, "trade_id": "238758669", "timestamp": 1673443382438, "tick_direction": 3, "price": 0.0005, "mark_price": 0.00070866, "iv": 81.27, "instrument_name": "BTC-31MAR23-50000-C", "index_price": 17428.77, "direction": "sell", "amount": 0.4}, {"trade_seq": 878, "trade_id": "238758668", "timestamp": 1673443382438, "tick_direction": 2, "price": 0.0005, "mark_price": 0.00070866, "iv": 81.27, "instrument_name": "BTC-31MAR23-50000-C", "index_price": 17428.77, "direction": "sell", "amount": 1.0}, {"trade_seq": 877, "trade_id": "238641257", "timestamp": 1673047184154, "tick_direction": 0, "price": 0.0015, "mark_price": 0.00123446, "iv": 90.64, "instrument_name": "BTC-31MAR23-50000-C", "index_price": 16976.85, "direction": "buy", "amount": 9.9}, {"trade_seq": 876, "trade_id": "238626938", "timestamp": 1673019656677, "tick_direction": 2, "price": 0.001, "mark_price": 0.00124681, "iv": 87.21, "instrument_name": "BTC-31MAR23-50000-C", "index_price": 16808.94, "direction": "sell", "amount": 1.0}, {"trade_seq": 875, "trade_id": "238613253", "timestamp": 1672996675663, "tick_direction": 3, "price": 0.0015, "mark_price": 0.00101944, "iv": 91.22, "instrument_name": "BTC-31MAR23-50000-C", "index_price": 16778.86, "direction": "buy", "amount": 1.5}, {"trade_seq": 874, "trade_id": "238590001", "timestamp": 1672927318873, "tick_direction": 3, "price": 0.0015, "mark_price": 0.00122622, "iv": 90.82, "instrument_name": "BTC-31MAR23-50000-C", "index_price": 16778.79, "direction": "buy", "amount": 0.9}, {"trade_seq": 873, "trade_id": "238590000", "timestamp": 1672927318873, "tick_direction": 2, "price": 0.0015, "mark_price": 0.00122622, "iv": 90.82, "instrument_name": "BTC-31MAR23-50000-C", "index_price": 16778.79, "direction": "buy", "amount": 0.1}, {"trade_seq": 872, "trade_id": "238505413", "timestamp": 1672685909444, "tick_direction": 1, "price": 0.001, "mark_price": 0.00143929, "iv": 85.72, "instrument_name": "BTC-31MAR23-50000-C", "index_price": 16715.6, "direction": "sell", "amount": 20.0}, {"trade_seq": 871, "trade_id": "238505412", "timestamp": 1672685909444, "tick_direction": 1, "price": 0.001, "mark_price": 0.00143929, "iv": 85.72, "instrument_name": "BTC-31MAR23-50000-C", "index_price": 16715.6, "direction": "sell", "amount": 2.0}, {"trade_seq": 870, "trade_id": "238505411", "timestamp": 1672685909444, "tick_direction": 0, "price": 0.001, "mark_price": 0.00143929, "iv": 85.72, "instrument_name": "BTC-31MAR23-50000-C", "index_price": 16715.6, "direction": "sell", "amount": 3.0}, {"trade_seq": 869, "trade_id": "238455405", "timestamp": 1672495622550, "tick_direction": 2, "price": 0.0005, "mark_price": 0.00089972, "iv": 79.52, "instrument_name": "BTC-31MAR23-50000-C", "index_price": 16586.28, "direction": "sell", "amount": 2.0}, {"trade_seq": 868, "trade_id": "238452620", "timestamp": 1672480001108, "tick_direction": 3, "price": 0.002, "mark_price": 0.00090495, "iv": 92.45, "instrument_name": "BTC-31MAR23-50000-C", "index_price": 16537.05, "direction": "buy", "amount": 0.4}, {"trade_seq": 867, "trade_id": "238437370", "timestamp": 1672421113245, "tick_direction": 2, "price": 0.002, "mark_price": 0.00223625, "iv": 92.12, "instrument_name": "BTC-31MAR23-50000-C", "index_price": 16521.43, "direction": "sell", "amount": 3.5}, {"trade_seq": 866, "trade_id": "238428187", "timestamp": 1672411227303, "tick_direction": 1, "price": 0.0025, "mark_price": 0.00196739, "iv": 94.88, "instrument_name": "BTC-31MAR23-50000-C", "index_price": 16477.26, "direction": "buy", "amount": 0.6}, {"trade_seq": 865, "trade_id": "238428117", "timestamp": 1672411093933, "tick_direction": 1, "price": 0.0025, "mark_price": 0.00197954, "iv": 94.83, "instrument_name": "BTC-31MAR23-50000-C", "index_price": 16486.74, "direction": "buy", "amount": 0.5}, {"trade_seq": 864, "trade_id": "238428067", "timestamp": 1672411012457, "tick_direction": 0, "price": 0.0025, "mark_price": 0.00198186, "iv": 94.84, "instrument_name": "BTC-31MAR23-50000-C", "index_price": 16484.08, "direction": "buy", "amount": 0.6}, {"trade_seq": 863, "trade_id": "238417893", "timestamp": 1672391418093, "tick_direction": 1, "price": 0.002, "mark_price": 0.00212202, "iv": 92.18, "instrument_name": "BTC-31MAR23-50000-C", "index_price": 16499.3, "direction": "sell", "amount": 0.1}, {"trade_seq": 862, "trade_id": "238417720", "timestamp": 1672390845827, "tick_direction": 1, "price": 0.002, "mark_price": 0.00175004, "iv": 92.21, "instrument_name": "BTC-31MAR23-50000-C", "index_price": 16493.16, "direction": "buy", "amount": 1.8}, {"trade_seq": 861, "trade_id": "238417719", "timestamp": 1672390845812, "tick_direction": 1, "price": 0.002, "mark_price": 0.00175004, "iv": 92.21, "instrument_name": "BTC-31MAR23-50000-C", "index_price": 16493.16, "direction": "buy", "amount": 1.8}, {"trade_seq": 860, "trade_id": "238417718", "timestamp": 1672390845812, "tick_direction": 0, "price": 0.002, "mark_price": 0.00175004, "iv": 92.21, "instrument_name": "BTC-31MAR23-50000-C", "index_price": 16493.16, "direction": "buy", "amount": 0.2}, {"trade_seq": 859, "trade_id": "238416718", "timestamp": 1672389406450, "tick_direction": 3, "price": 0.0015, "mark_price": 0.00193165, "iv": 89.22, "instrument_name": "BTC-31MAR23-50000-C", "index_price": 16470.45, "direction": "sell", "amount": 0.1}, {"trade_seq": 858, "trade_id": "238414321", "timestamp": 1672387449974, "tick_direction": 2, "price": 0.0015, "mark_price": 0.00188536, "iv": 89.2, "instrument_name": "BTC-31MAR23-50000-C", "index_price": 16487.03, "direction": "sell", "amount": 0.1}, {"trade_seq": 857, "trade_id": "238404697", "timestamp": 1672383323515, "tick_direction": 3, "price": 0.002, "mark_price": 0.00223758, "iv": 91.98, "instrument_name": "BTC-31MAR23-50000-C", "index_price": 16536.53, "direction": "sell", "amount": 7.3}, {"trade_seq": 856, "trade_id": "238404696", "timestamp": 1672383323515, "tick_direction": 2, "price": 0.002, "mark_price": 0.00223758, "iv": 91.98, "instrument_name": "BTC-31MAR23-50000-C", "index_price": 16536.53, "direction": "sell", "amount": 2.0}, {"trade_seq": 855, "trade_id": "238335504", "timestamp": 1672235131934, "tick_direction": 3, "price": 0.0025, "mark_price": 0.00224005, "iv": 93.29, "instrument_name": "BTC-31MAR23-50000-C", "index_price": 16648.93, "direction": "buy", "amount": 3.4}, {"trade_seq": 854, "trade_id": "238335503", "timestamp": 1672235131934, "tick_direction": 3, "price": 0.0025, "mark_price": 0.00224005, "iv": 93.29, "instrument_name": "BTC-31MAR23-50000-C", "index_price": 16648.93, "direction": "buy", "amount": 9.0}, {"trade_seq": 853, "trade_id": "238333846", "timestamp": 1672227855334, "tick_direction": 2, "price": 0.0025, "mark_price": 0.00224322, "iv": 93.15, "instrument_name": "BTC-31MAR23-50000-C", "index_price": 16673.46, "direction": "buy", "amount": 1.0}, {"trade_seq": 852, "trade_id": "238284259", "timestamp": 1672079575522, "tick_direction": 1, "price": 0.0027, "mark_price": 0.00243191, "iv": 92.58, "instrument_name": "BTC-31MAR23-50000-C", "index_price": 16823.09, "direction": "buy", "combo_id": "BTC-CS-31MAR23-19000_50000", "block_trade_id": "59620", "amount": 100.0}, {"trade_seq": 851, "trade_id": "238284258", "timestamp": 1672079542931, "tick_direction": 0, "price": 0.0027, "mark_price": 0.00242976, "iv": 92.58, "instrument_name": "BTC-31MAR23-50000-C", "index_price": 16822.95, "direction": "buy", "combo_id": "BTC-CS-31MAR23-19000_50000", "block_trade_id": "59619", "amount": 75.0}, {"trade_seq": 850, "trade_id": "238273245", "timestamp": 1672027173915, "tick_direction": 3, "price": 0.0025, "mark_price": 0.00261348, "iv": 91.13, "instrument_name": "BTC-31MAR23-50000-C", "index_price": 16890.99, "direction": "buy", "amount": 2.0}, {"trade_seq": 849, "trade_id": "238273244", "timestamp": 1672027173907, "tick_direction": 3, "price": 0.0025, "mark_price": 0.00261348, "iv": 91.13, "instrument_name": "BTC-31MAR23-50000-C", "index_price": 16890.99, "direction": "sell", "amount": 1.0}, {"trade_seq": 848, "trade_id": "238270453", "timestamp": 1672019105410, "tick_direction": 3, "price": 0.0025, "mark_price": 0.00274467, "iv": 91.29, "instrument_name": "BTC-31MAR23-50000-C", "index_price": 16841.01, "direction": "sell", "amount": 0.5}, {"trade_seq": 847, "trade_id": "238270452", "timestamp": 1672019096137, "tick_direction": 2, "price": 0.0025, "mark_price": 0.00274537, "iv": 91.29, "instrument_name": "BTC-31MAR23-50000-C", "index_price": 16840.34, "direction": "sell", "amount": 0.5}, {"trade_seq": 846, "trade_id": "238145648", "timestamp": 1671650926842, "tick_direction": 3, "price": 0.003, "mark_price": 0.00309857, "iv": 91.62, "instrument_name": "BTC-31MAR23-50000-C", "index_price": 16784.8, "direction": "sell", "amount": 1.0}, {"trade_seq": 845, "trade_id": "238134281", "timestamp": 1671633121253, "tick_direction": 3, "price": 0.003, "mark_price": 0.00324293, "iv": 91.25, "instrument_name": "BTC-31MAR23-50000-C", "index_price": 16857.14, "direction": "sell", "amount": 1.0}, {"trade_seq": 844, "trade_id": "238134280", "timestamp": 1671633121253, "tick_direction": 3, "price": 0.003, "mark_price": 0.00324293, "iv": 91.25, "instrument_name": "BTC-31MAR23-50000-C", "index_price": 16857.14, "direction": "sell", "amount": 10.2}, {"trade_seq": 843, "trade_id": "238134278", "timestamp": 1671633120513, "tick_direction": 3, "price": 0.003, "mark_price": 0.00324269, "iv": 91.25, "instrument_name": "BTC-31MAR23-50000-C", "index_price": 16857.07, "direction": "sell", "amount": 30.0}, {"trade_seq": 842, "trade_id": "238108288", "timestamp": 1671558331708, "tick_direction": 3, "price": 0.003, "mark_price": 0.00324384, "iv": 90.98, "instrument_name": "BTC-31MAR23-50000-C", "index_price": 16810.48, "direction": "sell", "amount": 1.0}, {"trade_seq": 841, "trade_id": "238032575", "timestamp": 1671471932626, "tick_direction": 3, "price": 0.003, "mark_price": 0.00324453, "iv": 91.57, "instrument_name": "BTC-31MAR23-50000-C", "index_price": 16566.48, "direction": "sell", "amount": 0.1}, {"trade_seq": 840, "trade_id": "238032574", "timestamp": 1671471932620, "tick_direction": 3, "price": 0.003, "mark_price": 0.00324453, "iv": 91.57, "instrument_name": "BTC-31MAR23-50000-C", "index_price": 16566.48, "direction": "sell", "amount": 0.1}, {"trade_seq": 839, "trade_id": "238032573", "timestamp": 1671471932615, "tick_direction": 3, "price": 0.003, "mark_price": 0.00324453, "iv": 91.57, "instrument_name": "BTC-31MAR23-50000-C", "index_price": 16566.48, "direction": "sell", "amount": 0.1}, {"trade_seq": 838, "trade_id": "238032572", "timestamp": 1671471932606, "tick_direction": 3, "price": 0.003, "mark_price": 0.00324453, "iv": 91.57, "instrument_name": "BTC-31MAR23-50000-C", "index_price": 16566.48, "direction": "sell", "amount": 0.1}, {"trade_seq": 837, "trade_id": "238032571", "timestamp": 1671471932600, "tick_direction": 3, "price": 0.003, "mark_price": 0.00324453, "iv": 91.57, "instrument_name": "BTC-31MAR23-50000-C", "index_price": 16566.48, "direction": "sell", "amount": 0.1}, {"trade_seq": 836, "trade_id": "238032569", "timestamp": 1671471932591, "tick_direction": 3, "price": 0.003, "mark_price": 0.00324453, "iv": 91.57, "instrument_name": "BTC-31MAR23-50000-C", "index_price": 16566.48, "direction": "sell", "amount": 0.1}, {"trade_seq": 835, "trade_id": "238032568", "timestamp": 1671471932575, "tick_direction": 3, "price": 0.003, "mark_price": 0.00324453, "iv": 91.57, "instrument_name": "BTC-31MAR23-50000-C", "index_price": 16566.48, "direction": "sell", "amount": 0.1}, {"trade_seq": 834, "trade_id": "238032567", "timestamp": 1671471932568, "tick_direction": 3, "price": 0.003, "mark_price": 0.00324453, "iv": 91.57, "instrument_name": "BTC-31MAR23-50000-C", "index_price": 16566.48, "direction": "sell", "amount": 0.1}, {"trade_seq": 833, "trade_id": "238032565", "timestamp": 1671471932551, "tick_direction": 3, "price": 0.003, "mark_price": 0.00324453, "iv": 91.57, "instrument_name": "BTC-31MAR23-50000-C", "index_price": 16566.48, "direction": "sell", "amount": 0.1}, {"trade_seq": 832, "trade_id": "238031118", "timestamp": 1671471221393, "tick_direction": 3, "price": 0.003, "mark_price": 0.00320917, "iv": 91.56, "instrument_name": "BTC-31MAR23-50000-C", "index_price": 16568.02, "direction": "sell", "amount": 0.1}, {"trade_seq": 831, "trade_id": "238030797", "timestamp": 1671471110675, "tick_direction": 3, "price": 0.003, "mark_price": 0.00323632, "iv": 91.41, "instrument_name": "BTC-31MAR23-50000-C", "index_price": 16603.14, "direction": "sell", "amount": 0.1}, {"trade_seq": 830, "trade_id": "238030732", "timestamp": 1671471075295, "tick_direction": 3, "price": 0.003, "mark_price": 0.00322288, "iv": 91.46, "instrument_name": "BTC-31MAR23-50000-C", "index_price": 16590.95, "direction": "sell", "amount": 0.1}, {"trade_seq": 829, "trade_id": "238030481", "timestamp": 1671470993562, "tick_direction": 3, "price": 0.003, "mark_price": 0.00321542, "iv": 91.46, "instrument_name": "BTC-31MAR23-50000-C", "index_price": 16588.25, "direction": "sell", "amount": 0.1}, {"trade_seq": 828, "trade_id": "238025174", "timestamp": 1671465714293, "tick_direction": 3, "price": 0.003, "mark_price": 0.00322704, "iv": 91.07, "instrument_name": "BTC-31MAR23-50000-C", "index_price": 16665.03, "direction": "sell", "amount": 0.1}, {"trade_seq": 827, "trade_id": "238020539", "timestamp": 1671456670632, "tick_direction": 3, "price": 0.003, "mark_price": 0.00323249, "iv": 90.79, "instrument_name": "BTC-31MAR23-50000-C", "index_price": 16729.16, "direction": "sell", "amount": 1.1}, {"trade_seq": 826, "trade_id": "238007857", "timestamp": 1671420055239, "tick_direction": 3, "price": 0.003, "mark_price": 0.00324338, "iv": 90.79, "instrument_name": "BTC-31MAR23-50000-C", "index_price": 16683.1, "direction": "sell", "amount": 3.0}, {"trade_seq": 825, "trade_id": "238004364", "timestamp": 1671410751484, "tick_direction": 3, "price": 0.003, "mark_price": 0.003242, "iv": 90.3, "instrument_name": "BTC-31MAR23-50000-C", "index_price": 16782.86, "direction": "sell", "amount": 0.1}, {"trade_seq": 824, "trade_id": "238004292", "timestamp": 1671410454865, "tick_direction": 3, "price": 0.003, "mark_price": 0.00324047, "iv": 90.31, "instrument_name": "BTC-31MAR23-50000-C", "index_price": 16784.63, "direction": "sell", "amount": 1.1}, {"trade_seq": 823, "trade_id": "238004285", "timestamp": 1671410441274, "tick_direction": 3, "price": 0.003, "mark_price": 0.00324241, "iv": 90.3, "instrument_name": "BTC-31MAR23-50000-C", "index_price": 16786.36, "direction": "sell", "amount": 0.1}, {"trade_seq": 822, "trade_id": "238004284", "timestamp": 1671410441274, "tick_direction": 2, "price": 0.003, "mark_price": 0.00324241, "iv": 90.3, "instrument_name": "BTC-31MAR23-50000-C", "index_price": 16786.36, "direction": "sell", "amount": 1.0}, {"trade_seq": 821, "trade_id": "237916522", "timestamp": 1671216005871, "tick_direction": 3, "price": 0.0033, "mark_price": 0.00348288, "iv": 90.22, "instrument_name": "BTC-31MAR23-50000-C", "index_price": 16824.33, "direction": "sell", "block_trade_id": "59181", "amount": 250.0}, {"trade_seq": 820, "trade_id": "237916330", "timestamp": 1671215759481, "tick_direction": 2, "price": 0.0033, "mark_price": 0.00349431, "iv": 90.2, "instrument_name": "BTC-31MAR23-50000-C", "index_price": 16827.11, "direction": "sell", "block_trade_id": "59179", "amount": 500.0}, {"trade_seq": 819, "trade_id": "237875980", "timestamp": 1671187905640, "tick_direction": 3, "price": 0.0035, "mark_price": 0.00347379, "iv": 90.07, "instrument_name": "BTC-31MAR23-50000-C", "index_price": 16997.33, "direction": "buy", "amount": 0.2}, {"trade_seq": 818, "trade_id": "237841415", "timestamp": 1671162484259, "tick_direction": 3, "price": 0.0035, "mark_price": 0.00374982, "iv": 88.23, "instrument_name": "BTC-31MAR23-50000-C", "index_price": 17412.03, "direction": "sell", "amount": 0.1}, {"trade_seq": 817, "trade_id": "237841414", "timestamp": 1671162480195, "tick_direction": 3, "price": 0.0035, "mark_price": 0.00375003, "iv": 88.23, "instrument_name": "BTC-31MAR23-50000-C", "index_price": 17412.29, "direction": "sell", "amount": 0.1}, {"trade_seq": 816, "trade_id": "237841412", "timestamp": 1671162461892, "tick_direction": 3, "price": 0.0035, "mark_price": 0.0037485, "iv": 88.23, "instrument_name": "BTC-31MAR23-50000-C", "index_price": 17411.78, "direction": "sell", "amount": 0.1}, {"trade_seq": 815, "trade_id": "237841411", "timestamp": 1671162447655, "tick_direction": 3, "price": 0.0035, "mark_price": 0.00374693, "iv": 88.23, "instrument_name": "BTC-31MAR23-50000-C", "index_price": 17411.6, "direction": "sell", "amount": 0.1}, {"trade_seq": 814, "trade_id": "237841405", "timestamp": 1671162420487, "tick_direction": 3, "price": 0.0035, "mark_price": 0.00374622, "iv": 88.23, "instrument_name": "BTC-31MAR23-50000-C", "index_price": 17414.17, "direction": "sell", "amount": 0.1}, {"trade_seq": 813, "trade_id": "237841400", "timestamp": 1671162415107, "tick_direction": 3, "price": 0.0035, "mark_price": 0.00374533, "iv": 88.22, "instrument_name": "BTC-31MAR23-50000-C", "index_price": 17414.19, "direction": "sell", "amount": 0.1}, {"trade_seq": 812, "trade_id": "237841371", "timestamp": 1671162303041, "tick_direction": 3, "price": 0.0035, "mark_price": 0.00372736, "iv": 88.21, "instrument_name": "BTC-31MAR23-50000-C", "index_price": 17417.68, "direction": "sell", "amount": 0.1}, {"trade_seq": 811, "trade_id": "237841370", "timestamp": 1671162292866, "tick_direction": 3, "price": 0.0035, "mark_price": 0.00372447, "iv": 88.21, "instrument_name": "BTC-31MAR23-50000-C", "index_price": 17417.51, "direction": "sell", "amount": 0.1}, {"trade_seq": 810, "trade_id": "237841365", "timestamp": 1671162247392, "tick_direction": 3, "price": 0.0035, "mark_price": 0.00371145, "iv": 88.21, "instrument_name": "BTC-31MAR23-50000-C", "index_price": 17419.39, "direction": "sell", "amount": 0.1}, {"trade_seq": 809, "trade_id": "237841363", "timestamp": 1671162231818, "tick_direction": 3, "price": 0.0035, "mark_price": 0.00370538, "iv": 88.21, "instrument_name": "BTC-31MAR23-50000-C", "index_price": 17419.25, "direction": "sell", "amount": 0.1}, {"trade_seq": 808, "trade_id": "237841362", "timestamp": 1671162223536, "tick_direction": 3, "price": 0.0035, "mark_price": 0.00370024, "iv": 88.21, "instrument_name": "BTC-31MAR23-50000-C", "index_price": 17419.1, "direction": "sell", "amount": 1.1}, {"trade_seq": 807, "trade_id": "237815271", "timestamp": 1671119227898, "tick_direction": 3, "price": 0.0035, "mark_price": 0.00373411, "iv": 87.96, "instrument_name": "BTC-31MAR23-50000-C", "index_price": 17432.69, "direction": "buy", "amount": 0.5}, {"trade_seq": 806, "trade_id": "237815270", "timestamp": 1671119227897, "tick_direction": 3, "price": 0.0035, "mark_price": 0.00373411, "iv": 87.96, "instrument_name": "BTC-31MAR23-50000-C", "index_price": 17432.69, "direction": "sell", "amount": 3.3}, {"trade_seq": 805, "trade_id": "237802297", "timestamp": 1671110493919, "tick_direction": 3, "price": 0.0035, "mark_price": 0.0036221, "iv": 87.41, "instrument_name": "BTC-31MAR23-50000-C", "index_price": 17560.4, "direction": "sell", "amount": 0.1}, {"trade_seq": 804, "trade_id": "237800970", "timestamp": 1671110099593, "tick_direction": 2, "price": 0.0035, "mark_price": 0.00362351, "iv": 87.3, "instrument_name": "BTC-31MAR23-50000-C", "index_price": 17580.2, "direction": "buy", "amount": 0.1}, {"trade_seq": 803, "trade_id": "237709502", "timestamp": 1671028829551, "tick_direction": 0, "price": 0.004, "mark_price": 0.00390543, "iv": 86.86, "instrument_name": "BTC-31MAR23-50000-C", "index_price": 18020.45, "direction": "buy", "amount": 0.1}, {"trade_seq": 802, "trade_id": "237698856", "timestamp": 1671018216867, "tick_direction": 2, "price": 0.0037, "mark_price": 0.00397141, "iv": 86.63, "instrument_name": "BTC-31MAR23-50000-C", "index_price": 17822.96, "direction": "sell", "block_trade_id": "58821", "amount": 25.0}, {"trade_seq": 801, "trade_id": "237656844", "timestamp": 1670941208543, "tick_direction": 2, "price": 0.0041, "mark_price": 0.00447924, "iv": 87.19, "instrument_name": "BTC-31MAR23-50000-C", "index_price": 17929.91, "direction": "sell", "block_trade_id": "58788", "amount": 100.0}, {"trade_seq": 800, "trade_id": "237593293", "timestamp": 1670880632742, "tick_direction": 2, "price": 0.0045, "mark_price": 0.00430082, "iv": 90.84, "instrument_name": "BTC-31MAR23-50000-C", "index_price": 17209.49, "direction": "buy", "amount": 5.4}, {"trade_seq": 799, "trade_id": "237549522", "timestamp": 1670771882637, "tick_direction": 1, "price": 0.005, "mark_price": 0.00474435, "iv": 91.93, "instrument_name": "BTC-31MAR23-50000-C", "index_price": 17151.55, "direction": "buy", "amount": 11.0}, {"trade_seq": 798, "trade_id": "237541800", "timestamp": 1670730339371, "tick_direction": 1, "price": 0.005, "mark_price": 0.00452431, "iv": 91.67, "instrument_name": "BTC-31MAR23-50000-C", "index_price": 17169.61, "direction": "buy", "amount": 1.8}, {"trade_seq": 797, "trade_id": "237541799", "timestamp": 1670730339371, "tick_direction": 1, "price": 0.005, "mark_price": 0.00452431, "iv": 91.67, "instrument_name": "BTC-31MAR23-50000-C", "index_price": 17169.61, "direction": "buy", "amount": 0.2}, {"trade_seq": 796, "trade_id": "237523935", "timestamp": 1670630104722, "tick_direction": 0, "price": 0.005, "mark_price": 0.00517423, "iv": 91.36, "instrument_name": "BTC-31MAR23-50000-C", "index_price": 17122.84, "direction": "sell", "amount": 2.2}, {"trade_seq": 795, "trade_id": "237514957", "timestamp": 1670599464055, "tick_direction": 1, "price": 0.0045, "mark_price": 0.00471865, "iv": 89.7, "instrument_name": "BTC-31MAR23-50000-C", "index_price": 17160.18, "direction": "buy", "amount": 0.5}, {"trade_seq": 794, "trade_id": "237514956", "timestamp": 1670599464053, "tick_direction": 1, "price": 0.0045, "mark_price": 0.00471865, "iv": 89.7, "instrument_name": "BTC-31MAR23-50000-C", "index_price": 17160.18, "direction": "sell", "amount": 2.8}, {"trade_seq": 793, "trade_id": "237429197", "timestamp": 1670455235089, "tick_direction": 1, "price": 0.0045, "mark_price": 0.00495871, "iv": 90.22, "instrument_name": "BTC-31MAR23-50000-C", "index_price": 16848.82, "direction": "sell", "amount": 3.8}, {"trade_seq": 792, "trade_id": "237429195", "timestamp": 1670455200224, "tick_direction": 1, "price": 0.0045, "mark_price": 0.00497384, "iv": 90.22, "instrument_name": "BTC-31MAR23-50000-C", "index_price": 16848.07, "direction": "buy", "amount": 1.3}, {"trade_seq": 791, "trade_id": "237429194", "timestamp": 1670455199645, "tick_direction": 1, "price": 0.0045, "mark_price": 0.00497518, "iv": 90.22, "instrument_name": "BTC-31MAR23-50000-C", "index_price": 16848.08, "direction": "buy", "amount": 3.1}, {"trade_seq": 790, "trade_id": "237429193", "timestamp": 1670455199643, "tick_direction": 1, "price": 0.0045, "mark_price": 0.00497518, "iv": 90.22, "instrument_name": "BTC-31MAR23-50000-C", "index_price": 16848.08, "direction": "sell", "amount": 5.6}, {"trade_seq": 789, "trade_id": "237418467", "timestamp": 1670433901779, "tick_direction": 0, "price": 0.0045, "mark_price": 0.00422131, "iv": 90.21, "instrument_name": "BTC-31MAR23-50000-C", "index_price": 16813.29, "direction": "buy", "amount": 5.0}, {"trade_seq": 788, "trade_id": "237417484", "timestamp": 1670431167157, "tick_direction": 1, "price": 0.004, "mark_price": 0.00371476, "iv": 88.73, "instrument_name": "BTC-31MAR23-50000-C", "index_price": 16805.04, "direction": "buy", "amount": 15.0}, {"trade_seq": 787, "trade_id": "237417483", "timestamp": 1670431167157, "tick_direction": 0, "price": 0.004, "mark_price": 0.00371476, "iv": 88.73, "instrument_name": "BTC-31MAR23-50000-C", "index_price": 16805.04, "direction": "buy", "amount": 5.0}, {"trade_seq": 786, "trade_id": "237416660", "timestamp": 1670429794404, "tick_direction": 1, "price": 0.0035, "mark_price": 0.00330558, "iv": 87.06, "instrument_name": "BTC-31MAR23-50000-C", "index_price": 16820.82, "direction": "buy", "amount": 0.1}, {"trade_seq": 785, "trade_id": "237416588", "timestamp": 1670429716123, "tick_direction": 0, "price": 0.0035, "mark_price": 0.00320405, "iv": 87.04, "instrument_name": "BTC-31MAR23-50000-C", "index_price": 16822.34, "direction": "buy", "amount": 4.5}, {"trade_seq": 784, "trade_id": "237406909", "timestamp": 1670408582381, "tick_direction": 3, "price": 0.003, "mark_price": 0.00307967, "iv": 85.28, "instrument_name": "BTC-31MAR23-50000-C", "index_price": 16805.23, "direction": "sell", "amount": 1.0}, {"trade_seq": 783, "trade_id": "237360347", "timestamp": 1670319129992, "tick_direction": 3, "price": 0.003, "mark_price": 0.00333417, "iv": 84.1, "instrument_name": "BTC-31MAR23-50000-C", "index_price": 16990.39, "direction": "sell", "amount": 1.1}, {"trade_seq": 782, "trade_id": "237352037", "timestamp": 1670300683814, "tick_direction": 3, "price": 0.003, "mark_price": 0.00308972, "iv": 83.98, "instrument_name": "BTC-31MAR23-50000-C", "index_price": 17006.34, "direction": "buy", "amount": 0.5}, {"trade_seq": 781, "trade_id": "237350121", "timestamp": 1670295928858, "tick_direction": 3, "price": 0.003, "mark_price": 0.00328589, "iv": 83.82, "instrument_name": "BTC-31MAR23-50000-C", "index_price": 17044.37, "direction": "buy", "amount": 0.5}, {"trade_seq": 780, "trade_id": "237349936", "timestamp": 1670295466831, "tick_direction": 3, "price": 0.003, "mark_price": 0.00335424, "iv": 83.86, "instrument_name": "BTC-31MAR23-50000-C", "index_price": 17034.11, "direction": "sell", "amount": 0.5}, {"trade_seq": 779, "trade_id": "237349934", "timestamp": 1670295465121, "tick_direction": 2, "price": 0.003, "mark_price": 0.0033547, "iv": 83.85, "instrument_name": "BTC-31MAR23-50000-C", "index_price": 17034.78, "direction": "sell", "amount": 0.5}, {"trade_seq": 778, "trade_id": "237178704", "timestamp": 1670010046760, "tick_direction": 3, "price": 0.004, "mark_price": 0.003686, "iv": 86.24, "instrument_name": "BTC-31MAR23-50000-C", "index_price": 16966.77, "direction": "buy", "amount": 0.1}, {"trade_seq": 777, "trade_id": "236915344", "timestamp": 1669729092059, "tick_direction": 2, "price": 0.004, "mark_price": 0.00415871, "iv": 87.23, "instrument_name": "BTC-31MAR23-50000-C", "index_price": 16431.86, "direction": "sell", "amount": 1.5}, {"trade_seq": 776, "trade_id": "236838912", "timestamp": 1669637932195, "tick_direction": 1, "price": 0.0045, "mark_price": 0.00448226, "iv": 89.15, "instrument_name": "BTC-31MAR23-50000-C", "index_price": 16211.13, "direction": "buy", "amount": 0.3}, {"trade_seq": 775, "trade_id": "236838116", "timestamp": 1669635973306, "tick_direction": 0, "price": 0.0045, "mark_price": 0.00445225, "iv": 89.22, "instrument_name": "BTC-31MAR23-50000-C", "index_price": 16198.66, "direction": "buy", "amount": 0.2}, {"trade_seq": 774, "trade_id": "236654212", "timestamp": 1669246221516, "tick_direction": 2, "price": 0.004, "mark_price": 0.00437671, "iv": 85.01, "instrument_name": "BTC-31MAR23-50000-C", "index_price": 16551.63, "direction": "sell", "amount": 1.0}, {"trade_seq": 773, "trade_id": "236632943", "timestamp": 1669217667778, "tick_direction": 0, "price": 0.005, "mark_price": 0.00434781, "iv": 88.1, "instrument_name": "BTC-31MAR23-50000-C", "index_price": 16446.37, "direction": "buy", "amount": 1.0}, {"trade_seq": 772, "trade_id": "236523202", "timestamp": 1669084780738, "tick_direction": 2, "price": 0.0045, "mark_price": 0.0052087, "iv": 88.88, "instrument_name": "BTC-31MAR23-50000-C", "index_price": 15778.88, "direction": "sell", "amount": 4.7}, {"trade_seq": 771, "trade_id": "236399557", "timestamp": 1668982256186, "tick_direction": 0, "price": 0.0055, "mark_price": 0.00427424, "iv": 89.04, "instrument_name": "BTC-31MAR23-50000-C", "index_price": 16307.56, "direction": "buy", "amount": 10.8}, {"trade_seq": 770, "trade_id": "236327108", "timestamp": 1668791841339, "tick_direction": 3, "price": 0.004, "mark_price": 0.00378468, "iv": 83.5, "instrument_name": "BTC-31MAR23-50000-C", "index_price": 16559.28, "direction": "buy", "amount": 0.3}, {"trade_seq": 769, "trade_id": "236327107", "timestamp": 1668791841339, "tick_direction": 2, "price": 0.004, "mark_price": 0.00378468, "iv": 83.5, "instrument_name": "BTC-31MAR23-50000-C", "index_price": 16559.28, "direction": "buy", "amount": 1.0}, {"trade_seq": 768, "trade_id": "236268624", "timestamp": 1668728012873, "tick_direction": 3, "price": 0.005, "mark_price": 0.00506516, "iv": 85.49, "instrument_name": "BTC-31MAR23-50000-C", "index_price": 16671.99, "direction": "sell", "amount": 0.5}, {"trade_seq": 767, "trade_id": "236263161", "timestamp": 1668718972204, "tick_direction": 2, "price": 0.0055, "mark_price": 0.00527664, "iv": 86.52, "instrument_name": "BTC-31MAR23-50000-C", "index_price": 16693.82, "direction": "buy", "amount": 0.5}, {"trade_seq": 766, "trade_id": "236193163", "timestamp": 1668636883091, "tick_direction": 1, "price": 0.006, "mark_price": 0.0052232, "iv": 87.99, "instrument_name": "BTC-31MAR23-50000-C", "index_price": 16551.44, "direction": "buy", "amount": 0.1}, {"trade_seq": 765, "trade_id": "236138538", "timestamp": 1668604718680, "tick_direction": 1, "price": 0.006, "mark_price": 0.00466808, "iv": 87.79, "instrument_name": "BTC-31MAR23-50000-C", "index_price": 16572.51, "direction": "sell", "amount": 31.7}, {"trade_seq": 764, "trade_id": "236138537", "timestamp": 1668604718666, "tick_direction": 1, "price": 0.006, "mark_price": 0.00466808, "iv": 87.79, "instrument_name": "BTC-31MAR23-50000-C", "index_price": 16572.51, "direction": "sell", "amount": 4.0}, {"trade_seq": 763, "trade_id": "236138536", "timestamp": 1668604718664, "tick_direction": 0, "price": 0.006, "mark_price": 0.00466808, "iv": 87.79, "instrument_name": "BTC-31MAR23-50000-C", "index_price": 16572.51, "direction": "buy", "amount": 11.9}, {"trade_seq": 762, "trade_id": "236132658", "timestamp": 1668602438222, "tick_direction": 0, "price": 0.005, "mark_price": 0.00429333, "iv": 85.27, "instrument_name": "BTC-31MAR23-50000-C", "index_price": 16623.86, "direction": "buy", "amount": 0.1}, {"trade_seq": 761, "trade_id": "236029304", "timestamp": 1668515638355, "tick_direction": 1, "price": 0.0045, "mark_price": 0.00422782, "iv": 83.02, "instrument_name": "BTC-31MAR23-50000-C", "index_price": 16835.5, "direction": "buy", "amount": 4.0}, {"trade_seq": 760, "trade_id": "235850952", "timestamp": 1668430708075, "tick_direction": 0, "price": 0.0045, "mark_price": 0.00409528, "iv": 82.77, "instrument_name": "BTC-31MAR23-50000-C", "index_price": 16775.08, "direction": "buy", "amount": 1.0}, {"trade_seq": 759, "trade_id": "235659782", "timestamp": 1668282924397, "tick_direction": 2, "price": 0.004, "mark_price": 0.00421883, "iv": 80.61, "instrument_name": "BTC-31MAR23-50000-C", "index_price": 16867.78, "direction": "sell", "amount": 1.0}, {"trade_seq": 758, "trade_id": "234792857", "timestamp": 1668035769288, "tick_direction": 1, "price": 0.0075, "mark_price": 0.00669886, "iv": 91.41, "instrument_name": "BTC-31MAR23-50000-C", "index_price": 15737.97, "direction": "buy", "amount": 2.8}, {"trade_seq": 757, "trade_id": "234753302", "timestamp": 1668031517692, "tick_direction": 1, "price": 0.0075, "mark_price": 0.00711794, "iv": 91.06, "instrument_name": "BTC-31MAR23-50000-C", "index_price": 15838.76, "direction": "buy", "amount": 0.1}, {"trade_seq": 756, "trade_id": "234708247", "timestamp": 1668028385916, "tick_direction": 0, "price": 0.0075, "mark_price": 0.00649281, "iv": 89.78, "instrument_name": "BTC-31MAR23-50000-C", "index_price": 16119.62, "direction": "buy", "amount": 11.0}, {"trade_seq": 755, "trade_id": "234414778", "timestamp": 1667990097049, "tick_direction": 2, "price": 0.0055, "mark_price": 0.00529395, "iv": 80.67, "instrument_name": "BTC-31MAR23-50000-C", "index_price": 17411.88, "direction": "buy", "amount": 10.0}, {"trade_seq": 754, "trade_id": "234225903", "timestamp": 1667937003217, "tick_direction": 0, "price": 0.0075, "mark_price": 0.00733726, "iv": 80.65, "instrument_name": "BTC-31MAR23-50000-C", "index_price": 18548.73, "direction": "buy", "amount": 1.0}, {"trade_seq": 753, "trade_id": "234065710", "timestamp": 1667925165274, "tick_direction": 0, "price": 0.0065, "mark_price": 0.00664633, "iv": 72.57, "instrument_name": "BTC-31MAR23-50000-C", "index_price": 20463.48, "direction": "buy", "amount": 0.1}, {"trade_seq": 752, "trade_id": "233991256", "timestamp": 1667904527219, "tick_direction": 3, "price": 0.006, "mark_price": 0.00597303, "iv": 73.75, "instrument_name": "BTC-31MAR23-50000-C", "index_price": 19716.66, "direction": "buy", "amount": 0.1}, {"trade_seq": 751, "trade_id": "233987003", "timestamp": 1667899727597, "tick_direction": 2, "price": 0.006, "mark_price": 0.00605514, "iv": 73.58, "instrument_name": "BTC-31MAR23-50000-C", "index_price": 19765.41, "direction": "buy", "amount": 0.1}, {"trade_seq": 750, "trade_id": "233679667", "timestamp": 1667601318210, "tick_direction": 0, "price": 0.007, "mark_price": 0.00696548, "iv": 70.29, "instrument_name": "BTC-31MAR23-50000-C", "index_price": 21164.36, "direction": "sell", "amount": 1.0}, {"trade_seq": 749, "trade_id": "233559717", "timestamp": 1667564986457, "tick_direction": 2, "price": 0.0055, "mark_price": 0.00571727, "iv": 69.37, "instrument_name": "BTC-31MAR23-50000-C", "index_price": 20533.15, "direction": "buy", "amount": 0.2}, {"trade_seq": 748, "trade_id": "233449651", "timestamp": 1667431113031, "tick_direction": 2, "price": 0.0065, "mark_price": 0.00598477, "iv": 72.07, "instrument_name": "BTC-31MAR23-50000-C", "index_price": 20141.76, "direction": "sell", "amount": 0.5}, {"trade_seq": 747, "trade_id": "233415962", "timestamp": 1667414958942, "tick_direction": 3, "price": 0.007, "mark_price": 0.00709848, "iv": 71.45, "instrument_name": "BTC-31MAR23-50000-C", "index_price": 20606.08, "direction": "sell", "amount": 1.0}, {"trade_seq": 746, "trade_id": "233371409", "timestamp": 1667380518394, "tick_direction": 2, "price": 0.007, "mark_price": 0.0070617, "iv": 71.76, "instrument_name": "BTC-31MAR23-50000-C", "index_price": 20485.26, "direction": "sell", "amount": 1.0}, {"trade_seq": 745, "trade_id": "233360875", "timestamp": 1667357716697, "tick_direction": 2, "price": 0.0075, "mark_price": 0.00726548, "iv": 72.38, "instrument_name": "BTC-31MAR23-50000-C", "index_price": 20523.22, "direction": "buy", "amount": 2.0}, {"trade_seq": 744, "trade_id": "233268848", "timestamp": 1667219668717, "tick_direction": 0, "price": 0.008, "mark_price": 0.00799012, "iv": 72.18, "instrument_name": "BTC-31MAR23-50000-C", "index_price": 20731.62, "direction": "sell", "amount": 1.8}, {"trade_seq": 743, "trade_id": "233240346", "timestamp": 1667184128485, "tick_direction": 0, "price": 0.0075, "mark_price": 0.00736598, "iv": 72.08, "instrument_name": "BTC-31MAR23-50000-C", "index_price": 20465.84, "direction": "buy", "amount": 2.0}, {"trade_seq": 742, "trade_id": "233147117", "timestamp": 1667032419855, "tick_direction": 0, "price": 0.007, "mark_price": 0.00734256, "iv": 69.34, "instrument_name": "BTC-31MAR23-50000-C", "index_price": 20981.22, "direction": "buy", "amount": 0.1}, {"trade_seq": 741, "trade_id": "233140830", "timestamp": 1667025925200, "tick_direction": 3, "price": 0.0065, "mark_price": 0.00678732, "iv": 69.31, "instrument_name": "BTC-31MAR23-50000-C", "index_price": 20697.92, "direction": "buy", "amount": 0.3}, {"trade_seq": 740, "trade_id": "233140829", "timestamp": 1667025925198, "tick_direction": 3, "price": 0.0065, "mark_price": 0.00678732, "iv": 69.31, "instrument_name": "BTC-31MAR23-50000-C", "index_price": 20697.92, "direction": "sell", "amount": 0.7}, {"trade_seq": 739, "trade_id": "233116847", "timestamp": 1666980435614, "tick_direction": 2, "price": 0.0065, "mark_price": 0.00684181, "iv": 69.4, "instrument_name": "BTC-31MAR23-50000-C", "index_price": 20630.41, "direction": "sell", "amount": 3.0}, {"trade_seq": 738, "trade_id": "232950108", "timestamp": 1666863937067, "tick_direction": 1, "price": 0.0085, "mark_price": 0.00795379, "iv": 72.39, "instrument_name": "BTC-31MAR23-50000-C", "index_price": 20600.91, "direction": "sell", "amount": 6.0}, {"trade_seq": 737, "trade_id": "232950107", "timestamp": 1666863937065, "tick_direction": 1, "price": 0.0085, "mark_price": 0.00795379, "iv": 72.39, "instrument_name": "BTC-31MAR23-50000-C", "index_price": 20600.91, "direction": "buy", "amount": 16.2}, {"trade_seq": 736, "trade_id": "232950106", "timestamp": 1666863937065, "tick_direction": 0, "price": 0.0085, "mark_price": 0.00795379, "iv": 72.39, "instrument_name": "BTC-31MAR23-50000-C", "index_price": 20600.91, "direction": "buy", "amount": 2.8}, {"trade_seq": 735, "trade_id": "232725261", "timestamp": 1666724788444, "tick_direction": 1, "price": 0.008, "mark_price": 0.00749029, "iv": 72.01, "instrument_name": "BTC-31MAR23-50000-C", "index_price": 20344.08, "direction": "buy", "amount": 2.9}, {"trade_seq": 734, "trade_id": "232725260", "timestamp": 1666724788444, "tick_direction": 1, "price": 0.008, "mark_price": 0.00749029, "iv": 72.01, "instrument_name": "BTC-31MAR23-50000-C", "index_price": 20344.08, "direction": "buy", "amount": 4.8}, {"trade_seq": 733, "trade_id": "232725259", "timestamp": 1666724788444, "tick_direction": 0, "price": 0.008, "mark_price": 0.00749029, "iv": 72.01, "instrument_name": "BTC-31MAR23-50000-C", "index_price": 20344.08, "direction": "buy", "amount": 2.3}, {"trade_seq": 732, "trade_id": "232716854", "timestamp": 1666722617580, "tick_direction": 0, "price": 0.0075, "mark_price": 0.00710028, "iv": 71.27, "instrument_name": "BTC-31MAR23-50000-C", "index_price": 20334.63, "direction": "buy", "amount": 0.5}, {"trade_seq": 731, "trade_id": "232712749", "timestamp": 1666721876727, "tick_direction": 1, "price": 0.007, "mark_price": 0.00672799, "iv": 70.94, "instrument_name": "BTC-31MAR23-50000-C", "index_price": 20171.69, "direction": "buy", "amount": 0.4}, {"trade_seq": 730, "trade_id": "232712734", "timestamp": 1666721872481, "tick_direction": 0, "price": 0.007, "mark_price": 0.00672155, "iv": 70.95, "instrument_name": "BTC-31MAR23-50000-C", "index_price": 20168.22, "direction": "buy", "amount": 0.5}, {"trade_seq": 729, "trade_id": "232711286", "timestamp": 1666721166192, "tick_direction": 1, "price": 0.0065, "mark_price": 0.00647623, "iv": 70.23, "instrument_name": "BTC-31MAR23-50000-C", "index_price": 20130.27, "direction": "buy", "amount": 0.1}, {"trade_seq": 728, "trade_id": "232710939", "timestamp": 1666720931159, "tick_direction": 1, "price": 0.0065, "mark_price": 0.00645156, "iv": 70.23, "instrument_name": "BTC-31MAR23-50000-C", "index_price": 20126.43, "direction": "buy", "amount": 0.2}, {"trade_seq": 727, "trade_id": "232710914", "timestamp": 1666720928468, "tick_direction": 1, "price": 0.0065, "mark_price": 0.00644919, "iv": 70.24, "instrument_name": "BTC-31MAR23-50000-C", "index_price": 20124.96, "direction": "buy", "amount": 0.1}, {"trade_seq": 726, "trade_id": "232710911", "timestamp": 1666720924028, "tick_direction": 1, "price": 0.0065, "mark_price": 0.00644266, "iv": 70.25, "instrument_name": "BTC-31MAR23-50000-C", "index_price": 20120.85, "direction": "buy", "amount": 0.1}, {"trade_seq": 725, "trade_id": "232710842", "timestamp": 1666720920325, "tick_direction": 1, "price": 0.0065, "mark_price": 0.00644805, "iv": 70.24, "instrument_name": "BTC-31MAR23-50000-C", "index_price": 20124.09, "direction": "buy", "amount": 0.1}, {"trade_seq": 724, "trade_id": "232710838", "timestamp": 1666720918307, "tick_direction": 1, "price": 0.0065, "mark_price": 0.00644931, "iv": 70.24, "instrument_name": "BTC-31MAR23-50000-C", "index_price": 20124.93, "direction": "buy", "amount": 0.1}, {"trade_seq": 723, "trade_id": "232710837", "timestamp": 1666720916261, "tick_direction": 1, "price": 0.0065, "mark_price": 0.0064522, "iv": 70.23, "instrument_name": "BTC-31MAR23-50000-C", "index_price": 20126.57, "direction": "buy", "amount": 0.2}, {"trade_seq": 722, "trade_id": "232710817", "timestamp": 1666720914671, "tick_direction": 0, "price": 0.0065, "mark_price": 0.00645438, "iv": 70.23, "instrument_name": "BTC-31MAR23-50000-C", "index_price": 20127.34, "direction": "buy", "amount": 0.1}, {"trade_seq": 721, "trade_id": "232455660", "timestamp": 1666348734735, "tick_direction": 2, "price": 0.005, "mark_price": 0.00520951, "iv": 70.0, "instrument_name": "BTC-31MAR23-50000-C", "index_price": 18966.89, "direction": "buy", "amount": 1.5}, {"trade_seq": 720, "trade_id": "232447831", "timestamp": 1666341586436, "tick_direction": 3, "price": 0.006, "mark_price": 0.00619595, "iv": 71.96, "instrument_name": "BTC-31MAR23-50000-C", "index_price": 18960.05, "direction": "sell", "amount": 1.0}, {"trade_seq": 719, "trade_id": "232447830", "timestamp": 1666341586436, "tick_direction": 3, "price": 0.006, "mark_price": 0.00619595, "iv": 71.96, "instrument_name": "BTC-31MAR23-50000-C", "index_price": 18960.05, "direction": "sell", "amount": 18.3}, {"trade_seq": 718, "trade_id": "232447829", "timestamp": 1666341586431, "tick_direction": 3, "price": 0.006, "mark_price": 0.00619595, "iv": 71.96, "instrument_name": "BTC-31MAR23-50000-C", "index_price": 18960.05, "direction": "sell", "amount": 2.5}, {"trade_seq": 717, "trade_id": "232447816", "timestamp": 1666341585645, "tick_direction": 3, "price": 0.006, "mark_price": 0.00620022, "iv": 71.94, "instrument_name": "BTC-31MAR23-50000-C", "index_price": 18965.85, "direction": "sell", "amount": 2.1}, {"trade_seq": 716, "trade_id": "232413401", "timestamp": 1666291443156, "tick_direction": 3, "price": 0.006, "mark_price": 0.00623759, "iv": 71.68, "instrument_name": "BTC-31MAR23-50000-C", "index_price": 19014.25, "direction": "sell", "amount": 1.5}, {"trade_seq": 715, "trade_id": "232365032", "timestamp": 1666243414374, "tick_direction": 3, "price": 0.006, "mark_price": 0.00636036, "iv": 71.12, "instrument_name": "BTC-31MAR23-50000-C", "index_price": 19146.89, "direction": "sell", "amount": 1.0}, {"trade_seq": 714, "trade_id": "232349497", "timestamp": 1666227466376, "tick_direction": 3, "price": 0.006, "mark_price": 0.00615424, "iv": 71.69, "instrument_name": "BTC-31MAR23-50000-C", "index_price": 18944.93, "direction": "sell", "amount": 2.5}, {"trade_seq": 713, "trade_id": "232343497", "timestamp": 1666221485907, "tick_direction": 3, "price": 0.006, "mark_price": 0.00623098, "iv": 71.07, "instrument_name": "BTC-31MAR23-50000-C", "index_price": 19134.5, "direction": "sell", "amount": 1.0}, {"trade_seq": 712, "trade_id": "232343480", "timestamp": 1666221477998, "tick_direction": 2, "price": 0.006, "mark_price": 0.00622348, "iv": 71.09, "instrument_name": "BTC-31MAR23-50000-C", "index_price": 19129.95, "direction": "sell", "amount": 1.0}, {"trade_seq": 711, "trade_id": "232333372", "timestamp": 1666201422846, "tick_direction": 0, "price": 0.0065, "mark_price": 0.00626305, "iv": 71.84, "instrument_name": "BTC-31MAR23-50000-C", "index_price": 19166.27, "direction": "buy", "amount": 0.1}, {"trade_seq": 710, "trade_id": "232323063", "timestamp": 1666190654664, "tick_direction": 2, "price": 0.006, "mark_price": 0.00623085, "iv": 70.87, "instrument_name": "BTC-31MAR23-50000-C", "index_price": 19182.61, "direction": "sell", "amount": 0.1}, {"trade_seq": 709, "trade_id": "232253640", "timestamp": 1666106806247, "tick_direction": 2, "price": 0.0065, "mark_price": 0.00624682, "iv": 71.03, "instrument_name": "BTC-31MAR23-50000-C", "index_price": 19348.58, "direction": "buy", "amount": 0.5}, {"trade_seq": 708, "trade_id": "232150116", "timestamp": 1665983786720, "tick_direction": 1, "price": 0.007, "mark_price": 0.00699097, "iv": 71.89, "instrument_name": "BTC-31MAR23-50000-C", "index_price": 19247.73, "direction": "sell", "amount": 1.0}, {"trade_seq": 707, "trade_id": "232150112", "timestamp": 1665983779996, "tick_direction": 1, "price": 0.007, "mark_price": 0.00699202, "iv": 71.88, "instrument_name": "BTC-31MAR23-50000-C", "index_price": 19248.44, "direction": "sell", "amount": 0.5}, {"trade_seq": 706, "trade_id": "232149592", "timestamp": 1665982682742, "tick_direction": 1, "price": 0.007, "mark_price": 0.00697707, "iv": 71.93, "instrument_name": "BTC-31MAR23-50000-C", "index_price": 19234.63, "direction": "sell", "amount": 0.2}, {"trade_seq": 705, "trade_id": "232149591", "timestamp": 1665982682739, "tick_direction": 0, "price": 0.007, "mark_price": 0.00697707, "iv": 71.93, "instrument_name": "BTC-31MAR23-50000-C", "index_price": 19234.63, "direction": "buy", "amount": 0.3}, {"trade_seq": 704, "trade_id": "232109844", "timestamp": 1665888533796, "tick_direction": 2, "price": 0.0065, "mark_price": 0.00629944, "iv": 71.19, "instrument_name": "BTC-31MAR23-50000-C", "index_price": 19125.18, "direction": "sell", "amount": 0.5}, {"trade_seq": 703, "trade_id": "232109713", "timestamp": 1665887758641, "tick_direction": 0, "price": 0.007, "mark_price": 0.00627288, "iv": 71.99, "instrument_name": "BTC-31MAR23-50000-C", "index_price": 19140.09, "direction": "buy", "amount": 1.0}, {"trade_seq": 702, "trade_id": "232100308", "timestamp": 1665859696822, "tick_direction": 3, "price": 0.006, "mark_price": 0.00699368, "iv": 70.21, "instrument_name": "BTC-31MAR23-50000-C", "index_price": 19136.07, "direction": "sell", "amount": 2.4}, {"trade_seq": 701, "trade_id": "232023016", "timestamp": 1665748718230, "tick_direction": 2, "price": 0.006, "mark_price": 0.00668314, "iv": 68.55, "instrument_name": "BTC-31MAR23-50000-C", "index_price": 19598.9, "direction": "sell", "amount": 0.2}, {"trade_seq": 700, "trade_id": "231712691", "timestamp": 1665497487524, "tick_direction": 0, "price": 0.0095, "mark_price": 0.00971213, "iv": 75.31, "instrument_name": "BTC-31MAR23-50000-C", "index_price": 18954.94, "direction": "sell", "amount": 1.0}, {"trade_seq": 699, "trade_id": "231696074", "timestamp": 1665490512686, "tick_direction": 2, "price": 0.009, "mark_price": 0.00956458, "iv": 73.79, "instrument_name": "BTC-31MAR23-50000-C", "index_price": 19195.74, "direction": "sell", "amount": 0.1}, {"trade_seq": 698, "trade_id": "231313853", "timestamp": 1665072118628, "tick_direction": 1, "price": 0.0125, "mark_price": 0.01223781, "iv": 74.56, "instrument_name": "BTC-31MAR23-50000-C", "index_price": 20027.4, "direction": "buy", "amount": 1.8}, {"trade_seq": 697, "trade_id": "231313738", "timestamp": 1665072070594, "tick_direction": 0, "price": 0.0125, "mark_price": 0.01225695, "iv": 74.53, "instrument_name": "BTC-31MAR23-50000-C", "index_price": 20033.75, "direction": "buy", "amount": 2.9}, {"trade_seq": 696, "trade_id": "231283576", "timestamp": 1665062271704, "tick_direction": 3, "price": 0.012, "mark_price": 0.01275184, "iv": 73.7, "instrument_name": "BTC-31MAR23-50000-C", "index_price": 20121.59, "direction": "buy", "amount": 2.7}, {"trade_seq": 695, "trade_id": "231283575", "timestamp": 1665062270575, "tick_direction": 2, "price": 0.012, "mark_price": 0.01276234, "iv": 73.7, "instrument_name": "BTC-31MAR23-50000-C", "index_price": 20121.11, "direction": "sell", "amount": 2.7}, {"trade_seq": 694, "trade_id": "231269423", "timestamp": 1665045271646, "tick_direction": 1, "price": 0.0135, "mark_price": 0.01297367, "iv": 75.23, "instrument_name": "BTC-31MAR23-50000-C", "index_price": 20150.32, "direction": "sell", "amount": 5.1}, {"trade_seq": 693, "trade_id": "231269422", "timestamp": 1665045271642, "tick_direction": 0, "price": 0.0135, "mark_price": 0.01297367, "iv": 75.23, "instrument_name": "BTC-31MAR23-50000-C", "index_price": 20150.32, "direction": "buy", "amount": 1.9}, {"trade_seq": 692, "trade_id": "231162395", "timestamp": 1664955645096, "tick_direction": 1, "price": 0.0125, "mark_price": 0.01329909, "iv": 73.5, "instrument_name": "BTC-31MAR23-50000-C", "index_price": 20267.15, "direction": "sell", "amount": 2.3}, {"trade_seq": 691, "trade_id": "231162394", "timestamp": 1664955645096, "tick_direction": 1, "price": 0.0125, "mark_price": 0.01329909, "iv": 73.5, "instrument_name": "BTC-31MAR23-50000-C", "index_price": 20267.15, "direction": "sell", "amount": 2.7}, {"trade_seq": 690, "trade_id": "231158451", "timestamp": 1664950726866, "tick_direction": 1, "price": 0.0125, "mark_price": 0.01322013, "iv": 73.79, "instrument_name": "BTC-31MAR23-50000-C", "index_price": 20180.55, "direction": "sell", "amount": 0.1}, {"trade_seq": 689, "trade_id": "231108630", "timestamp": 1664897837090, "tick_direction": 0, "price": 0.0125, "mark_price": 0.01200079, "iv": 73.97, "instrument_name": "BTC-31MAR23-50000-C", "index_price": 20095.27, "direction": "buy", "amount": 1.0}, {"trade_seq": 688, "trade_id": "231065604", "timestamp": 1664867847665, "tick_direction": 0, "price": 0.0115, "mark_price": 0.01201141, "iv": 73.38, "instrument_name": "BTC-31MAR23-50000-C", "index_price": 19885.03, "direction": "sell", "amount": 1.0}, {"trade_seq": 687, "trade_id": "230989886", "timestamp": 1664798419424, "tick_direction": 2, "price": 0.0105, "mark_price": 0.01106319, "iv": 73.96, "instrument_name": "BTC-31MAR23-50000-C", "index_price": 19245.84, "direction": "sell", "amount": 6.3}, {"trade_seq": 686, "trade_id": "230978209", "timestamp": 1664784600325, "tick_direction": 3, "price": 0.011, "mark_price": 0.01172838, "iv": 74.77, "instrument_name": "BTC-31MAR23-50000-C", "index_price": 19177.91, "direction": "buy", "amount": 7.9}, {"trade_seq": 685, "trade_id": "230978208", "timestamp": 1664784600322, "tick_direction": 2, "price": 0.011, "mark_price": 0.01172838, "iv": 74.77, "instrument_name": "BTC-31MAR23-50000-C", "index_price": 19177.91, "direction": "sell", "amount": 2.1}, {"trade_seq": 684, "trade_id": "230914543", "timestamp": 1664717869666, "tick_direction": 2, "price": 0.012, "mark_price": 0.01146234, "iv": 75.7, "instrument_name": "BTC-31MAR23-50000-C", "index_price": 19186.66, "direction": "sell", "amount": 0.2}, {"trade_seq": 683, "trade_id": "230913935", "timestamp": 1664716738980, "tick_direction": 0, "price": 0.0125, "mark_price": 0.01287382, "iv": 76.3, "instrument_name": "BTC-31MAR23-50000-C", "index_price": 19163.02, "direction": "sell", "amount": 0.2}, {"trade_seq": 682, "trade_id": "230902865", "timestamp": 1664700804967, "tick_direction": 2, "price": 0.011, "mark_price": 0.01129333, "iv": 74.21, "instrument_name": "BTC-31MAR23-50000-C", "index_price": 19271.73, "direction": "buy", "amount": 0.7}, {"trade_seq": 681, "trade_id": "230868243", "timestamp": 1664620371021, "tick_direction": 3, "price": 0.0115, "mark_price": 0.0108496, "iv": 74.49, "instrument_name": "BTC-31MAR23-50000-C", "index_price": 19335.35, "direction": "sell", "amount": 1.3}, {"trade_seq": 680, "trade_id": "230868242", "timestamp": 1664620371017, "tick_direction": 3, "price": 0.0115, "mark_price": 0.0108496, "iv": 74.49, "instrument_name": "BTC-31MAR23-50000-C", "index_price": 19335.35, "direction": "buy", "amount": 1.2}, {"trade_seq": 679, "trade_id": "230783342", "timestamp": 1664549257318, "tick_direction": 2, "price": 0.0115, "mark_price": 0.01196492, "iv": 72.56, "instrument_name": "BTC-31MAR23-50000-C", "index_price": 19929.11, "direction": "buy", "amount": 0.2}, {"trade_seq": 678, "trade_id": "230717087", "timestamp": 1664522371304, "tick_direction": 2, "price": 0.012, "mark_price": 0.01201672, "iv": 74.27, "instrument_name": "BTC-31MAR23-50000-C", "index_price": 19522.1, "direction": "buy", "amount": 1.0}, {"trade_seq": 677, "trade_id": "230333133", "timestamp": 1664266176037, "tick_direction": 3, "price": 0.013, "mark_price": 0.0137121, "iv": 72.78, "instrument_name": "BTC-31MAR23-50000-C", "index_price": 20192.1, "direction": "sell", "amount": 2.3}, {"trade_seq": 676, "trade_id": "230333131", "timestamp": 1664266174627, "tick_direction": 2, "price": 0.013, "mark_price": 0.01371753, "iv": 72.78, "instrument_name": "BTC-31MAR23-50000-C", "index_price": 20193.71, "direction": "sell", "amount": 2.5}, {"trade_seq": 675, "trade_id": "230328437", "timestamp": 1664263376229, "tick_direction": 2, "price": 0.0145, "mark_price": 0.01430487, "iv": 74.19, "instrument_name": "BTC-31MAR23-50000-C", "index_price": 20252.36, "direction": "buy", "amount": 1.0}, {"trade_seq": 674, "trade_id": "230321536", "timestamp": 1664258528445, "tick_direction": 1, "price": 0.0155, "mark_price": 0.01462331, "iv": 75.3, "instrument_name": "BTC-31MAR23-50000-C", "index_price": 20190.19, "direction": "sell", "amount": 27.0}, {"trade_seq": 673, "trade_id": "230321534", "timestamp": 1664258524573, "tick_direction": 1, "price": 0.0155, "mark_price": 0.01461656, "iv": 75.29, "instrument_name": "BTC-31MAR23-50000-C", "index_price": 20188.62, "direction": "sell", "amount": 7.2}, {"trade_seq": 672, "trade_id": "230321533", "timestamp": 1664258524570, "tick_direction": 1, "price": 0.0155, "mark_price": 0.01461656, "iv": 75.29, "instrument_name": "BTC-31MAR23-50000-C", "index_price": 20188.62, "direction": "buy", "amount": 4.0}, {"trade_seq": 671, "trade_id": "230321532", "timestamp": 1664258524570, "tick_direction": 0, "price": 0.0155, "mark_price": 0.01461656, "iv": 75.29, "instrument_name": "BTC-31MAR23-50000-C", "index_price": 20188.62, "direction": "buy", "amount": 1.8}, {"trade_seq": 670, "trade_id": "230320263", "timestamp": 1664257891122, "tick_direction": 1, "price": 0.015, "mark_price": 0.01398788, "iv": 75.05, "instrument_name": "BTC-31MAR23-50000-C", "index_price": 20104.21, "direction": "sell", "amount": 14.4}, {"trade_seq": 669, "trade_id": "230320262", "timestamp": 1664257891110, "tick_direction": 1, "price": 0.015, "mark_price": 0.01398788, "iv": 75.05, "instrument_name": "BTC-31MAR23-50000-C", "index_price": 20104.21, "direction": "buy", "amount": 4.0}, {"trade_seq": 668, "trade_id": "230320261", "timestamp": 1664257891110, "tick_direction": 0, "price": 0.015, "mark_price": 0.01398788, "iv": 75.05, "instrument_name": "BTC-31MAR23-50000-C", "index_price": 20104.21, "direction": "buy", "amount": 1.6}, {"trade_seq": 667, "trade_id": "230270962", "timestamp": 1664232221331, "tick_direction": 1, "price": 0.0115, "mark_price": 0.01110328, "iv": 74.13, "instrument_name": "BTC-31MAR23-50000-C", "index_price": 19162.01, "direction": "sell", "amount": 1.6}, {"trade_seq": 666, "trade_id": "230270961", "timestamp": 1664232220389, "tick_direction": 1, "price": 0.0115, "mark_price": 0.01106955, "iv": 74.13, "instrument_name": "BTC-31MAR23-50000-C", "index_price": 19161.95, "direction": "buy", "amount": 1.6}, {"trade_seq": 665, "trade_id": "230270960", "timestamp": 1664232220389, "tick_direction": 0, "price": 0.0115, "mark_price": 0.01106955, "iv": 74.13, "instrument_name": "BTC-31MAR23-50000-C", "index_price": 19161.95, "direction": "buy", "amount": 2.0}, {"trade_seq": 664, "trade_id": "230246750", "timestamp": 1664203131190, "tick_direction": 3, "price": 0.01, "mark_price": 0.01039252, "iv": 72.14, "instrument_name": "BTC-31MAR23-50000-C", "index_price": 19190.64, "direction": "sell", "amount": 0.2}, {"trade_seq": 663, "trade_id": "230246749", "timestamp": 1664203131190, "tick_direction": 2, "price": 0.01, "mark_price": 0.01039252, "iv": 72.14, "instrument_name": "BTC-31MAR23-50000-C", "index_price": 19190.64, "direction": "sell", "amount": 2.3}, {"trade_seq": 662, "trade_id": "230022184", "timestamp": 1663945780886, "tick_direction": 0, "price": 0.012, "mark_price": 0.0118129, "iv": 75.58, "instrument_name": "BTC-31MAR23-50000-C", "index_price": 18663.43, "direction": "sell", "amount": 0.1}, {"trade_seq": 661, "trade_id": "229991205", "timestamp": 1663923940570, "tick_direction": 2, "price": 0.011, "mark_price": 0.01148962, "iv": 73.11, "instrument_name": "BTC-31MAR23-50000-C", "index_price": 19083.0, "direction": "sell", "amount": 0.1}, {"trade_seq": 660, "trade_id": "229817323", "timestamp": 1663789062877, "tick_direction": 3, "price": 0.0125, "mark_price": 0.01178971, "iv": 74.31, "instrument_name": "BTC-31MAR23-50000-C", "index_price": 19143.3, "direction": "buy", "amount": 2.0}, {"trade_seq": 659, "trade_id": "229817322", "timestamp": 1663789062877, "tick_direction": 3, "price": 0.0125, "mark_price": 0.01178971, "iv": 74.31, "instrument_name": "BTC-31MAR23-50000-C", "index_price": 19143.3, "direction": "buy", "amount": 4.0}, {"trade_seq": 658, "trade_id": "229817321", "timestamp": 1663789062877, "tick_direction": 2, "price": 0.0125, "mark_price": 0.01178971, "iv": 74.31, "instrument_name": "BTC-31MAR23-50000-C", "index_price": 19143.3, "direction": "buy", "amount": 24.0}, {"trade_seq": 657, "trade_id": "229697448", "timestamp": 1663748722533, "tick_direction": 1, "price": 0.013, "mark_price": 0.01194795, "iv": 75.49, "instrument_name": "BTC-31MAR23-50000-C", "index_price": 18899.03, "direction": "buy", "amount": 4.0}, {"trade_seq": 656, "trade_id": "229697447", "timestamp": 1663748722533, "tick_direction": 1, "price": 0.013, "mark_price": 0.01194795, "iv": 75.49, "instrument_name": "BTC-31MAR23-50000-C", "index_price": 18899.03, "direction": "buy", "amount": 1.9}, {"trade_seq": 655, "trade_id": "229697446", "timestamp": 1663748719156, "tick_direction": 1, "price": 0.013, "mark_price": 0.01194277, "iv": 75.5, "instrument_name": "BTC-31MAR23-50000-C", "index_price": 18898.71, "direction": "buy", "amount": 4.0}, {"trade_seq": 654, "trade_id": "229697445", "timestamp": 1663748719156, "tick_direction": 0, "price": 0.013, "mark_price": 0.01194277, "iv": 75.5, "instrument_name": "BTC-31MAR23-50000-C", "index_price": 18898.71, "direction": "buy", "amount": 2.0}, {"trade_seq": 653, "trade_id": "229622867", "timestamp": 1663678416209, "tick_direction": 3, "price": 0.012, "mark_price": 0.0127495, "iv": 73.55, "instrument_name": "BTC-31MAR23-50000-C", "index_price": 19123.45, "direction": "buy", "amount": 2.4}, {"trade_seq": 652, "trade_id": "229622866", "timestamp": 1663678416204, "tick_direction": 3, "price": 0.012, "mark_price": 0.0127495, "iv": 73.55, "instrument_name": "BTC-31MAR23-50000-C", "index_price": 19123.45, "direction": "buy", "amount": 7.6}, {"trade_seq": 651, "trade_id": "229622865", "timestamp": 1663678405227, "tick_direction": 3, "price": 0.012, "mark_price": 0.01275685, "iv": 73.55, "instrument_name": "BTC-31MAR23-50000-C", "index_price": 19123.18, "direction": "buy", "amount": 3.3}, {"trade_seq": 650, "trade_id": "229622864", "timestamp": 1663678405223, "tick_direction": 3, "price": 0.012, "mark_price": 0.01275685, "iv": 73.55, "instrument_name": "BTC-31MAR23-50000-C", "index_price": 19123.18, "direction": "sell", "amount": 4.0}, {"trade_seq": 649, "trade_id": "229622863", "timestamp": 1663678405223, "tick_direction": 2, "price": 0.012, "mark_price": 0.01275685, "iv": 73.55, "instrument_name": "BTC-31MAR23-50000-C", "index_price": 19123.18, "direction": "sell", "amount": 2.7}, {"trade_seq": 648, "trade_id": "229607102", "timestamp": 1663663293136, "tick_direction": 3, "price": 0.0125, "mark_price": 0.01362613, "iv": 73.33, "instrument_name": "BTC-31MAR23-50000-C", "index_price": 19373.52, "direction": "sell", "amount": 4.0}, {"trade_seq": 647, "trade_id": "229607101", "timestamp": 1663663293136, "tick_direction": 2, "price": 0.0125, "mark_price": 0.01362613, "iv": 73.33, "instrument_name": "BTC-31MAR23-50000-C", "index_price": 19373.52, "direction": "sell", "amount": 2.6}, {"trade_seq": 646, "trade_id": "229607100", "timestamp": 1663663289507, "tick_direction": 2, "price": 0.013, "mark_price": 0.0136284, "iv": 73.87, "instrument_name": "BTC-31MAR23-50000-C", "index_price": 19373.73, "direction": "buy", "amount": 10.0}, {"trade_seq": 645, "trade_id": "229474666", "timestamp": 1663568222456, "tick_direction": 2, "price": 0.014, "mark_price": 0.01401557, "iv": 77.55, "instrument_name": "BTC-31MAR23-50000-C", "index_price": 18445.19, "direction": "sell", "amount": 1.0}, {"trade_seq": 644, "trade_id": "229429690", "timestamp": 1663539144200, "tick_direction": 3, "price": 0.015, "mark_price": 0.01576716, "iv": 75.66, "instrument_name": "BTC-31MAR23-50000-C", "index_price": 19354.81, "direction": "sell", "amount": 2.0}, {"trade_seq": 643, "trade_id": "229429689", "timestamp": 1663539144200, "tick_direction": 2, "price": 0.015, "mark_price": 0.01576716, "iv": 75.66, "instrument_name": "BTC-31MAR23-50000-C", "index_price": 19354.81, "direction": "sell", "amount": 3.0}, {"trade_seq": 642, "trade_id": "229360311", "timestamp": 1663397914007, "tick_direction": 2, "price": 0.0155, "mark_price": 0.01583988, "iv": 74.35, "instrument_name": "BTC-31MAR23-50000-C", "index_price": 19840.23, "direction": "sell", "amount": 0.5}, {"trade_seq": 641, "trade_id": "229346150", "timestamp": 1663365033699, "tick_direction": 2, "price": 0.016, "mark_price": 0.01631628, "iv": 74.94, "instrument_name": "BTC-31MAR23-50000-C", "index_price": 19768.14, "direction": "sell", "amount": 0.5}, {"trade_seq": 640, "trade_id": "229269351", "timestamp": 1663271318648, "tick_direction": 0, "price": 0.0184, "mark_price": 0.01806516, "iv": 76.89, "instrument_name": "BTC-31MAR23-50000-C", "index_price": 19800.5, "direction": "buy", "combo_id": "BTC-RR-31MAR23-15000_50000", "block_trade_id": "49529", "amount": 100.0}, {"trade_seq": 639, "trade_id": "229247706", "timestamp": 1663252780732, "tick_direction": 2, "price": 0.018, "mark_price": 0.01755785, "iv": 76.27, "instrument_name": "BTC-31MAR23-50000-C", "index_price": 19830.76, "direction": "sell", "amount": 0.1}, {"trade_seq": 638, "trade_id": "229219519", "timestamp": 1663228552255, "tick_direction": 2, "price": 0.019, "mark_price": 0.01887759, "iv": 76.08, "instrument_name": "BTC-31MAR23-50000-C", "index_price": 20192.23, "direction": "sell", "amount": 12.5}, {"trade_seq": 637, "trade_id": "229140476", "timestamp": 1663153650961, "tick_direction": 3, "price": 0.021, "mark_price": 0.02154122, "iv": 77.13, "instrument_name": "BTC-31MAR23-50000-C", "index_price": 20331.45, "direction": "sell", "amount": 10.0}, {"trade_seq": 636, "trade_id": "229140475", "timestamp": 1663153650961, "tick_direction": 2, "price": 0.021, "mark_price": 0.02154122, "iv": 77.13, "instrument_name": "BTC-31MAR23-50000-C", "index_price": 20331.45, "direction": "sell", "amount": 3.0}, {"trade_seq": 635, "trade_id": "229127576", "timestamp": 1663139423544, "tick_direction": 3, "price": 0.0215, "mark_price": 0.02185753, "iv": 77.51, "instrument_name": "BTC-31MAR23-50000-C", "index_price": 20319.78, "direction": "sell", "amount": 1.0}, {"trade_seq": 634, "trade_id": "229127575", "timestamp": 1663139423544, "tick_direction": 3, "price": 0.0215, "mark_price": 0.02185753, "iv": 77.51, "instrument_name": "BTC-31MAR23-50000-C", "index_price": 20319.78, "direction": "sell", "amount": 10.0}, {"trade_seq": 633, "trade_id": "229127574", "timestamp": 1663139423544, "tick_direction": 2, "price": 0.0215, "mark_price": 0.02185753, "iv": 77.51, "instrument_name": "BTC-31MAR23-50000-C", "index_price": 20319.78, "direction": "sell", "amount": 1.0}, {"trade_seq": 632, "trade_id": "229124952", "timestamp": 1663133574478, "tick_direction": 3, "price": 0.022, "mark_price": 0.02224547, "iv": 77.8, "instrument_name": "BTC-31MAR23-50000-C", "index_price": 20353.86, "direction": "sell", "amount": 5.0}, {"trade_seq": 631, "trade_id": "229124951", "timestamp": 1663133574478, "tick_direction": 3, "price": 0.022, "mark_price": 0.02224547, "iv": 77.8, "instrument_name": "BTC-31MAR23-50000-C", "index_price": 20353.86, "direction": "sell", "amount": 1.0}, {"trade_seq": 630, "trade_id": "229124950", "timestamp": 1663133574478, "tick_direction": 3, "price": 0.022, "mark_price": 0.02224547, "iv": 77.8, "instrument_name": "BTC-31MAR23-50000-C", "index_price": 20353.86, "direction": "sell", "amount": 1.0}, {"trade_seq": 629, "trade_id": "229119865", "timestamp": 1663123693732, "tick_direction": 3, "price": 0.022, "mark_price": 0.02201877, "iv": 77.63, "instrument_name": "BTC-31MAR23-50000-C", "index_price": 20408.43, "direction": "sell", "amount": 1.0}, {"trade_seq": 628, "trade_id": "229110426", "timestamp": 1663111576612, "tick_direction": 3, "price": 0.022, "mark_price": 0.02161759, "iv": 78.33, "instrument_name": "BTC-31MAR23-50000-C", "index_price": 20157.64, "direction": "buy", "amount": 0.3}, {"trade_seq": 627, "trade_id": "229110425", "timestamp": 1663111576612, "tick_direction": 3, "price": 0.022, "mark_price": 0.02161759, "iv": 78.33, "instrument_name": "BTC-31MAR23-50000-C", "index_price": 20157.64, "direction": "buy", "amount": 0.7}, {"trade_seq": 626, "trade_id": "229110404", "timestamp": 1663111510426, "tick_direction": 3, "price": 0.022, "mark_price": 0.02161141, "iv": 78.32, "instrument_name": "BTC-31MAR23-50000-C", "index_price": 20151.94, "direction": "buy", "amount": 1.0}, {"trade_seq": 625, "trade_id": "229110401", "timestamp": 1663111492932, "tick_direction": 3, "price": 0.022, "mark_price": 0.02158185, "iv": 78.34, "instrument_name": "BTC-31MAR23-50000-C", "index_price": 20146.45, "direction": "buy", "amount": 1.0}, {"trade_seq": 624, "trade_id": "229083435", "timestamp": 1663095508569, "tick_direction": 3, "price": 0.022, "mark_price": 0.02193139, "iv": 77.84, "instrument_name": "BTC-31MAR23-50000-C", "index_price": 20270.48, "direction": "sell", "amount": 4.0}, {"trade_seq": 623, "trade_id": "229083432", "timestamp": 1663095506617, "tick_direction": 3, "price": 0.022, "mark_price": 0.02195459, "iv": 77.82, "instrument_name": "BTC-31MAR23-50000-C", "index_price": 20276.87, "direction": "sell", "amount": 4.0}, {"trade_seq": 622, "trade_id": "229083431", "timestamp": 1663095506617, "tick_direction": 2, "price": 0.022, "mark_price": 0.02195459, "iv": 77.82, "instrument_name": "BTC-31MAR23-50000-C", "index_price": 20276.87, "direction": "sell", "amount": 1.0}, {"trade_seq": 621, "trade_id": "229074477", "timestamp": 1663091453764, "tick_direction": 3, "price": 0.023, "mark_price": 0.02328374, "iv": 77.12, "instrument_name": "BTC-31MAR23-50000-C", "index_price": 20781.21, "direction": "sell", "amount": 1.6}, {"trade_seq": 620, "trade_id": "229073997", "timestamp": 1663090570957, "tick_direction": 2, "price": 0.023, "mark_price": 0.02351612, "iv": 76.92, "instrument_name": "BTC-31MAR23-50000-C", "index_price": 20850.6, "direction": "sell", "amount": 1.4}, {"trade_seq": 619, "trade_id": "229071232", "timestamp": 1663087968653, "tick_direction": 3, "price": 0.0235, "mark_price": 0.0239127, "iv": 77.46, "instrument_name": "BTC-31MAR23-50000-C", "index_price": 20804.6, "direction": "sell", "amount": 1.0}, {"trade_seq": 618, "trade_id": "229071231", "timestamp": 1663087968653, "tick_direction": 2, "price": 0.0235, "mark_price": 0.0239127, "iv": 77.46, "instrument_name": "BTC-31MAR23-50000-C", "index_price": 20804.6, "direction": "sell", "amount": 1.0}, {"trade_seq": 617, "trade_id": "229006401", "timestamp": 1663072705099, "tick_direction": 2, "price": 0.0275, "mark_price": 0.02659147, "iv": 77.37, "instrument_name": "BTC-31MAR23-50000-C", "index_price": 21758.67, "direction": "sell", "amount": 5.0}, {"trade_seq": 616, "trade_id": "228988237", "timestamp": 1663072218703, "tick_direction": 2, "price": 0.0295, "mark_price": 0.02859296, "iv": 77.05, "instrument_name": "BTC-31MAR23-50000-C", "index_price": 22282.39, "direction": "sell", "amount": 1.5}, {"trade_seq": 615, "trade_id": "228978416", "timestamp": 1663069809500, "tick_direction": 0, "price": 0.03, "mark_price": 0.02944525, "iv": 76.7, "instrument_name": "BTC-31MAR23-50000-C", "index_price": 22542.04, "direction": "sell", "amount": 5.0}, {"trade_seq": 614, "trade_id": "228978365", "timestamp": 1663069728366, "tick_direction": 0, "price": 0.0295, "mark_price": 0.02949015, "iv": 76.34, "instrument_name": "BTC-31MAR23-50000-C", "index_price": 22553.56, "direction": "sell", "amount": 5.0}, {"trade_seq": 613, "trade_id": "228948339", "timestamp": 1663044440654, "tick_direction": 3, "price": 0.027, "mark_price": 0.02864189, "iv": 75.3, "instrument_name": "BTC-31MAR23-50000-C", "index_price": 22312.48, "direction": "buy", "amount": 0.6}, {"trade_seq": 612, "trade_id": "228948338", "timestamp": 1663044440637, "tick_direction": 2, "price": 0.027, "mark_price": 0.02864189, "iv": 75.3, "instrument_name": "BTC-31MAR23-50000-C", "index_price": 22312.48, "direction": "sell", "amount": 8.0}, {"trade_seq": 611, "trade_id": "228948337", "timestamp": 1663044440637, "tick_direction": 1, "price": 0.0275, "mark_price": 0.02864189, "iv": 75.63, "instrument_name": "BTC-31MAR23-50000-C", "index_price": 22312.48, "direction": "sell", "amount": 2.1}, {"trade_seq": 610, "trade_id": "228921834", "timestamp": 1663009245204, "tick_direction": 1, "price": 0.0275, "mark_price": 0.02762192, "iv": 75.23, "instrument_name": "BTC-31MAR23-50000-C", "index_price": 22419.34, "direction": "buy", "amount": 0.4}, {"trade_seq": 609, "trade_id": "228921704", "timestamp": 1663009135510, "tick_direction": 1, "price": 0.0275, "mark_price": 0.02762503, "iv": 75.26, "instrument_name": "BTC-31MAR23-50000-C", "index_price": 22408.75, "direction": "buy", "amount": 1.6}, {"trade_seq": 608, "trade_id": "228919860", "timestamp": 1663008587891, "tick_direction": 0, "price": 0.0275, "mark_price": 0.0272339, "iv": 75.35, "instrument_name": "BTC-31MAR23-50000-C", "index_price": 22379.51, "direction": "buy", "amount": 1.0}, {"trade_seq": 607, "trade_id": "228918882", "timestamp": 1663007748868, "tick_direction": 2, "price": 0.0265, "mark_price": 0.02691969, "iv": 74.94, "instrument_name": "BTC-31MAR23-50000-C", "index_price": 22292.83, "direction": "buy", "amount": 0.1}, {"trade_seq": 606, "trade_id": "228910432", "timestamp": 1663000375928, "tick_direction": 0, "price": 0.027, "mark_price": 0.02663296, "iv": 75.56, "instrument_name": "BTC-31MAR23-50000-C", "index_price": 22198.42, "direction": "buy", "amount": 1.0}, {"trade_seq": 605, "trade_id": "228901283", "timestamp": 1662995049502, "tick_direction": 2, "price": 0.0255, "mark_price": 0.02614654, "iv": 74.28, "instrument_name": "BTC-31MAR23-50000-C", "index_price": 22288.42, "direction": "buy", "amount": 1.0}, {"trade_seq": 604, "trade_id": "228899938", "timestamp": 1662994519589, "tick_direction": 2, "price": 0.026, "mark_price": 0.0262327, "iv": 74.49, "instrument_name": "BTC-31MAR23-50000-C", "index_price": 22314.86, "direction": "buy", "amount": 1.0}, {"trade_seq": 603, "trade_id": "228782485", "timestamp": 1662846554126, "tick_direction": 0, "price": 0.0265, "mark_price": 0.02563975, "iv": 76.49, "instrument_name": "BTC-31MAR23-50000-C", "index_price": 21653.95, "direction": "buy", "amount": 1.0}, {"trade_seq": 602, "trade_id": "228773146", "timestamp": 1662835929768, "tick_direction": 2, "price": 0.025, "mark_price": 0.02467138, "iv": 76.0, "instrument_name": "BTC-31MAR23-50000-C", "index_price": 21455.28, "direction": "buy", "amount": 0.5}, {"trade_seq": 601, "trade_id": "228772295", "timestamp": 1662835597171, "tick_direction": 0, "price": 0.0255, "mark_price": 0.02455962, "iv": 76.34, "instrument_name": "BTC-31MAR23-50000-C", "index_price": 21469.21, "direction": "buy", "amount": 1.0}, {"trade_seq": 600, "trade_id": "228769579", "timestamp": 1662829006899, "tick_direction": 0, "price": 0.025, "mark_price": 0.02527268, "iv": 76.08, "instrument_name": "BTC-31MAR23-50000-C", "index_price": 21442.0, "direction": "buy", "amount": 0.1}, {"trade_seq": 599, "trade_id": "228768157", "timestamp": 1662827341886, "tick_direction": 0, "price": 0.024, "mark_price": 0.02466919, "iv": 75.97, "instrument_name": "BTC-31MAR23-50000-C", "index_price": 21196.67, "direction": "sell", "amount": 0.5}, {"trade_seq": 598, "trade_id": "228726823", "timestamp": 1662765335754, "tick_direction": 0, "price": 0.023, "mark_price": 0.02271725, "iv": 74.26, "instrument_name": "BTC-31MAR23-50000-C", "index_price": 21517.35, "direction": "buy", "amount": 1.0}, {"trade_seq": 597, "trade_id": "228722821", "timestamp": 1662759697382, "tick_direction": 0, "price": 0.0225, "mark_price": 0.02209161, "iv": 74.45, "instrument_name": "BTC-31MAR23-50000-C", "index_price": 21329.0, "direction": "buy", "amount": 1.0}, {"trade_seq": 596, "trade_id": "228717709", "timestamp": 1662751083943, "tick_direction": 2, "price": 0.022, "mark_price": 0.0215335, "iv": 74.39, "instrument_name": "BTC-31MAR23-50000-C", "index_price": 21231.27, "direction": "buy", "amount": 1.0}, {"trade_seq": 595, "trade_id": "228691294", "timestamp": 1662731437095, "tick_direction": 1, "price": 0.023, "mark_price": 0.02137168, "iv": 75.67, "instrument_name": "BTC-31MAR23-50000-C", "index_price": 20978.44, "direction": "buy", "block_trade_id": "48872", "amount": 10.0}, {"trade_seq": 594, "trade_id": "228691158", "timestamp": 1662731385089, "tick_direction": 0, "price": 0.023, "mark_price": 0.02137482, "iv": 75.65, "instrument_name": "BTC-31MAR23-50000-C", "index_price": 20991.93, "direction": "buy", "block_trade_id": "48871", "amount": 10.0}, {"trade_seq": 593, "trade_id": "228690926", "timestamp": 1662731283915, "tick_direction": 2, "price": 0.0223, "mark_price": 0.02142146, "iv": 75.04, "instrument_name": "BTC-31MAR23-50000-C", "index_price": 21022.73, "direction": "buy", "block_trade_id": "48870", "amount": 10.0}, {"trade_seq": 592, "trade_id": "228690829", "timestamp": 1662731222519, "tick_direction": 0, "price": 0.0225, "mark_price": 0.0212165, "iv": 75.32, "instrument_name": "BTC-31MAR23-50000-C", "index_price": 21000.74, "direction": "buy", "block_trade_id": "48869", "amount": 10.0}, {"trade_seq": 591, "trade_id": "228690774", "timestamp": 1662731170065, "tick_direction": 0, "price": 0.0219, "mark_price": 0.02118945, "iv": 74.89, "instrument_name": "BTC-31MAR23-50000-C", "index_price": 20994.24, "direction": "buy", "block_trade_id": "48868", "amount": 10.0}, {"trade_seq": 590, "trade_id": "228646752", "timestamp": 1662706155231, "tick_direction": 0, "price": 0.0205, "mark_price": 0.02020409, "iv": 74.66, "instrument_name": "BTC-31MAR23-50000-C", "index_price": 20674.82, "direction": "sell", "amount": 3.0}, {"trade_seq": 589, "trade_id": "228637420", "timestamp": 1662701935208, "tick_direction": 1, "price": 0.0195, "mark_price": 0.01993569, "iv": 74.26, "instrument_name": "BTC-31MAR23-50000-C", "index_price": 20560.07, "direction": "buy", "amount": 0.5}