{"trades": [{"trade_seq": 3807, "trade_id": "138215724", "timestamp": 1616577532231, "tick_direction": 0, "price": 0.646, "mark_price": 0.64565815, "iv": 500.0, "instrument_name": "BTC-26MAR21-20000-C", "index_price": 56476.23, "direction": "sell", "amount": 0.2}, {"trade_seq": 3806, "trade_id": "138158655", "timestamp": 1616567782718, "tick_direction": 3, "price": 0.634, "mark_price": 0.63506453, "iv": 0.0, "instrument_name": "BTC-26MAR21-20000-C", "index_price": 54721.12, "direction": "buy", "amount": 0.5}, {"trade_seq": 3805, "trade_id": "138158384", "timestamp": 1616567762736, "tick_direction": 3, "price": 0.634, "mark_price": 0.63456209, "iv": 0.0, "instrument_name": "BTC-26MAR21-20000-C", "index_price": 54650.87, "direction": "buy", "amount": 0.1}, {"trade_seq": 3804, "trade_id": "138158332", "timestamp": 1616567758515, "tick_direction": 3, "price": 0.634, "mark_price": 0.63442696, "iv": 0.0, "instrument_name": "BTC-26MAR21-20000-C", "index_price": 54633.97, "direction": "buy", "amount": 0.1}, {"trade_seq": 3803, "trade_id": "138158306", "timestamp": 1616567754859, "tick_direction": 3, "price": 0.634, "mark_price": 0.6343154, "iv": 0.0, "instrument_name": "BTC-26MAR21-20000-C", "index_price": 54615.63, "direction": "buy", "amount": 0.1}, {"trade_seq": 3802, "trade_id": "138158190", "timestamp": 1616567751352, "tick_direction": 3, "price": 0.634, "mark_price": 0.6341212, "iv": 0.0, "instrument_name": "BTC-26MAR21-20000-C", "index_price": 54600.58, "direction": "buy", "amount": 0.1}, {"trade_seq": 3801, "trade_id": "138158130", "timestamp": 1616567744457, "tick_direction": 2, "price": 0.634, "mark_price": 0.63392538, "iv": 445.1, "instrument_name": "BTC-26MAR21-20000-C", "index_price": 54563.11, "direction": "buy", "amount": 0.1}, {"trade_seq": 3800, "trade_id": "137750892", "timestamp": 1616445105245, "tick_direction": 0, "price": 0.647, "mark_price": 0.64142727, "iv": 500.0, "instrument_name": "BTC-26MAR21-20000-C", "index_price": 55688.91, "direction": "buy", "amount": 1.9}, {"trade_seq": 3799, "trade_id": "137750642", "timestamp": 1616445045890, "tick_direction": 2, "price": 0.6375, "mark_price": 0.64226119, "iv": 0.0, "instrument_name": "BTC-26MAR21-20000-C", "index_price": 55799.66, "direction": "sell", "amount": 0.5}, {"trade_seq": 3798, "trade_id": "137104096", "timestamp": 1616137454262, "tick_direction": 0, "price": 0.657, "mark_price": 0.65760139, "iv": 0.0, "instrument_name": "BTC-26MAR21-20000-C", "index_price": 58250.48, "direction": "buy", "amount": 0.1}, {"trade_seq": 3797, "trade_id": "137015418", "timestamp": 1616097394898, "tick_direction": 2, "price": 0.65, "mark_price": 0.65240371, "iv": 0.0, "instrument_name": "BTC-26MAR21-20000-C", "index_price": 57351.29, "direction": "sell", "amount": 0.5}, {"trade_seq": 3796, "trade_id": "136940029", "timestamp": 1616079792424, "tick_direction": 3, "price": 0.6555, "mark_price": 0.65596081, "iv": 0.0, "instrument_name": "BTC-26MAR21-20000-C", "index_price": 57917.09, "direction": "buy", "amount": 0.9}, {"trade_seq": 3795, "trade_id": "136939975", "timestamp": 1616079788522, "tick_direction": 2, "price": 0.6555, "mark_price": 0.65570549, "iv": 0.0, "instrument_name": "BTC-26MAR21-20000-C", "index_price": 57892.07, "direction": "buy", "amount": 0.1}, {"trade_seq": 3794, "trade_id": "136893997", "timestamp": 1616059389963, "tick_direction": 0, "price": 0.6595, "mark_price": 0.65801001, "iv": 334.85, "instrument_name": "BTC-26MAR21-20000-C", "index_price": 58262.54, "direction": "buy", "amount": 0.1}, {"trade_seq": 3793, "trade_id": "136735840", "timestamp": 1616007602502, "tick_direction": 3, "price": 0.654, "mark_price": 0.65413869, "iv": 0.0, "instrument_name": "BTC-26MAR21-20000-C", "index_price": 57632.8, "direction": "buy", "amount": 7.5}, {"trade_seq": 3792, "trade_id": "135975942", "timestamp": 1615795297248, "tick_direction": 2, "price": 0.654, "mark_price": 0.65548167, "iv": 0.0, "instrument_name": "BTC-26MAR21-20000-C", "index_price": 57644.95, "direction": "sell", "amount": 0.6}, {"trade_seq": 3791, "trade_id": "135575148", "timestamp": 1615642344317, "tick_direction": 1, "price": 0.664, "mark_price": 0.66990691, "iv": 0.0, "instrument_name": "BTC-26MAR21-20000-C", "index_price": 59542.51, "direction": "sell", "amount": 1.0}, {"trade_seq": 3790, "trade_id": "135572097", "timestamp": 1615641421488, "tick_direction": 1, "price": 0.664, "mark_price": 0.67084414, "iv": 0.0, "instrument_name": "BTC-26MAR21-20000-C", "index_price": 59704.76, "direction": "sell", "amount": 0.5}, {"trade_seq": 3789, "trade_id": "135571702", "timestamp": 1615641237842, "tick_direction": 0, "price": 0.664, "mark_price": 0.67077868, "iv": 0.0, "instrument_name": "BTC-26MAR21-20000-C", "index_price": 59686.83, "direction": "sell", "amount": 0.5}, {"trade_seq": 3788, "trade_id": "135379701", "timestamp": 1615572744317, "tick_direction": 0, "price": 0.656, "mark_price": 0.65642178, "iv": 0.0, "instrument_name": "BTC-26MAR21-20000-C", "index_price": 57598.86, "direction": "buy", "amount": 0.1}, {"trade_seq": 3787, "trade_id": "135379511", "timestamp": 1615572710955, "tick_direction": 0, "price": 0.655, "mark_price": 0.65588613, "iv": 0.0, "instrument_name": "BTC-26MAR21-20000-C", "index_price": 57518.41, "direction": "buy", "amount": 0.1}, {"trade_seq": 3786, "trade_id": "134630499", "timestamp": 1615337605976, "tick_direction": 0, "price": 0.6455, "mark_price": 0.64458065, "iv": 215.38, "instrument_name": "BTC-26MAR21-20000-C", "index_price": 55626.76, "direction": "sell", "amount": 0.1}, {"trade_seq": 3785, "trade_id": "133495691", "timestamp": 1614863928979, "tick_direction": 0, "price": 0.6, "mark_price": 0.60040665, "iv": 148.83, "instrument_name": "BTC-26MAR21-20000-C", "index_price": 49502.18, "direction": "buy", "amount": 0.1}, {"trade_seq": 3784, "trade_id": "132513271", "timestamp": 1614529317861, "tick_direction": 1, "price": 0.551, "mark_price": 0.55041689, "iv": 164.6, "instrument_name": "BTC-26MAR21-20000-C", "index_price": 43690.23, "direction": "sell", "amount": 1.0}, {"trade_seq": 3783, "trade_id": "132513212", "timestamp": 1614529270961, "tick_direction": 1, "price": 0.551, "mark_price": 0.55043759, "iv": 164.32, "instrument_name": "BTC-26MAR21-20000-C", "index_price": 43690.31, "direction": "sell", "amount": 1.0}, {"trade_seq": 3782, "trade_id": "132513130", "timestamp": 1614529213433, "tick_direction": 1, "price": 0.551, "mark_price": 0.55013719, "iv": 166.48, "instrument_name": "BTC-26MAR21-20000-C", "index_price": 43669.74, "direction": "sell", "amount": 1.0}, {"trade_seq": 3781, "trade_id": "132512515", "timestamp": 1614529094054, "tick_direction": 0, "price": 0.551, "mark_price": 0.5505845, "iv": 163.08, "instrument_name": "BTC-26MAR21-20000-C", "index_price": 43694.86, "direction": "sell", "amount": 1.0}, {"trade_seq": 3780, "trade_id": "132512319", "timestamp": 1614529055356, "tick_direction": 0, "price": 0.55, "mark_price": 0.54968344, "iv": 162.22, "instrument_name": "BTC-26MAR21-20000-C", "index_price": 43601.91, "direction": "sell", "amount": 1.0}, {"trade_seq": 3779, "trade_id": "132512167", "timestamp": 1614529008096, "tick_direction": 0, "price": 0.5495, "mark_price": 0.54916138, "iv": 162.29, "instrument_name": "BTC-26MAR21-20000-C", "index_price": 43534.43, "direction": "sell", "amount": 1.0}, {"trade_seq": 3778, "trade_id": "132511765", "timestamp": 1614528922356, "tick_direction": 2, "price": 0.5475, "mark_price": 0.54736404, "iv": 161.42, "instrument_name": "BTC-26MAR21-20000-C", "index_price": 43353.45, "direction": "sell", "amount": 1.0}, {"trade_seq": 3777, "trade_id": "132511644", "timestamp": 1614528897986, "tick_direction": 2, "price": 0.5485, "mark_price": 0.54798436, "iv": 163.53, "instrument_name": "BTC-26MAR21-20000-C", "index_price": 43437.83, "direction": "sell", "amount": 1.0}, {"trade_seq": 3776, "trade_id": "132510692", "timestamp": 1614528718792, "tick_direction": 2, "price": 0.5495, "mark_price": 0.54897705, "iv": 164.35, "instrument_name": "BTC-26MAR21-20000-C", "index_price": 43517.73, "direction": "sell", "amount": 1.0}, {"trade_seq": 3775, "trade_id": "132510469", "timestamp": 1614528672432, "tick_direction": 0, "price": 0.55, "mark_price": 0.5497642, "iv": 162.32, "instrument_name": "BTC-26MAR21-20000-C", "index_price": 43584.5, "direction": "sell", "amount": 1.0}, {"trade_seq": 3774, "trade_id": "132492303", "timestamp": 1614526189614, "tick_direction": 2, "price": 0.546, "mark_price": 0.55203177, "iv": 0.0, "instrument_name": "BTC-26MAR21-20000-C", "index_price": 43777.33, "direction": "sell", "amount": 0.2}, {"trade_seq": 3773, "trade_id": "131899997", "timestamp": 1614337998082, "tick_direction": 0, "price": 0.5785, "mark_price": 0.57875561, "iv": 161.09, "instrument_name": "BTC-26MAR21-20000-C", "index_price": 46488.23, "direction": "buy", "amount": 1.0}, {"trade_seq": 3772, "trade_id": "131838626", "timestamp": 1614326908869, "tick_direction": 2, "price": 0.57, "mark_price": 0.57020178, "iv": 162.14, "instrument_name": "BTC-26MAR21-20000-C", "index_price": 45432.24, "direction": "buy", "amount": 0.1}, {"trade_seq": 3771, "trade_id": "131160356", "timestamp": 1614174447474, "tick_direction": 0, "price": 0.606, "mark_price": 0.60795207, "iv": 136.75, "instrument_name": "BTC-26MAR21-20000-C", "index_price": 49559.4, "direction": "buy", "amount": 0.1}, {"trade_seq": 3770, "trade_id": "130682418", "timestamp": 1614084764868, "tick_direction": 0, "price": 0.605, "mark_price": 0.60510668, "iv": 161.78, "instrument_name": "BTC-26MAR21-20000-C", "index_price": 48768.4, "direction": "buy", "amount": 0.5}, {"trade_seq": 3769, "trade_id": "130297324", "timestamp": 1614057945982, "tick_direction": 3, "price": 0.604, "mark_price": 0.60563331, "iv": 152.54, "instrument_name": "BTC-26MAR21-20000-C", "index_price": 48931.4, "direction": "buy", "amount": 0.4}, {"trade_seq": 3768, "trade_id": "130297313", "timestamp": 1614057945944, "tick_direction": 3, "price": 0.604, "mark_price": 0.60563331, "iv": 152.54, "instrument_name": "BTC-26MAR21-20000-C", "index_price": 48931.4, "direction": "buy", "amount": 1.0}, {"trade_seq": 3767, "trade_id": "130297299", "timestamp": 1614057945795, "tick_direction": 3, "price": 0.604, "mark_price": 0.60563331, "iv": 152.54, "instrument_name": "BTC-26MAR21-20000-C", "index_price": 48931.4, "direction": "buy", "amount": 0.7}, {"trade_seq": 3766, "trade_id": "130297297", "timestamp": 1614057945625, "tick_direction": 3, "price": 0.604, "mark_price": 0.60563331, "iv": 152.54, "instrument_name": "BTC-26MAR21-20000-C", "index_price": 48931.4, "direction": "buy", "amount": 1.9}, {"trade_seq": 3765, "trade_id": "130285519", "timestamp": 1614057316866, "tick_direction": 2, "price": 0.604, "mark_price": 0.60696668, "iv": 130.49, "instrument_name": "BTC-26MAR21-20000-C", "index_price": 49153.39, "direction": "buy", "amount": 2.0}, {"trade_seq": 3764, "trade_id": "130080675", "timestamp": 1614020588051, "tick_direction": 1, "price": 0.637, "mark_price": 0.63686964, "iv": 174.83, "instrument_name": "BTC-26MAR21-20000-C", "index_price": 53307.74, "direction": "sell", "amount": 1.0}, {"trade_seq": 3763, "trade_id": "130080665", "timestamp": 1614020586993, "tick_direction": 1, "price": 0.637, "mark_price": 0.63686038, "iv": 175.43, "instrument_name": "BTC-26MAR21-20000-C", "index_price": 53289.8, "direction": "sell", "amount": 0.9}, {"trade_seq": 3762, "trade_id": "130080558", "timestamp": 1614020573345, "tick_direction": 0, "price": 0.637, "mark_price": 0.63636435, "iv": 180.05, "instrument_name": "BTC-26MAR21-20000-C", "index_price": 53231.73, "direction": "sell", "amount": 0.1}, {"trade_seq": 3761, "trade_id": "130079063", "timestamp": 1614020171927, "tick_direction": 1, "price": 0.636, "mark_price": 0.6354998, "iv": 177.7, "instrument_name": "BTC-26MAR21-20000-C", "index_price": 53117.02, "direction": "sell", "amount": 1.0}, {"trade_seq": 3760, "trade_id": "130078944", "timestamp": 1614020066855, "tick_direction": 1, "price": 0.636, "mark_price": 0.635639, "iv": 176.55, "instrument_name": "BTC-26MAR21-20000-C", "index_price": 53133.68, "direction": "sell", "amount": 1.0}, {"trade_seq": 3759, "trade_id": "130078939", "timestamp": 1614020065176, "tick_direction": 1, "price": 0.636, "mark_price": 0.63560752, "iv": 176.78, "instrument_name": "BTC-26MAR21-20000-C", "index_price": 53135.02, "direction": "sell", "amount": 0.4}, {"trade_seq": 3758, "trade_id": "130078889", "timestamp": 1614020047437, "tick_direction": 1, "price": 0.636, "mark_price": 0.63548123, "iv": 177.97, "instrument_name": "BTC-26MAR21-20000-C", "index_price": 53100.17, "direction": "sell", "amount": 0.1}, {"trade_seq": 3757, "trade_id": "130078885", "timestamp": 1614020047234, "tick_direction": 1, "price": 0.636, "mark_price": 0.63548123, "iv": 178.02, "instrument_name": "BTC-26MAR21-20000-C", "index_price": 53113.91, "direction": "sell", "amount": 0.1}, {"trade_seq": 3756, "trade_id": "130078882", "timestamp": 1614020045536, "tick_direction": 1, "price": 0.636, "mark_price": 0.63563311, "iv": 178.01, "instrument_name": "BTC-26MAR21-20000-C", "index_price": 53112.96, "direction": "sell", "amount": 0.1}, {"trade_seq": 3755, "trade_id": "130078881", "timestamp": 1614020045483, "tick_direction": 1, "price": 0.636, "mark_price": 0.63563311, "iv": 176.69, "instrument_name": "BTC-26MAR21-20000-C", "index_price": 53112.96, "direction": "sell", "amount": 0.2}, {"trade_seq": 3754, "trade_id": "130078855", "timestamp": 1614020044414, "tick_direction": 0, "price": 0.636, "mark_price": 0.63564631, "iv": 176.63, "instrument_name": "BTC-26MAR21-20000-C", "index_price": 53135.35, "direction": "sell", "amount": 0.1}, {"trade_seq": 3753, "trade_id": "130054426", "timestamp": 1614016670706, "tick_direction": 2, "price": 0.629, "mark_price": 0.62922188, "iv": 173.76, "instrument_name": "BTC-26MAR21-20000-C", "index_price": 52163.06, "direction": "sell", "amount": 0.1}, {"trade_seq": 3752, "trade_id": "130053874", "timestamp": 1614016645028, "tick_direction": 2, "price": 0.6295, "mark_price": 0.62976019, "iv": 173.56, "instrument_name": "BTC-26MAR21-20000-C", "index_price": 52229.84, "direction": "sell", "amount": 0.1}, {"trade_seq": 3751, "trade_id": "130053291", "timestamp": 1614016571442, "tick_direction": 2, "price": 0.6305, "mark_price": 0.63051884, "iv": 174.52, "instrument_name": "BTC-26MAR21-20000-C", "index_price": 52382.95, "direction": "sell", "amount": 0.1}, {"trade_seq": 3750, "trade_id": "130053011", "timestamp": 1614016528311, "tick_direction": 2, "price": 0.631, "mark_price": 0.6312831, "iv": 172.34, "instrument_name": "BTC-26MAR21-20000-C", "index_price": 52477.64, "direction": "sell", "amount": 0.1}, {"trade_seq": 3749, "trade_id": "129129657", "timestamp": 1613765493149, "tick_direction": 0, "price": 0.6525, "mark_price": 0.65308956, "iv": 161.24, "instrument_name": "BTC-26MAR21-20000-C", "index_price": 55047.01, "direction": "sell", "amount": 0.2}, {"trade_seq": 3748, "trade_id": "128981596", "timestamp": 1613725767345, "tick_direction": 1, "price": 0.64, "mark_price": 0.64023851, "iv": 159.43, "instrument_name": "BTC-26MAR21-20000-C", "index_price": 52706.71, "direction": "buy", "amount": 0.1}, {"trade_seq": 3747, "trade_id": "128981593", "timestamp": 1613725767200, "tick_direction": 1, "price": 0.64, "mark_price": 0.64023851, "iv": 159.43, "instrument_name": "BTC-26MAR21-20000-C", "index_price": 52706.71, "direction": "buy", "amount": 0.1}, {"trade_seq": 3746, "trade_id": "128981592", "timestamp": 1613725767112, "tick_direction": 1, "price": 0.64, "mark_price": 0.64023851, "iv": 159.43, "instrument_name": "BTC-26MAR21-20000-C", "index_price": 52706.71, "direction": "buy", "amount": 0.2}, {"trade_seq": 3745, "trade_id": "128981585", "timestamp": 1613725766645, "tick_direction": 1, "price": 0.64, "mark_price": 0.64023186, "iv": 159.43, "instrument_name": "BTC-26MAR21-20000-C", "index_price": 52706.71, "direction": "buy", "amount": 0.2}, {"trade_seq": 3744, "trade_id": "128981583", "timestamp": 1613725766552, "tick_direction": 1, "price": 0.64, "mark_price": 0.64023186, "iv": 159.43, "instrument_name": "BTC-26MAR21-20000-C", "index_price": 52702.93, "direction": "buy", "amount": 0.2}, {"trade_seq": 3743, "trade_id": "128981581", "timestamp": 1613725766294, "tick_direction": 1, "price": 0.64, "mark_price": 0.64023186, "iv": 159.51, "instrument_name": "BTC-26MAR21-20000-C", "index_price": 52702.93, "direction": "buy", "amount": 0.2}, {"trade_seq": 3742, "trade_id": "128981576", "timestamp": 1613725766011, "tick_direction": 1, "price": 0.64, "mark_price": 0.64023186, "iv": 159.51, "instrument_name": "BTC-26MAR21-20000-C", "index_price": 52702.93, "direction": "buy", "amount": 0.2}, {"trade_seq": 3741, "trade_id": "128981535", "timestamp": 1613725762215, "tick_direction": 1, "price": 0.64, "mark_price": 0.64018843, "iv": 160.01, "instrument_name": "BTC-26MAR21-20000-C", "index_price": 52699.63, "direction": "buy", "amount": 0.1}, {"trade_seq": 3740, "trade_id": "128981525", "timestamp": 1613725761537, "tick_direction": 1, "price": 0.64, "mark_price": 0.6401913, "iv": 159.97, "instrument_name": "BTC-26MAR21-20000-C", "index_price": 52697.67, "direction": "buy", "amount": 0.1}, {"trade_seq": 3739, "trade_id": "128981523", "timestamp": 1613725761470, "tick_direction": 1, "price": 0.64, "mark_price": 0.6401913, "iv": 159.97, "instrument_name": "BTC-26MAR21-20000-C", "index_price": 52697.67, "direction": "buy", "amount": 0.2}, {"trade_seq": 3738, "trade_id": "128981505", "timestamp": 1613725758718, "tick_direction": 1, "price": 0.64, "mark_price": 0.64011602, "iv": 160.8, "instrument_name": "BTC-26MAR21-20000-C", "index_price": 52692.66, "direction": "buy", "amount": 0.1}, {"trade_seq": 3737, "trade_id": "128981504", "timestamp": 1613725758658, "tick_direction": 1, "price": 0.64, "mark_price": 0.64011602, "iv": 160.8, "instrument_name": "BTC-26MAR21-20000-C", "index_price": 52692.66, "direction": "buy", "amount": 0.2}, {"trade_seq": 3736, "trade_id": "128981503", "timestamp": 1613725758527, "tick_direction": 1, "price": 0.64, "mark_price": 0.64011602, "iv": 160.82, "instrument_name": "BTC-26MAR21-20000-C", "index_price": 52687.38, "direction": "buy", "amount": 0.1}, {"trade_seq": 3735, "trade_id": "128981489", "timestamp": 1613725757774, "tick_direction": 1, "price": 0.64, "mark_price": 0.64011602, "iv": 160.82, "instrument_name": "BTC-26MAR21-20000-C", "index_price": 52687.38, "direction": "buy", "amount": 0.1}, {"trade_seq": 3734, "trade_id": "128981486", "timestamp": 1613725757495, "tick_direction": 1, "price": 0.64, "mark_price": 0.64010905, "iv": 160.82, "instrument_name": "BTC-26MAR21-20000-C", "index_price": 52687.18, "direction": "buy", "amount": 0.1}, {"trade_seq": 3733, "trade_id": "128981459", "timestamp": 1613725755468, "tick_direction": 1, "price": 0.64, "mark_price": 0.6400145, "iv": 161.94, "instrument_name": "BTC-26MAR21-20000-C", "index_price": 52686.12, "direction": "buy", "amount": 0.1}, {"trade_seq": 3732, "trade_id": "128981447", "timestamp": 1613725755073, "tick_direction": 1, "price": 0.64, "mark_price": 0.6400145, "iv": 161.94, "instrument_name": "BTC-26MAR21-20000-C", "index_price": 52686.12, "direction": "buy", "amount": 0.1}, {"trade_seq": 3731, "trade_id": "128981444", "timestamp": 1613725754864, "tick_direction": 1, "price": 0.64, "mark_price": 0.6400145, "iv": 161.94, "instrument_name": "BTC-26MAR21-20000-C", "index_price": 52686.12, "direction": "buy", "amount": 0.1}, {"trade_seq": 3730, "trade_id": "128981441", "timestamp": 1613725754762, "tick_direction": 1, "price": 0.64, "mark_price": 0.6400145, "iv": 161.94, "instrument_name": "BTC-26MAR21-20000-C", "index_price": 52686.12, "direction": "buy", "amount": 0.1}, {"trade_seq": 3729, "trade_id": "128981405", "timestamp": 1613725753260, "tick_direction": 1, "price": 0.64, "mark_price": 0.63991896, "iv": 162.96, "instrument_name": "BTC-26MAR21-20000-C", "index_price": 52665.54, "direction": "buy", "amount": 0.1}, {"trade_seq": 3728, "trade_id": "128981377", "timestamp": 1613725751812, "tick_direction": 1, "price": 0.64, "mark_price": 0.63987225, "iv": 163.07, "instrument_name": "BTC-26MAR21-20000-C", "index_price": 52662.53, "direction": "buy", "amount": 0.4}, {"trade_seq": 3727, "trade_id": "128981372", "timestamp": 1613725751473, "tick_direction": 1, "price": 0.64, "mark_price": 0.63984796, "iv": 163.44, "instrument_name": "BTC-26MAR21-20000-C", "index_price": 52662.53, "direction": "buy", "amount": 0.1}, {"trade_seq": 3726, "trade_id": "128981371", "timestamp": 1613725751408, "tick_direction": 1, "price": 0.64, "mark_price": 0.63984796, "iv": 163.44, "instrument_name": "BTC-26MAR21-20000-C", "index_price": 52662.53, "direction": "buy", "amount": 0.1}, {"trade_seq": 3725, "trade_id": "128981340", "timestamp": 1613725751213, "tick_direction": 1, "price": 0.64, "mark_price": 0.63984796, "iv": 163.69, "instrument_name": "BTC-26MAR21-20000-C", "index_price": 52656.82, "direction": "buy", "amount": 0.1}, {"trade_seq": 3724, "trade_id": "128981324", "timestamp": 1613725751120, "tick_direction": 1, "price": 0.64, "mark_price": 0.63984796, "iv": 163.69, "instrument_name": "BTC-26MAR21-20000-C", "index_price": 52656.82, "direction": "buy", "amount": 0.2}, {"trade_seq": 3723, "trade_id": "128981319", "timestamp": 1613725750999, "tick_direction": 1, "price": 0.64, "mark_price": 0.63984796, "iv": 163.69, "instrument_name": "BTC-26MAR21-20000-C", "index_price": 52656.82, "direction": "buy", "amount": 0.1}, {"trade_seq": 3722, "trade_id": "128981298", "timestamp": 1613725750312, "tick_direction": 1, "price": 0.64, "mark_price": 0.63978176, "iv": 163.69, "instrument_name": "BTC-26MAR21-20000-C", "index_price": 52656.82, "direction": "buy", "amount": 0.1}, {"trade_seq": 3721, "trade_id": "128981297", "timestamp": 1613725750273, "tick_direction": 1, "price": 0.64, "mark_price": 0.63978176, "iv": 163.69, "instrument_name": "BTC-26MAR21-20000-C", "index_price": 52656.82, "direction": "buy", "amount": 0.1}, {"trade_seq": 3720, "trade_id": "128981261", "timestamp": 1613725748345, "tick_direction": 0, "price": 0.64, "mark_price": 0.63968668, "iv": 164.8, "instrument_name": "BTC-26MAR21-20000-C", "index_price": 52648.71, "direction": "buy", "amount": 0.1}, {"trade_seq": 3719, "trade_id": "128655599", "timestamp": 1613595411015, "tick_direction": 3, "price": 0.636, "mark_price": 0.63603602, "iv": 164.34, "instrument_name": "BTC-26MAR21-20000-C", "index_price": 52295.53, "direction": "sell", "amount": 0.1}, {"trade_seq": 3718, "trade_id": "128654510", "timestamp": 1613594946404, "tick_direction": 2, "price": 0.636, "mark_price": 0.63610083, "iv": 164.09, "instrument_name": "BTC-26MAR21-20000-C", "index_price": 52304.55, "direction": "sell", "amount": 0.2}, {"trade_seq": 3717, "trade_id": "128640729", "timestamp": 1613591185758, "tick_direction": 1, "price": 0.6365, "mark_price": 0.63654318, "iv": 164.21, "instrument_name": "BTC-26MAR21-20000-C", "index_price": 52260.32, "direction": "sell", "amount": 0.1}, {"trade_seq": 3716, "trade_id": "128640552", "timestamp": 1613591167850, "tick_direction": 1, "price": 0.6365, "mark_price": 0.6369887, "iv": 160.07, "instrument_name": "BTC-26MAR21-20000-C", "index_price": 52325.21, "direction": "buy", "amount": 0.1}, {"trade_seq": 3715, "trade_id": "128640546", "timestamp": 1613591165697, "tick_direction": 1, "price": 0.6365, "mark_price": 0.63704794, "iv": 159.88, "instrument_name": "BTC-26MAR21-20000-C", "index_price": 52330.11, "direction": "buy", "amount": 0.1}, {"trade_seq": 3714, "trade_id": "128640542", "timestamp": 1613591162189, "tick_direction": 1, "price": 0.6365, "mark_price": 0.63706849, "iv": 159.28, "instrument_name": "BTC-26MAR21-20000-C", "index_price": 52336.41, "direction": "buy", "amount": 0.1}, {"trade_seq": 3713, "trade_id": "128640512", "timestamp": 1613591160059, "tick_direction": 1, "price": 0.6365, "mark_price": 0.63702727, "iv": 159.69, "instrument_name": "BTC-26MAR21-20000-C", "index_price": 52328.94, "direction": "buy", "amount": 0.1}, {"trade_seq": 3712, "trade_id": "128640501", "timestamp": 1613591157990, "tick_direction": 0, "price": 0.6365, "mark_price": 0.63701905, "iv": 159.77, "instrument_name": "BTC-26MAR21-20000-C", "index_price": 52328.38, "direction": "buy", "amount": 0.1}, {"trade_seq": 3711, "trade_id": "128624367", "timestamp": 1613586414918, "tick_direction": 1, "price": 0.6315, "mark_price": 0.63143108, "iv": 164.87, "instrument_name": "BTC-26MAR21-20000-C", "index_price": 51484.29, "direction": "sell", "amount": 0.1}, {"trade_seq": 3710, "trade_id": "128624366", "timestamp": 1613586414865, "tick_direction": 1, "price": 0.6315, "mark_price": 0.63143108, "iv": 164.87, "instrument_name": "BTC-26MAR21-20000-C", "index_price": 51484.29, "direction": "sell", "amount": 0.1}, {"trade_seq": 3709, "trade_id": "128624365", "timestamp": 1613586414827, "tick_direction": 1, "price": 0.6315, "mark_price": 0.63143108, "iv": 164.87, "instrument_name": "BTC-26MAR21-20000-C", "index_price": 51484.29, "direction": "sell", "amount": 0.4}, {"trade_seq": 3708, "trade_id": "128624243", "timestamp": 1613586385679, "tick_direction": 0, "price": 0.6315, "mark_price": 0.63145503, "iv": 164.55, "instrument_name": "BTC-26MAR21-20000-C", "index_price": 51488.61, "direction": "sell", "amount": 0.1}, {"trade_seq": 3707, "trade_id": "128620424", "timestamp": 1613585079868, "tick_direction": 3, "price": 0.6305, "mark_price": 0.63047682, "iv": 164.11, "instrument_name": "BTC-26MAR21-20000-C", "index_price": 51343.26, "direction": "sell", "amount": 0.1}, {"trade_seq": 3706, "trade_id": "128619258", "timestamp": 1613584721492, "tick_direction": 3, "price": 0.6305, "mark_price": 0.63047898, "iv": 164.05, "instrument_name": "BTC-26MAR21-20000-C", "index_price": 51356.13, "direction": "sell", "amount": 0.1}, {"trade_seq": 3705, "trade_id": "128619257", "timestamp": 1613584721450, "tick_direction": 2, "price": 0.6305, "mark_price": 0.63047898, "iv": 164.05, "instrument_name": "BTC-26MAR21-20000-C", "index_price": 51356.13, "direction": "sell", "amount": 0.1}, {"trade_seq": 3704, "trade_id": "128520595", "timestamp": 1613555306593, "tick_direction": 0, "price": 0.633, "mark_price": 0.6328358, "iv": 163.96, "instrument_name": "BTC-26MAR21-20000-C", "index_price": 51613.31, "direction": "buy", "amount": 0.5}, {"trade_seq": 3703, "trade_id": "128387068", "timestamp": 1613528084279, "tick_direction": 1, "price": 0.615, "mark_price": 0.61586316, "iv": 149.88, "instrument_name": "BTC-26MAR21-20000-C", "index_price": 49745.54, "direction": "buy", "amount": 0.1}, {"trade_seq": 3702, "trade_id": "128387065", "timestamp": 1613528084150, "tick_direction": 1, "price": 0.615, "mark_price": 0.61586316, "iv": 149.88, "instrument_name": "BTC-26MAR21-20000-C", "index_price": 49745.54, "direction": "buy", "amount": 0.1}, {"trade_seq": 3701, "trade_id": "128387064", "timestamp": 1613528084040, "tick_direction": 1, "price": 0.615, "mark_price": 0.61586316, "iv": 149.88, "instrument_name": "BTC-26MAR21-20000-C", "index_price": 49745.54, "direction": "buy", "amount": 0.3}, {"trade_seq": 3700, "trade_id": "128387053", "timestamp": 1613528083573, "tick_direction": 1, "price": 0.615, "mark_price": 0.61586316, "iv": 149.88, "instrument_name": "BTC-26MAR21-20000-C", "index_price": 49745.54, "direction": "buy", "amount": 0.1}, {"trade_seq": 3699, "trade_id": "128387052", "timestamp": 1613528083330, "tick_direction": 1, "price": 0.615, "mark_price": 0.61577277, "iv": 150.01, "instrument_name": "BTC-26MAR21-20000-C", "index_price": 49734.04, "direction": "buy", "amount": 0.3}, {"trade_seq": 3698, "trade_id": "128387048", "timestamp": 1613528083016, "tick_direction": 1, "price": 0.615, "mark_price": 0.61577277, "iv": 150.01, "instrument_name": "BTC-26MAR21-20000-C", "index_price": 49734.04, "direction": "buy", "amount": 0.3}, {"trade_seq": 3697, "trade_id": "128387044", "timestamp": 1613528082931, "tick_direction": 1, "price": 0.615, "mark_price": 0.61577277, "iv": 150.01, "instrument_name": "BTC-26MAR21-20000-C", "index_price": 49734.04, "direction": "buy", "amount": 0.2}, {"trade_seq": 3696, "trade_id": "128387030", "timestamp": 1613528082828, "tick_direction": 1, "price": 0.615, "mark_price": 0.61577277, "iv": 150.01, "instrument_name": "BTC-26MAR21-20000-C", "index_price": 49734.04, "direction": "buy", "amount": 0.3}, {"trade_seq": 3695, "trade_id": "128386988", "timestamp": 1613528082649, "tick_direction": 1, "price": 0.615, "mark_price": 0.61577277, "iv": 150.01, "instrument_name": "BTC-26MAR21-20000-C", "index_price": 49734.04, "direction": "buy", "amount": 0.1}, {"trade_seq": 3694, "trade_id": "128386965", "timestamp": 1613528082558, "tick_direction": 1, "price": 0.615, "mark_price": 0.61577277, "iv": 150.01, "instrument_name": "BTC-26MAR21-20000-C", "index_price": 49734.04, "direction": "buy", "amount": 0.1}, {"trade_seq": 3693, "trade_id": "128386859", "timestamp": 1613528077429, "tick_direction": 1, "price": 0.615, "mark_price": 0.61586042, "iv": 150.03, "instrument_name": "BTC-26MAR21-20000-C", "index_price": 49732.75, "direction": "buy", "amount": 0.1}, {"trade_seq": 3692, "trade_id": "128386844", "timestamp": 1613528076698, "tick_direction": 1, "price": 0.615, "mark_price": 0.61583756, "iv": 150.03, "instrument_name": "BTC-26MAR21-20000-C", "index_price": 49732.75, "direction": "buy", "amount": 0.1}, {"trade_seq": 3691, "trade_id": "128386815", "timestamp": 1613528055630, "tick_direction": 1, "price": 0.615, "mark_price": 0.61583986, "iv": 150.17, "instrument_name": "BTC-26MAR21-20000-C", "index_price": 49732.29, "direction": "buy", "amount": 0.1}, {"trade_seq": 3690, "trade_id": "128386784", "timestamp": 1613528049106, "tick_direction": 1, "price": 0.615, "mark_price": 0.61583101, "iv": 150.31, "instrument_name": "BTC-26MAR21-20000-C", "index_price": 49731.7, "direction": "buy", "amount": 0.2}, {"trade_seq": 3689, "trade_id": "128386783", "timestamp": 1613528049021, "tick_direction": 1, "price": 0.615, "mark_price": 0.61583101, "iv": 150.31, "instrument_name": "BTC-26MAR21-20000-C", "index_price": 49731.7, "direction": "buy", "amount": 0.1}, {"trade_seq": 3688, "trade_id": "128386777", "timestamp": 1613528048850, "tick_direction": 1, "price": 0.615, "mark_price": 0.61583101, "iv": 150.31, "instrument_name": "BTC-26MAR21-20000-C", "index_price": 49731.7, "direction": "buy", "amount": 0.1}, {"trade_seq": 3687, "trade_id": "128386759", "timestamp": 1613528047083, "tick_direction": 1, "price": 0.615, "mark_price": 0.61577358, "iv": 150.81, "instrument_name": "BTC-26MAR21-20000-C", "index_price": 49723.87, "direction": "buy", "amount": 0.3}, {"trade_seq": 3686, "trade_id": "128386754", "timestamp": 1613528046962, "tick_direction": 1, "price": 0.615, "mark_price": 0.61577358, "iv": 150.81, "instrument_name": "BTC-26MAR21-20000-C", "index_price": 49723.87, "direction": "buy", "amount": 0.2}, {"trade_seq": 3685, "trade_id": "128386749", "timestamp": 1613528046874, "tick_direction": 1, "price": 0.615, "mark_price": 0.61577358, "iv": 150.81, "instrument_name": "BTC-26MAR21-20000-C", "index_price": 49723.87, "direction": "buy", "amount": 0.1}, {"trade_seq": 3684, "trade_id": "128386734", "timestamp": 1613528041841, "tick_direction": 1, "price": 0.615, "mark_price": 0.61561938, "iv": 152.18, "instrument_name": "BTC-26MAR21-20000-C", "index_price": 49706.09, "direction": "buy", "amount": 0.1}, {"trade_seq": 3683, "trade_id": "128386733", "timestamp": 1613528041814, "tick_direction": 1, "price": 0.615, "mark_price": 0.61561938, "iv": 152.18, "instrument_name": "BTC-26MAR21-20000-C", "index_price": 49706.09, "direction": "buy", "amount": 0.1}, {"trade_seq": 3682, "trade_id": "128386730", "timestamp": 1613528041540, "tick_direction": 1, "price": 0.615, "mark_price": 0.61561938, "iv": 152.18, "instrument_name": "BTC-26MAR21-20000-C", "index_price": 49706.09, "direction": "buy", "amount": 0.1}, {"trade_seq": 3681, "trade_id": "128386645", "timestamp": 1613528036631, "tick_direction": 1, "price": 0.615, "mark_price": 0.61566029, "iv": 151.01, "instrument_name": "BTC-26MAR21-20000-C", "index_price": 49714.49, "direction": "buy", "amount": 0.2}, {"trade_seq": 3680, "trade_id": "128386634", "timestamp": 1613528035453, "tick_direction": 0, "price": 0.615, "mark_price": 0.6156215, "iv": 152.16, "instrument_name": "BTC-26MAR21-20000-C", "index_price": 49703.37, "direction": "buy", "amount": 0.3}, {"trade_seq": 3679, "trade_id": "128335291", "timestamp": 1613506248050, "tick_direction": 3, "price": 0.6045, "mark_price": 0.60417194, "iv": 159.08, "instrument_name": "BTC-26MAR21-20000-C", "index_price": 48439.81, "direction": "sell", "amount": 0.1}, {"trade_seq": 3678, "trade_id": "128335270", "timestamp": 1613506245749, "tick_direction": 3, "price": 0.6045, "mark_price": 0.60416934, "iv": 158.8, "instrument_name": "BTC-26MAR21-20000-C", "index_price": 48445.33, "direction": "sell", "amount": 0.1}, {"trade_seq": 3677, "trade_id": "128335267", "timestamp": 1613506243355, "tick_direction": 3, "price": 0.6045, "mark_price": 0.60416932, "iv": 158.85, "instrument_name": "BTC-26MAR21-20000-C", "index_price": 48445.33, "direction": "sell", "amount": 0.1}, {"trade_seq": 3676, "trade_id": "128335266", "timestamp": 1613506241240, "tick_direction": 3, "price": 0.6045, "mark_price": 0.60416915, "iv": 158.85, "instrument_name": "BTC-26MAR21-20000-C", "index_price": 48444.46, "direction": "sell", "amount": 0.1}, {"trade_seq": 3675, "trade_id": "128335088", "timestamp": 1613506133631, "tick_direction": 3, "price": 0.6045, "mark_price": 0.60409598, "iv": 159.24, "instrument_name": "BTC-26MAR21-20000-C", "index_price": 48429.52, "direction": "sell", "amount": 0.1}, {"trade_seq": 3674, "trade_id": "128335083", "timestamp": 1613506131782, "tick_direction": 3, "price": 0.6045, "mark_price": 0.60411714, "iv": 159.16, "instrument_name": "BTC-26MAR21-20000-C", "index_price": 48428.29, "direction": "sell", "amount": 0.1}, {"trade_seq": 3673, "trade_id": "128335071", "timestamp": 1613506129522, "tick_direction": 3, "price": 0.6045, "mark_price": 0.60417501, "iv": 158.9, "instrument_name": "BTC-26MAR21-20000-C", "index_price": 48437.98, "direction": "sell", "amount": 0.1}, {"trade_seq": 3672, "trade_id": "128335069", "timestamp": 1613506127498, "tick_direction": 3, "price": 0.6045, "mark_price": 0.60418923, "iv": 158.79, "instrument_name": "BTC-26MAR21-20000-C", "index_price": 48439.19, "direction": "sell", "amount": 0.1}, {"trade_seq": 3671, "trade_id": "128335068", "timestamp": 1613506126063, "tick_direction": 3, "price": 0.6045, "mark_price": 0.60418595, "iv": 158.71, "instrument_name": "BTC-26MAR21-20000-C", "index_price": 48440.12, "direction": "sell", "amount": 0.1}, {"trade_seq": 3670, "trade_id": "128335062", "timestamp": 1613506120704, "tick_direction": 2, "price": 0.6045, "mark_price": 0.60422896, "iv": 158.63, "instrument_name": "BTC-26MAR21-20000-C", "index_price": 48443.33, "direction": "sell", "amount": 0.1}, {"trade_seq": 3669, "trade_id": "128334996", "timestamp": 1613506071802, "tick_direction": 2, "price": 0.6055, "mark_price": 0.60405764, "iv": 165.64, "instrument_name": "BTC-26MAR21-20000-C", "index_price": 48431.71, "direction": "buy", "amount": 0.1}, {"trade_seq": 3668, "trade_id": "128334982", "timestamp": 1613506039245, "tick_direction": 0, "price": 0.62, "mark_price": 0.60406369, "iv": 221.85, "instrument_name": "BTC-26MAR21-20000-C", "index_price": 48433.86, "direction": "sell", "amount": 0.3}, {"trade_seq": 3667, "trade_id": "128316899", "timestamp": 1613499029872, "tick_direction": 2, "price": 0.6, "mark_price": 0.60054559, "iv": 152.97, "instrument_name": "BTC-26MAR21-20000-C", "index_price": 47955.05, "direction": "sell", "amount": 0.1}, {"trade_seq": 3666, "trade_id": "128310451", "timestamp": 1613497249076, "tick_direction": 2, "price": 0.6035, "mark_price": 0.60459173, "iv": 147.79, "instrument_name": "BTC-26MAR21-20000-C", "index_price": 48455.34, "direction": "sell", "amount": 0.2}, {"trade_seq": 3665, "trade_id": "128289082", "timestamp": 1613492991584, "tick_direction": 2, "price": 0.6075, "mark_price": 0.60794257, "iv": 153.38, "instrument_name": "BTC-26MAR21-20000-C", "index_price": 48739.17, "direction": "sell", "amount": 0.1}, {"trade_seq": 3664, "trade_id": "128285311", "timestamp": 1613491570082, "tick_direction": 0, "price": 0.611, "mark_price": 0.61106363, "iv": 156.72, "instrument_name": "BTC-26MAR21-20000-C", "index_price": 49085.64, "direction": "sell", "amount": 0.1}, {"trade_seq": 3663, "trade_id": "127756428", "timestamp": 1613355296734, "tick_direction": 2, "price": 0.6, "mark_price": 0.60039075, "iv": 151.86, "instrument_name": "BTC-26MAR21-20000-C", "index_price": 47724.26, "direction": "sell", "amount": 0.3}, {"trade_seq": 3662, "trade_id": "127608557", "timestamp": 1613301088386, "tick_direction": 3, "price": 0.614, "mark_price": 0.61391789, "iv": 156.53, "instrument_name": "BTC-26MAR21-20000-C", "index_price": 48944.56, "direction": "sell", "amount": 0.2}, {"trade_seq": 3661, "trade_id": "127608555", "timestamp": 1613301088320, "tick_direction": 2, "price": 0.614, "mark_price": 0.61391789, "iv": 156.53, "instrument_name": "BTC-26MAR21-20000-C", "index_price": 48944.56, "direction": "sell", "amount": 0.1}, {"trade_seq": 3660, "trade_id": "127607318", "timestamp": 1613300680800, "tick_direction": 1, "price": 0.615, "mark_price": 0.61459721, "iv": 158.73, "instrument_name": "BTC-26MAR21-20000-C", "index_price": 49029.82, "direction": "sell", "amount": 0.1}, {"trade_seq": 3659, "trade_id": "127607314", "timestamp": 1613300672952, "tick_direction": 1, "price": 0.615, "mark_price": 0.61463304, "iv": 158.47, "instrument_name": "BTC-26MAR21-20000-C", "index_price": 49031.79, "direction": "sell", "amount": 0.1}, {"trade_seq": 3658, "trade_id": "127607308", "timestamp": 1613300672193, "tick_direction": 1, "price": 0.615, "mark_price": 0.61463575, "iv": 158.45, "instrument_name": "BTC-26MAR21-20000-C", "index_price": 49032.54, "direction": "sell", "amount": 0.1}, {"trade_seq": 3657, "trade_id": "127607293", "timestamp": 1613300656829, "tick_direction": 1, "price": 0.615, "mark_price": 0.6147757, "iv": 157.61, "instrument_name": "BTC-26MAR21-20000-C", "index_price": 49051.23, "direction": "sell", "amount": 0.1}, {"trade_seq": 3656, "trade_id": "127607252", "timestamp": 1613300609656, "tick_direction": 1, "price": 0.615, "mark_price": 0.61469348, "iv": 158.17, "instrument_name": "BTC-26MAR21-20000-C", "index_price": 49041.92, "direction": "sell", "amount": 0.2}, {"trade_seq": 3655, "trade_id": "127607206", "timestamp": 1613300587923, "tick_direction": 0, "price": 0.615, "mark_price": 0.61459703, "iv": 158.77, "instrument_name": "BTC-26MAR21-20000-C", "index_price": 49034.89, "direction": "sell", "amount": 0.3}, {"trade_seq": 3654, "trade_id": "127565787", "timestamp": 1613284772338, "tick_direction": 2, "price": 0.612, "mark_price": 0.61212647, "iv": 151.3, "instrument_name": "BTC-26MAR21-20000-C", "index_price": 48705.54, "direction": "buy", "amount": 0.1}, {"trade_seq": 3653, "trade_id": "127548081", "timestamp": 1613282410053, "tick_direction": 1, "price": 0.6145, "mark_price": 0.61380744, "iv": 156.02, "instrument_name": "BTC-26MAR21-20000-C", "index_price": 48978.5, "direction": "buy", "amount": 0.1}, {"trade_seq": 3652, "trade_id": "127548056", "timestamp": 1613282408555, "tick_direction": 1, "price": 0.6145, "mark_price": 0.61371307, "iv": 156.17, "instrument_name": "BTC-26MAR21-20000-C", "index_price": 48964.86, "direction": "buy", "amount": 0.1}, {"trade_seq": 3651, "trade_id": "127548024", "timestamp": 1613282407725, "tick_direction": 1, "price": 0.6145, "mark_price": 0.61367004, "iv": 156.78, "instrument_name": "BTC-26MAR21-20000-C", "index_price": 48957.14, "direction": "buy", "amount": 0.1}, {"trade_seq": 3650, "trade_id": "127548022", "timestamp": 1613282407677, "tick_direction": 1, "price": 0.6145, "mark_price": 0.61367004, "iv": 156.78, "instrument_name": "BTC-26MAR21-20000-C", "index_price": 48957.14, "direction": "buy", "amount": 0.1}, {"trade_seq": 3649, "trade_id": "127548010", "timestamp": 1613282407391, "tick_direction": 0, "price": 0.6145, "mark_price": 0.61367004, "iv": 156.78, "instrument_name": "BTC-26MAR21-20000-C", "index_price": 48957.14, "direction": "buy", "amount": 0.1}, {"trade_seq": 3648, "trade_id": "127541611", "timestamp": 1613281745146, "tick_direction": 1, "price": 0.61, "mark_price": 0.60942466, "iv": 154.86, "instrument_name": "BTC-26MAR21-20000-C", "index_price": 48477.73, "direction": "buy", "amount": 0.1}, {"trade_seq": 3647, "trade_id": "127541603", "timestamp": 1613281745001, "tick_direction": 0, "price": 0.61, "mark_price": 0.60940103, "iv": 154.86, "instrument_name": "BTC-26MAR21-20000-C", "index_price": 48477.73, "direction": "buy", "amount": 0.1}, {"trade_seq": 3646, "trade_id": "127488793", "timestamp": 1613250491089, "tick_direction": 3, "price": 0.595, "mark_price": 0.59425767, "iv": 154.48, "instrument_name": "BTC-26MAR21-20000-C", "index_price": 46937.63, "direction": "sell", "amount": 0.2}, {"trade_seq": 3645, "trade_id": "127488792", "timestamp": 1613250491070, "tick_direction": 3, "price": 0.595, "mark_price": 0.59425767, "iv": 154.48, "instrument_name": "BTC-26MAR21-20000-C", "index_price": 46937.63, "direction": "sell", "amount": 0.1}, {"trade_seq": 3644, "trade_id": "127488759", "timestamp": 1613250486238, "tick_direction": 3, "price": 0.595, "mark_price": 0.59439793, "iv": 154.13, "instrument_name": "BTC-26MAR21-20000-C", "index_price": 46945.49, "direction": "sell", "amount": 0.1}, {"trade_seq": 3643, "trade_id": "127488758", "timestamp": 1613250484907, "tick_direction": 3, "price": 0.595, "mark_price": 0.59440722, "iv": 153.61, "instrument_name": "BTC-26MAR21-20000-C", "index_price": 46955.55, "direction": "sell", "amount": 0.1}, {"trade_seq": 3642, "trade_id": "127488757", "timestamp": 1613250484838, "tick_direction": 3, "price": 0.595, "mark_price": 0.59440722, "iv": 153.61, "instrument_name": "BTC-26MAR21-20000-C", "index_price": 46955.55, "direction": "sell", "amount": 0.1}, {"trade_seq": 3641, "trade_id": "127488750", "timestamp": 1613250484683, "tick_direction": 3, "price": 0.595, "mark_price": 0.59440722, "iv": 153.61, "instrument_name": "BTC-26MAR21-20000-C", "index_price": 46955.55, "direction": "sell", "amount": 0.2}, {"trade_seq": 3640, "trade_id": "127488649", "timestamp": 1613250354443, "tick_direction": 3, "price": 0.595, "mark_price": 0.59454353, "iv": 152.9, "instrument_name": "BTC-26MAR21-20000-C", "index_price": 46968.55, "direction": "sell", "amount": 0.1}, {"trade_seq": 3639, "trade_id": "127488647", "timestamp": 1613250353778, "tick_direction": 2, "price": 0.595, "mark_price": 0.59454446, "iv": 152.9, "instrument_name": "BTC-26MAR21-20000-C", "index_price": 46967.91, "direction": "sell", "amount": 0.1}, {"trade_seq": 3638, "trade_id": "127158705", "timestamp": 1613129419929, "tick_direction": 1, "price": 0.6035, "mark_price": 0.60377809, "iv": 145.03, "instrument_name": "BTC-26MAR21-20000-C", "index_price": 47980.68, "direction": "buy", "amount": 0.5}, {"trade_seq": 3637, "trade_id": "127158650", "timestamp": 1613129413854, "tick_direction": 1, "price": 0.6035, "mark_price": 0.60369895, "iv": 145.57, "instrument_name": "BTC-26MAR21-20000-C", "index_price": 47963.42, "direction": "buy", "amount": 0.1}, {"trade_seq": 3636, "trade_id": "127158630", "timestamp": 1613129413029, "tick_direction": 1, "price": 0.6035, "mark_price": 0.60364448, "iv": 145.94, "instrument_name": "BTC-26MAR21-20000-C", "index_price": 47962.76, "direction": "buy", "amount": 0.2}, {"trade_seq": 3635, "trade_id": "127158628", "timestamp": 1613129412960, "tick_direction": 1, "price": 0.6035, "mark_price": 0.60364448, "iv": 145.94, "instrument_name": "BTC-26MAR21-20000-C", "index_price": 47962.76, "direction": "buy", "amount": 0.1}, {"trade_seq": 3634, "trade_id": "127158626", "timestamp": 1613129412894, "tick_direction": 1, "price": 0.6035, "mark_price": 0.60364448, "iv": 145.94, "instrument_name": "BTC-26MAR21-20000-C", "index_price": 47962.76, "direction": "buy", "amount": 0.1}, {"trade_seq": 3633, "trade_id": "127158597", "timestamp": 1613129409522, "tick_direction": 1, "price": 0.6035, "mark_price": 0.60343841, "iv": 147.3, "instrument_name": "BTC-26MAR21-20000-C", "index_price": 47930.87, "direction": "buy", "amount": 0.1}, {"trade_seq": 3632, "trade_id": "127158596", "timestamp": 1613129409425, "tick_direction": 1, "price": 0.6035, "mark_price": 0.60343841, "iv": 147.3, "instrument_name": "BTC-26MAR21-20000-C", "index_price": 47930.87, "direction": "buy", "amount": 0.1}, {"trade_seq": 3631, "trade_id": "127158594", "timestamp": 1613129409303, "tick_direction": 1, "price": 0.6035, "mark_price": 0.60343841, "iv": 147.3, "instrument_name": "BTC-26MAR21-20000-C", "index_price": 47930.87, "direction": "buy", "amount": 0.1}, {"trade_seq": 3630, "trade_id": "127158593", "timestamp": 1613129409224, "tick_direction": 1, "price": 0.6035, "mark_price": 0.60343841, "iv": 147.3, "instrument_name": "BTC-26MAR21-20000-C", "index_price": 47930.87, "direction": "buy", "amount": 0.2}, {"trade_seq": 3629, "trade_id": "127158577", "timestamp": 1613129406265, "tick_direction": 1, "price": 0.6035, "mark_price": 0.60337252, "iv": 147.72, "instrument_name": "BTC-26MAR21-20000-C", "index_price": 47931.01, "direction": "buy", "amount": 0.2}, {"trade_seq": 3628, "trade_id": "127158576", "timestamp": 1613129406155, "tick_direction": 1, "price": 0.6035, "mark_price": 0.60337252, "iv": 147.72, "instrument_name": "BTC-26MAR21-20000-C", "index_price": 47931.01, "direction": "buy", "amount": 0.1}, {"trade_seq": 3627, "trade_id": "127158527", "timestamp": 1613129403252, "tick_direction": 1, "price": 0.6035, "mark_price": 0.6032337, "iv": 148.6, "instrument_name": "BTC-26MAR21-20000-C", "index_price": 47913.51, "direction": "buy", "amount": 0.1}, {"trade_seq": 3626, "trade_id": "127158526", "timestamp": 1613129403191, "tick_direction": 0, "price": 0.6035, "mark_price": 0.6032337, "iv": 148.6, "instrument_name": "BTC-26MAR21-20000-C", "index_price": 47913.51, "direction": "buy", "amount": 0.1}, {"trade_seq": 3625, "trade_id": "127147397", "timestamp": 1613125030744, "tick_direction": 3, "price": 0.5975, "mark_price": 0.59916117, "iv": 134.49, "instrument_name": "BTC-26MAR21-20000-C", "index_price": 47443.24, "direction": "sell", "amount": 35.4}, {"trade_seq": 3624, "trade_id": "127147328", "timestamp": 1613124974221, "tick_direction": 3, "price": 0.5975, "mark_price": 0.59917101, "iv": 134.48, "instrument_name": "BTC-26MAR21-20000-C", "index_price": 47446.0, "direction": "sell", "amount": 30.0}, {"trade_seq": 3623, "trade_id": "127095941", "timestamp": 1613111398322, "tick_direction": 3, "price": 0.5975, "mark_price": 0.59807009, "iv": 142.11, "instrument_name": "BTC-26MAR21-20000-C", "index_price": 47443.11, "direction": "buy", "amount": 0.1}, {"trade_seq": 3622, "trade_id": "127095935", "timestamp": 1613111398124, "tick_direction": 3, "price": 0.5975, "mark_price": 0.59807009, "iv": 142.11, "instrument_name": "BTC-26MAR21-20000-C", "index_price": 47443.11, "direction": "buy", "amount": 0.1}, {"trade_seq": 3621, "trade_id": "127095898", "timestamp": 1613111390475, "tick_direction": 3, "price": 0.5975, "mark_price": 0.59780956, "iv": 144.02, "instrument_name": "BTC-26MAR21-20000-C", "index_price": 47419.76, "direction": "buy", "amount": 0.1}, {"trade_seq": 3620, "trade_id": "127095896", "timestamp": 1613111390309, "tick_direction": 3, "price": 0.5975, "mark_price": 0.59780956, "iv": 144.02, "instrument_name": "BTC-26MAR21-20000-C", "index_price": 47419.76, "direction": "buy", "amount": 0.1}, {"trade_seq": 3619, "trade_id": "127095890", "timestamp": 1613111390154, "tick_direction": 3, "price": 0.5975, "mark_price": 0.59780956, "iv": 144.02, "instrument_name": "BTC-26MAR21-20000-C", "index_price": 47419.76, "direction": "buy", "amount": 0.1}, {"trade_seq": 3618, "trade_id": "127095873", "timestamp": 1613111389687, "tick_direction": 3, "price": 0.5975, "mark_price": 0.59780956, "iv": 144.31, "instrument_name": "BTC-26MAR21-20000-C", "index_price": 47411.15, "direction": "buy", "amount": 0.2}, {"trade_seq": 3617, "trade_id": "127095872", "timestamp": 1613111389570, "tick_direction": 3, "price": 0.5975, "mark_price": 0.59781121, "iv": 144.31, "instrument_name": "BTC-26MAR21-20000-C", "index_price": 47411.15, "direction": "buy", "amount": 0.1}, {"trade_seq": 3616, "trade_id": "127095863", "timestamp": 1613111389398, "tick_direction": 3, "price": 0.5975, "mark_price": 0.59781121, "iv": 144.31, "instrument_name": "BTC-26MAR21-20000-C", "index_price": 47411.15, "direction": "buy", "amount": 0.1}, {"trade_seq": 3615, "trade_id": "127095861", "timestamp": 1613111388981, "tick_direction": 3, "price": 0.5975, "mark_price": 0.59781121, "iv": 144.31, "instrument_name": "BTC-26MAR21-20000-C", "index_price": 47411.15, "direction": "buy", "amount": 0.1}, {"trade_seq": 3614, "trade_id": "127095854", "timestamp": 1613111388088, "tick_direction": 3, "price": 0.5975, "mark_price": 0.59778239, "iv": 144.3, "instrument_name": "BTC-26MAR21-20000-C", "index_price": 47407.28, "direction": "buy", "amount": 0.1}, {"trade_seq": 3613, "trade_id": "127095853", "timestamp": 1613111388021, "tick_direction": 3, "price": 0.5975, "mark_price": 0.59778239, "iv": 144.3, "instrument_name": "BTC-26MAR21-20000-C", "index_price": 47407.28, "direction": "buy", "amount": 0.1}, {"trade_seq": 3612, "trade_id": "127095835", "timestamp": 1613111385781, "tick_direction": 3, "price": 0.5975, "mark_price": 0.59772923, "iv": 144.83, "instrument_name": "BTC-26MAR21-20000-C", "index_price": 47399.91, "direction": "buy", "amount": 0.1}, {"trade_seq": 3611, "trade_id": "127095834", "timestamp": 1613111385684, "tick_direction": 3, "price": 0.5975, "mark_price": 0.59772923, "iv": 144.83, "instrument_name": "BTC-26MAR21-20000-C", "index_price": 47399.91, "direction": "buy", "amount": 0.1}, {"trade_seq": 3610, "trade_id": "127095817", "timestamp": 1613111384054, "tick_direction": 3, "price": 0.5975, "mark_price": 0.5977036, "iv": 144.83, "instrument_name": "BTC-26MAR21-20000-C", "index_price": 47396.02, "direction": "buy", "amount": 0.1}, {"trade_seq": 3609, "trade_id": "127095800", "timestamp": 1613111376632, "tick_direction": 3, "price": 0.5975, "mark_price": 0.59758447, "iv": 145.75, "instrument_name": "BTC-26MAR21-20000-C", "index_price": 47386.02, "direction": "buy", "amount": 0.1}, {"trade_seq": 3608, "trade_id": "127095794", "timestamp": 1613111375553, "tick_direction": 3, "price": 0.5975, "mark_price": 0.59756224, "iv": 145.75, "instrument_name": "BTC-26MAR21-20000-C", "index_price": 47375.16, "direction": "buy", "amount": 0.1}, {"trade_seq": 3607, "trade_id": "127095793", "timestamp": 1613111375450, "tick_direction": 3, "price": 0.5975, "mark_price": 0.59757168, "iv": 145.89, "instrument_name": "BTC-26MAR21-20000-C", "index_price": 47375.16, "direction": "buy", "amount": 0.1}, {"trade_seq": 3606, "trade_id": "127095792", "timestamp": 1613111375434, "tick_direction": 3, "price": 0.5975, "mark_price": 0.59757168, "iv": 145.89, "instrument_name": "BTC-26MAR21-20000-C", "index_price": 47375.16, "direction": "buy", "amount": 0.1}, {"trade_seq": 3605, "trade_id": "127095791", "timestamp": 1613111375340, "tick_direction": 2, "price": 0.5975, "mark_price": 0.59757168, "iv": 145.89, "instrument_name": "BTC-26MAR21-20000-C", "index_price": 47375.16, "direction": "buy", "amount": 0.1}, {"trade_seq": 3604, "trade_id": "127065716", "timestamp": 1613102434998, "tick_direction": 1, "price": 0.598, "mark_price": 0.59849426, "iv": 144.78, "instrument_name": "BTC-26MAR21-20000-C", "index_price": 47376.31, "direction": "sell", "amount": 0.1}, {"trade_seq": 3603, "trade_id": "127065713", "timestamp": 1613102434947, "tick_direction": 1, "price": 0.598, "mark_price": 0.59849426, "iv": 144.78, "instrument_name": "BTC-26MAR21-20000-C", "index_price": 47376.31, "direction": "sell", "amount": 0.1}, {"trade_seq": 3602, "trade_id": "127065709", "timestamp": 1613102434843, "tick_direction": 0, "price": 0.598, "mark_price": 0.59849426, "iv": 143.4, "instrument_name": "BTC-26MAR21-20000-C", "index_price": 47405.39, "direction": "sell", "amount": 0.1}, {"trade_seq": 3601, "trade_id": "126983294", "timestamp": 1613078633753, "tick_direction": 3, "price": 0.595, "mark_price": 0.59610864, "iv": 143.46, "instrument_name": "BTC-26MAR21-20000-C", "index_price": 47043.5, "direction": "sell", "amount": 1.0}, {"trade_seq": 3600, "trade_id": "126983293", "timestamp": 1613078633744, "tick_direction": 2, "price": 0.595, "mark_price": 0.59610864, "iv": 143.46, "instrument_name": "BTC-26MAR21-20000-C", "index_price": 47043.5, "direction": "sell", "amount": 1.0}, {"trade_seq": 3599, "trade_id": "126970080", "timestamp": 1613076650086, "tick_direction": 3, "price": 0.598, "mark_price": 0.5988936, "iv": 144.93, "instrument_name": "BTC-26MAR21-20000-C", "index_price": 47370.13, "direction": "sell", "amount": 0.1}, {"trade_seq": 3598, "trade_id": "126970069", "timestamp": 1613076649931, "tick_direction": 3, "price": 0.598, "mark_price": 0.5988936, "iv": 144.93, "instrument_name": "BTC-26MAR21-20000-C", "index_price": 47370.13, "direction": "sell", "amount": 0.1}, {"trade_seq": 3597, "trade_id": "126970063", "timestamp": 1613076649846, "tick_direction": 2, "price": 0.598, "mark_price": 0.5988936, "iv": 144.93, "instrument_name": "BTC-26MAR21-20000-C", "index_price": 47370.13, "direction": "sell", "amount": 0.1}, {"trade_seq": 3596, "trade_id": "126951209", "timestamp": 1613072100793, "tick_direction": 0, "price": 0.6035, "mark_price": 0.60329198, "iv": 149.07, "instrument_name": "BTC-26MAR21-20000-C", "index_price": 47898.71, "direction": "buy", "amount": 0.1}, {"trade_seq": 3595, "trade_id": "126946699", "timestamp": 1613070243395, "tick_direction": 1, "price": 0.602, "mark_price": 0.60148415, "iv": 150.45, "instrument_name": "BTC-26MAR21-20000-C", "index_price": 47717.72, "direction": "buy", "amount": 0.1}, {"trade_seq": 3594, "trade_id": "126946696", "timestamp": 1613070243263, "tick_direction": 0, "price": 0.602, "mark_price": 0.60148415, "iv": 150.45, "instrument_name": "BTC-26MAR21-20000-C", "index_price": 47717.72, "direction": "buy", "amount": 0.1}, {"trade_seq": 3593, "trade_id": "126945485", "timestamp": 1613069942126, "tick_direction": 3, "price": 0.6015, "mark_price": 0.60127805, "iv": 148.73, "instrument_name": "BTC-26MAR21-20000-C", "index_price": 47704.87, "direction": "buy", "amount": 0.1}, {"trade_seq": 3592, "trade_id": "126945359", "timestamp": 1613069860904, "tick_direction": 2, "price": 0.6015, "mark_price": 0.60110718, "iv": 149.7, "instrument_name": "BTC-26MAR21-20000-C", "index_price": 47691.13, "direction": "buy", "amount": 0.1}, {"trade_seq": 3591, "trade_id": "126942158", "timestamp": 1613068438023, "tick_direction": 3, "price": 0.6035, "mark_price": 0.60293022, "iv": 150.54, "instrument_name": "BTC-26MAR21-20000-C", "index_price": 47951.78, "direction": "buy", "amount": 0.1}, {"trade_seq": 3590, "trade_id": "126942155", "timestamp": 1613068437921, "tick_direction": 2, "price": 0.6035, "mark_price": 0.60296178, "iv": 150.54, "instrument_name": "BTC-26MAR21-20000-C", "index_price": 47951.78, "direction": "buy", "amount": 0.2}, {"trade_seq": 3589, "trade_id": "126941990", "timestamp": 1613068420662, "tick_direction": 3, "price": 0.604, "mark_price": 0.60340105, "iv": 150.75, "instrument_name": "BTC-26MAR21-20000-C", "index_price": 48005.41, "direction": "buy", "amount": 0.1}, {"trade_seq": 3588, "trade_id": "126941988", "timestamp": 1613068420370, "tick_direction": 2, "price": 0.604, "mark_price": 0.60340105, "iv": 150.75, "instrument_name": "BTC-26MAR21-20000-C", "index_price": 48005.41, "direction": "buy", "amount": 0.1}, {"trade_seq": 3587, "trade_id": "126941419", "timestamp": 1613068318983, "tick_direction": 1, "price": 0.6045, "mark_price": 0.60372483, "iv": 151.71, "instrument_name": "BTC-26MAR21-20000-C", "index_price": 48041.34, "direction": "buy", "amount": 0.1}, {"trade_seq": 3586, "trade_id": "126941418", "timestamp": 1613068318940, "tick_direction": 0, "price": 0.6045, "mark_price": 0.60372483, "iv": 151.71, "instrument_name": "BTC-26MAR21-20000-C", "index_price": 48041.34, "direction": "buy", "amount": 0.1}, {"trade_seq": 3585, "trade_id": "126939995", "timestamp": 1613068151080, "tick_direction": 1, "price": 0.603, "mark_price": 0.60208548, "iv": 152.03, "instrument_name": "BTC-26MAR21-20000-C", "index_price": 47858.73, "direction": "buy", "amount": 0.1}, {"trade_seq": 3584, "trade_id": "126939989", "timestamp": 1613068150931, "tick_direction": 1, "price": 0.603, "mark_price": 0.60208548, "iv": 152.37, "instrument_name": "BTC-26MAR21-20000-C", "index_price": 47839.04, "direction": "buy", "amount": 0.1}, {"trade_seq": 3583, "trade_id": "126939985", "timestamp": 1613068150793, "tick_direction": 0, "price": 0.603, "mark_price": 0.60208548, "iv": 152.37, "instrument_name": "BTC-26MAR21-20000-C", "index_price": 47839.04, "direction": "buy", "amount": 0.2}, {"trade_seq": 3582, "trade_id": "126939881", "timestamp": 1613068142118, "tick_direction": 0, "price": 0.6025, "mark_price": 0.60193369, "iv": 150.46, "instrument_name": "BTC-26MAR21-20000-C", "index_price": 47811.61, "direction": "buy", "amount": 0.2}, {"trade_seq": 3581, "trade_id": "126936437", "timestamp": 1613066707036, "tick_direction": 1, "price": 0.599, "mark_price": 0.59942945, "iv": 144.2, "instrument_name": "BTC-26MAR21-20000-C", "index_price": 47487.37, "direction": "sell", "amount": 1.0}, {"trade_seq": 3580, "trade_id": "126936425", "timestamp": 1613066706860, "tick_direction": 0, "price": 0.599, "mark_price": 0.59942945, "iv": 144.2, "instrument_name": "BTC-26MAR21-20000-C", "index_price": 47487.37, "direction": "sell", "amount": 1.0}, {"trade_seq": 3579, "trade_id": "126922404", "timestamp": 1613063311891, "tick_direction": 3, "price": 0.598, "mark_price": 0.59832723, "iv": 145.01, "instrument_name": "BTC-26MAR21-20000-C", "index_price": 47267.43, "direction": "sell", "amount": 1.0}, {"trade_seq": 3578, "trade_id": "126922403", "timestamp": 1613063311875, "tick_direction": 2, "price": 0.598, "mark_price": 0.59832723, "iv": 145.01, "instrument_name": "BTC-26MAR21-20000-C", "index_price": 47267.43, "direction": "sell", "amount": 0.1}, {"trade_seq": 3577, "trade_id": "126920376", "timestamp": 1613062559641, "tick_direction": 1, "price": 0.6025, "mark_price": 0.60183359, "iv": 150.82, "instrument_name": "BTC-26MAR21-20000-C", "index_price": 47720.21, "direction": "buy", "amount": 0.1}, {"trade_seq": 3576, "trade_id": "126920370", "timestamp": 1613062559198, "tick_direction": 1, "price": 0.6025, "mark_price": 0.60183391, "iv": 150.88, "instrument_name": "BTC-26MAR21-20000-C", "index_price": 47720.21, "direction": "buy", "amount": 0.2}, {"trade_seq": 3575, "trade_id": "126920364", "timestamp": 1613062558974, "tick_direction": 0, "price": 0.6025, "mark_price": 0.60183391, "iv": 150.88, "instrument_name": "BTC-26MAR21-20000-C", "index_price": 47720.21, "direction": "buy", "amount": 0.2}, {"trade_seq": 3574, "trade_id": "126920292", "timestamp": 1613062490944, "tick_direction": 1, "price": 0.602, "mark_price": 0.60141652, "iv": 150.17, "instrument_name": "BTC-26MAR21-20000-C", "index_price": 47669.24, "direction": "buy", "amount": 0.1}, {"trade_seq": 3573, "trade_id": "126920291", "timestamp": 1613062490853, "tick_direction": 0, "price": 0.602, "mark_price": 0.60141652, "iv": 150.17, "instrument_name": "BTC-26MAR21-20000-C", "index_price": 47669.24, "direction": "buy", "amount": 0.3}, {"trade_seq": 3572, "trade_id": "126917017", "timestamp": 1613061453485, "tick_direction": 1, "price": 0.601, "mark_price": 0.6008332, "iv": 148.07, "instrument_name": "BTC-26MAR21-20000-C", "index_price": 47579.86, "direction": "buy", "amount": 0.1}, {"trade_seq": 3571, "trade_id": "126917016", "timestamp": 1613061453417, "tick_direction": 1, "price": 0.601, "mark_price": 0.60090062, "iv": 148.07, "instrument_name": "BTC-26MAR21-20000-C", "index_price": 47579.86, "direction": "buy", "amount": 0.3}, {"trade_seq": 3570, "trade_id": "126917012", "timestamp": 1613061453206, "tick_direction": 0, "price": 0.601, "mark_price": 0.60090062, "iv": 148.07, "instrument_name": "BTC-26MAR21-20000-C", "index_price": 47583.55, "direction": "buy", "amount": 0.1}, {"trade_seq": 3569, "trade_id": "126836554", "timestamp": 1613048135183, "tick_direction": 0, "price": 0.588, "mark_price": 0.58914501, "iv": 137.92, "instrument_name": "BTC-26MAR21-20000-C", "index_price": 46466.82, "direction": "buy", "amount": 0.3}, {"trade_seq": 3568, "trade_id": "126707139", "timestamp": 1613004386718, "tick_direction": 3, "price": 0.57, "mark_price": 0.57055023, "iv": 137.92, "instrument_name": "BTC-26MAR21-20000-C", "index_price": 44415.07, "direction": "sell", "amount": 0.1}, {"trade_seq": 3567, "trade_id": "126707138", "timestamp": 1613004386634, "tick_direction": 3, "price": 0.57, "mark_price": 0.57055023, "iv": 137.92, "instrument_name": "BTC-26MAR21-20000-C", "index_price": 44415.07, "direction": "sell", "amount": 0.1}, {"trade_seq": 3566, "trade_id": "126707117", "timestamp": 1613004386486, "tick_direction": 3, "price": 0.57, "mark_price": 0.57055023, "iv": 136.38, "instrument_name": "BTC-26MAR21-20000-C", "index_price": 44415.07, "direction": "sell", "amount": 0.1}, {"trade_seq": 3565, "trade_id": "126707111", "timestamp": 1613004386406, "tick_direction": 3, "price": 0.57, "mark_price": 0.57055023, "iv": 136.38, "instrument_name": "BTC-26MAR21-20000-C", "index_price": 44415.07, "direction": "sell", "amount": 0.1}, {"trade_seq": 3564, "trade_id": "126707107", "timestamp": 1613004386333, "tick_direction": 3, "price": 0.57, "mark_price": 0.57055023, "iv": 136.38, "instrument_name": "BTC-26MAR21-20000-C", "index_price": 44415.07, "direction": "sell", "amount": 0.1}, {"trade_seq": 3563, "trade_id": "126707106", "timestamp": 1613004386274, "tick_direction": 3, "price": 0.57, "mark_price": 0.57055023, "iv": 136.38, "instrument_name": "BTC-26MAR21-20000-C", "index_price": 44415.07, "direction": "sell", "amount": 0.1}, {"trade_seq": 3562, "trade_id": "126707089", "timestamp": 1613004386063, "tick_direction": 3, "price": 0.57, "mark_price": 0.57099251, "iv": 136.38, "instrument_name": "BTC-26MAR21-20000-C", "index_price": 44415.07, "direction": "sell", "amount": 0.1}, {"trade_seq": 3561, "trade_id": "126707087", "timestamp": 1613004385998, "tick_direction": 3, "price": 0.57, "mark_price": 0.57099251, "iv": 133.87, "instrument_name": "BTC-26MAR21-20000-C", "index_price": 44441.03, "direction": "sell", "amount": 0.3}, {"trade_seq": 3560, "trade_id": "126707037", "timestamp": 1613004385440, "tick_direction": 3, "price": 0.57, "mark_price": 0.57099251, "iv": 133.87, "instrument_name": "BTC-26MAR21-20000-C", "index_price": 44441.03, "direction": "sell", "amount": 0.1}, {"trade_seq": 3559, "trade_id": "126707033", "timestamp": 1613004385418, "tick_direction": 3, "price": 0.57, "mark_price": 0.57099251, "iv": 133.87, "instrument_name": "BTC-26MAR21-20000-C", "index_price": 44441.03, "direction": "sell", "amount": 0.1}, {"trade_seq": 3558, "trade_id": "126707022", "timestamp": 1613004385399, "tick_direction": 2, "price": 0.57, "mark_price": 0.57099251, "iv": 133.87, "instrument_name": "BTC-26MAR21-20000-C", "index_price": 44441.03, "direction": "sell", "amount": 0.1}, {"trade_seq": 3557, "trade_id": "126689983", "timestamp": 1612994642888, "tick_direction": 0, "price": 0.576, "mark_price": 0.57591936, "iv": 140.84, "instrument_name": "BTC-26MAR21-20000-C", "index_price": 44968.1, "direction": "buy", "amount": 1.0}, {"trade_seq": 3556, "trade_id": "126685489", "timestamp": 1612991707401, "tick_direction": 3, "price": 0.572, "mark_price": 0.572007, "iv": 140.27, "instrument_name": "BTC-26MAR21-20000-C", "index_price": 44504.74, "direction": "sell", "amount": 2.9}, {"trade_seq": 3555, "trade_id": "126685327", "timestamp": 1612991618558, "tick_direction": 2, "price": 0.572, "mark_price": 0.5723196, "iv": 138.82, "instrument_name": "BTC-26MAR21-20000-C", "index_price": 44547.67, "direction": "sell", "amount": 0.1}, {"trade_seq": 3554, "trade_id": "126682829", "timestamp": 1612990966574, "tick_direction": 0, "price": 0.573, "mark_price": 0.57302546, "iv": 140.18, "instrument_name": "BTC-26MAR21-20000-C", "index_price": 44647.01, "direction": "sell", "amount": 0.5}, {"trade_seq": 3553, "trade_id": "126682191", "timestamp": 1612990764504, "tick_direction": 3, "price": 0.572, "mark_price": 0.5718397, "iv": 141.18, "instrument_name": "BTC-26MAR21-20000-C", "index_price": 44531.62, "direction": "sell", "amount": 0.3}, {"trade_seq": 3552, "trade_id": "126682179", "timestamp": 1612990764256, "tick_direction": 3, "price": 0.572, "mark_price": 0.5718397, "iv": 141.18, "instrument_name": "BTC-26MAR21-20000-C", "index_price": 44531.62, "direction": "sell", "amount": 0.3}, {"trade_seq": 3551, "trade_id": "126682167", "timestamp": 1612990763533, "tick_direction": 3, "price": 0.572, "mark_price": 0.57195301, "iv": 141.09, "instrument_name": "BTC-26MAR21-20000-C", "index_price": 44541.89, "direction": "sell", "amount": 0.1}, {"trade_seq": 3550, "trade_id": "126682137", "timestamp": 1612990762152, "tick_direction": 3, "price": 0.572, "mark_price": 0.57199798, "iv": 140.53, "instrument_name": "BTC-26MAR21-20000-C", "index_price": 44551.05, "direction": "sell", "amount": 0.1}, {"trade_seq": 3549, "trade_id": "126682136", "timestamp": 1612990762098, "tick_direction": 3, "price": 0.572, "mark_price": 0.57199798, "iv": 140.53, "instrument_name": "BTC-26MAR21-20000-C", "index_price": 44551.05, "direction": "sell", "amount": 0.1}, {"trade_seq": 3548, "trade_id": "126682133", "timestamp": 1612990761924, "tick_direction": 2, "price": 0.572, "mark_price": 0.57199798, "iv": 140.53, "instrument_name": "BTC-26MAR21-20000-C", "index_price": 44551.05, "direction": "sell", "amount": 0.1}, {"trade_seq": 3547, "trade_id": "126678807", "timestamp": 1612989175060, "tick_direction": 3, "price": 0.575, "mark_price": 0.57491507, "iv": 140.84, "instrument_name": "BTC-26MAR21-20000-C", "index_price": 44890.47, "direction": "sell", "amount": 0.1}, {"trade_seq": 3546, "trade_id": "126678806", "timestamp": 1612989175003, "tick_direction": 3, "price": 0.575, "mark_price": 0.57491507, "iv": 140.84, "instrument_name": "BTC-26MAR21-20000-C", "index_price": 44890.47, "direction": "sell", "amount": 0.2}, {"trade_seq": 3545, "trade_id": "126678805", "timestamp": 1612989174953, "tick_direction": 3, "price": 0.575, "mark_price": 0.57491507, "iv": 140.84, "instrument_name": "BTC-26MAR21-20000-C", "index_price": 44890.47, "direction": "sell", "amount": 0.1}, {"trade_seq": 3544, "trade_id": "126678794", "timestamp": 1612989174521, "tick_direction": 2, "price": 0.575, "mark_price": 0.57491863, "iv": 140.73, "instrument_name": "BTC-26MAR21-20000-C", "index_price": 44901.9, "direction": "sell", "amount": 0.1}, {"trade_seq": 3543, "trade_id": "126571611", "timestamp": 1612964314966, "tick_direction": 2, "price": 0.582, "mark_price": 0.58463825, "iv": 115.98, "instrument_name": "BTC-26MAR21-20000-C", "index_price": 45814.28, "direction": "sell", "amount": 0.2}, {"trade_seq": 3542, "trade_id": "126523894", "timestamp": 1612951948875, "tick_direction": 1, "price": 0.597, "mark_price": 0.59737773, "iv": 139.5, "instrument_name": "BTC-26MAR21-20000-C", "index_price": 47041.29, "direction": "buy", "amount": 0.8}, {"trade_seq": 3541, "trade_id": "126518424", "timestamp": 1612949158287, "tick_direction": 1, "price": 0.597, "mark_price": 0.5972915, "iv": 140.61, "instrument_name": "BTC-26MAR21-20000-C", "index_price": 46960.27, "direction": "buy", "amount": 0.1}, {"trade_seq": 3540, "trade_id": "126518422", "timestamp": 1612949158205, "tick_direction": 1, "price": 0.597, "mark_price": 0.5972915, "iv": 140.61, "instrument_name": "BTC-26MAR21-20000-C", "index_price": 46960.27, "direction": "buy", "amount": 0.1}, {"trade_seq": 3539, "trade_id": "126518416", "timestamp": 1612949158153, "tick_direction": 0, "price": 0.597, "mark_price": 0.5972915, "iv": 140.61, "instrument_name": "BTC-26MAR21-20000-C", "index_price": 46960.27, "direction": "buy", "amount": 0.1}, {"trade_seq": 3538, "trade_id": "126510321", "timestamp": 1612945073540, "tick_direction": 0, "price": 0.5965, "mark_price": 0.59338748, "iv": 157.43, "instrument_name": "BTC-26MAR21-20000-C", "index_price": 46500.49, "direction": "buy", "amount": 0.1}, {"trade_seq": 3537, "trade_id": "126510241", "timestamp": 1612945018730, "tick_direction": 2, "price": 0.5915, "mark_price": 0.59371886, "iv": 125.68, "instrument_name": "BTC-26MAR21-20000-C", "index_price": 46544.69, "direction": "buy", "amount": 0.2}, {"trade_seq": 3536, "trade_id": "126501916", "timestamp": 1612942956537, "tick_direction": 1, "price": 0.595, "mark_price": 0.59504853, "iv": 139.59, "instrument_name": "BTC-26MAR21-20000-C", "index_price": 46743.23, "direction": "buy", "amount": 0.1}, {"trade_seq": 3535, "trade_id": "126501915", "timestamp": 1612942956440, "tick_direction": 1, "price": 0.595, "mark_price": 0.5950442, "iv": 139.59, "instrument_name": "BTC-26MAR21-20000-C", "index_price": 46743.23, "direction": "buy", "amount": 0.1}, {"trade_seq": 3534, "trade_id": "126501914", "timestamp": 1612942956291, "tick_direction": 1, "price": 0.595, "mark_price": 0.5950442, "iv": 139.59, "instrument_name": "BTC-26MAR21-20000-C", "index_price": 46743.23, "direction": "buy", "amount": 0.1}, {"trade_seq": 3533, "trade_id": "126501911", "timestamp": 1612942956191, "tick_direction": 1, "price": 0.595, "mark_price": 0.5950442, "iv": 139.61, "instrument_name": "BTC-26MAR21-20000-C", "index_price": 46736.88, "direction": "buy", "amount": 0.1}, {"trade_seq": 3532, "trade_id": "126501892", "timestamp": 1612942955029, "tick_direction": 1, "price": 0.595, "mark_price": 0.59499065, "iv": 139.95, "instrument_name": "BTC-26MAR21-20000-C", "index_price": 46730.79, "direction": "buy", "amount": 0.1}, {"trade_seq": 3531, "trade_id": "126501891", "timestamp": 1612942954498, "tick_direction": 1, "price": 0.595, "mark_price": 0.59495708, "iv": 139.95, "instrument_name": "BTC-26MAR21-20000-C", "index_price": 46730.79, "direction": "buy", "amount": 0.1}, {"trade_seq": 3530, "trade_id": "126501890", "timestamp": 1612942954435, "tick_direction": 1, "price": 0.595, "mark_price": 0.59495708, "iv": 139.95, "instrument_name": "BTC-26MAR21-20000-C", "index_price": 46730.79, "direction": "buy", "amount": 0.1}, {"trade_seq": 3529, "trade_id": "126501887", "timestamp": 1612942953166, "tick_direction": 1, "price": 0.595, "mark_price": 0.59490241, "iv": 140.21, "instrument_name": "BTC-26MAR21-20000-C", "index_price": 46727.37, "direction": "buy", "amount": 0.1}, {"trade_seq": 3528, "trade_id": "126501855", "timestamp": 1612942951490, "tick_direction": 0, "price": 0.595, "mark_price": 0.59479322, "iv": 140.94, "instrument_name": "BTC-26MAR21-20000-C", "index_price": 46721.48, "direction": "buy", "amount": 0.2}, {"trade_seq": 3527, "trade_id": "126464401", "timestamp": 1612922208363, "tick_direction": 2, "price": 0.589, "mark_price": 0.59012638, "iv": 128.34, "instrument_name": "BTC-26MAR21-20000-C", "index_price": 46409.47, "direction": "buy", "amount": 0.2}, {"trade_seq": 3526, "trade_id": "126407484", "timestamp": 1612895545623, "tick_direction": 0, "price": 0.597, "mark_price": 0.59782824, "iv": 130.09, "instrument_name": "BTC-26MAR21-20000-C", "index_price": 47213.08, "direction": "buy", "amount": 1.0}, {"trade_seq": 3525, "trade_id": "126407141", "timestamp": 1612895527849, "tick_direction": 1, "price": 0.596, "mark_price": 0.59656931, "iv": 130.66, "instrument_name": "BTC-26MAR21-20000-C", "index_price": 47102.57, "direction": "buy", "amount": 1.0}, {"trade_seq": 3524, "trade_id": "126407122", "timestamp": 1612895527399, "tick_direction": 1, "price": 0.596, "mark_price": 0.59631265, "iv": 132.21, "instrument_name": "BTC-26MAR21-20000-C", "index_price": 47097.7, "direction": "buy", "amount": 0.4}, {"trade_seq": 3523, "trade_id": "126407114", "timestamp": 1612895526875, "tick_direction": 1, "price": 0.596, "mark_price": 0.59631265, "iv": 132.21, "instrument_name": "BTC-26MAR21-20000-C", "index_price": 47097.7, "direction": "buy", "amount": 0.1}, {"trade_seq": 3522, "trade_id": "126407101", "timestamp": 1612895526776, "tick_direction": 1, "price": 0.596, "mark_price": 0.59631265, "iv": 132.21, "instrument_name": "BTC-26MAR21-20000-C", "index_price": 47097.7, "direction": "buy", "amount": 0.3}, {"trade_seq": 3521, "trade_id": "126407093", "timestamp": 1612895526550, "tick_direction": 1, "price": 0.596, "mark_price": 0.5963125, "iv": 134.14, "instrument_name": "BTC-26MAR21-20000-C", "index_price": 47081.38, "direction": "buy", "amount": 0.7}, {"trade_seq": 3520, "trade_id": "126407071", "timestamp": 1612895526228, "tick_direction": 1, "price": 0.596, "mark_price": 0.5963125, "iv": 134.14, "instrument_name": "BTC-26MAR21-20000-C", "index_price": 47081.38, "direction": "buy", "amount": 0.1}, {"trade_seq": 3519, "trade_id": "126407057", "timestamp": 1612895526033, "tick_direction": 1, "price": 0.596, "mark_price": 0.5963125, "iv": 134.14, "instrument_name": "BTC-26MAR21-20000-C", "index_price": 47081.38, "direction": "buy", "amount": 0.2}, {"trade_seq": 3518, "trade_id": "126407052", "timestamp": 1612895525817, "tick_direction": 1, "price": 0.596, "mark_price": 0.5963125, "iv": 134.14, "instrument_name": "BTC-26MAR21-20000-C", "index_price": 47081.38, "direction": "buy", "amount": 0.1}, {"trade_seq": 3517, "trade_id": "126407046", "timestamp": 1612895525697, "tick_direction": 0, "price": 0.596, "mark_price": 0.59604531, "iv": 134.14, "instrument_name": "BTC-26MAR21-20000-C", "index_price": 47050.3, "direction": "buy", "amount": 0.1}, {"trade_seq": 3516, "trade_id": "126406332", "timestamp": 1612895339483, "tick_direction": 1, "price": 0.595, "mark_price": 0.59545319, "iv": 131.99, "instrument_name": "BTC-26MAR21-20000-C", "index_price": 46978.33, "direction": "buy", "amount": 0.1}, {"trade_seq": 3515, "trade_id": "126406331", "timestamp": 1612895339327, "tick_direction": 1, "price": 0.595, "mark_price": 0.59545319, "iv": 131.99, "instrument_name": "BTC-26MAR21-20000-C", "index_price": 46978.33, "direction": "buy", "amount": 0.1}, {"trade_seq": 3514, "trade_id": "126406329", "timestamp": 1612895339228, "tick_direction": 1, "price": 0.595, "mark_price": 0.59545319, "iv": 132.98, "instrument_name": "BTC-26MAR21-20000-C", "index_price": 46977.21, "direction": "buy", "amount": 0.2}, {"trade_seq": 3513, "trade_id": "126406326", "timestamp": 1612895339117, "tick_direction": 1, "price": 0.595, "mark_price": 0.59545319, "iv": 132.98, "instrument_name": "BTC-26MAR21-20000-C", "index_price": 46977.21, "direction": "buy", "amount": 0.1}, {"trade_seq": 3512, "trade_id": "126406320", "timestamp": 1612895338909, "tick_direction": 1, "price": 0.595, "mark_price": 0.59545319, "iv": 132.98, "instrument_name": "BTC-26MAR21-20000-C", "index_price": 46977.21, "direction": "buy", "amount": 0.1}, {"trade_seq": 3511, "trade_id": "126406317", "timestamp": 1612895338064, "tick_direction": 1, "price": 0.595, "mark_price": 0.59543364, "iv": 133.13, "instrument_name": "BTC-26MAR21-20000-C", "index_price": 46960.34, "direction": "buy", "amount": 0.1}, {"trade_seq": 3510, "trade_id": "126406274", "timestamp": 1612895327480, "tick_direction": 1, "price": 0.595, "mark_price": 0.5951979, "iv": 134.82, "instrument_name": "BTC-26MAR21-20000-C", "index_price": 46955.69, "direction": "buy", "amount": 0.1}, {"trade_seq": 3509, "trade_id": "126406273", "timestamp": 1612895327338, "tick_direction": 1, "price": 0.595, "mark_price": 0.59510062, "iv": 134.82, "instrument_name": "BTC-26MAR21-20000-C", "index_price": 46955.69, "direction": "buy", "amount": 0.1}, {"trade_seq": 3508, "trade_id": "126406272", "timestamp": 1612895326998, "tick_direction": 0, "price": 0.595, "mark_price": 0.59510062, "iv": 135.49, "instrument_name": "BTC-26MAR21-20000-C", "index_price": 46939.74, "direction": "buy", "amount": 0.1}, {"trade_seq": 3507, "trade_id": "126405855", "timestamp": 1612895070888, "tick_direction": 1, "price": 0.594, "mark_price": 0.59447334, "iv": 132.11, "instrument_name": "BTC-26MAR21-20000-C", "index_price": 46857.94, "direction": "buy", "amount": 0.1}, {"trade_seq": 3506, "trade_id": "126405854", "timestamp": 1612895070807, "tick_direction": 1, "price": 0.594, "mark_price": 0.59447334, "iv": 132.11, "instrument_name": "BTC-26MAR21-20000-C", "index_price": 46857.94, "direction": "buy", "amount": 0.4}, {"trade_seq": 3505, "trade_id": "126405839", "timestamp": 1612895070588, "tick_direction": 1, "price": 0.594, "mark_price": 0.59447334, "iv": 132.11, "instrument_name": "BTC-26MAR21-20000-C", "index_price": 46857.94, "direction": "buy", "amount": 0.1}, {"trade_seq": 3504, "trade_id": "126405838", "timestamp": 1612895070367, "tick_direction": 1, "price": 0.594, "mark_price": 0.59447334, "iv": 132.11, "instrument_name": "BTC-26MAR21-20000-C", "index_price": 46857.94, "direction": "buy", "amount": 0.1}, {"trade_seq": 3503, "trade_id": "126405776", "timestamp": 1612895027565, "tick_direction": 1, "price": 0.594, "mark_price": 0.59442934, "iv": 132.77, "instrument_name": "BTC-26MAR21-20000-C", "index_price": 46857.93, "direction": "buy", "amount": 0.2}, {"trade_seq": 3502, "trade_id": "126405774", "timestamp": 1612895027300, "tick_direction": 0, "price": 0.594, "mark_price": 0.59442934, "iv": 132.85, "instrument_name": "BTC-26MAR21-20000-C", "index_price": 46857.28, "direction": "buy", "amount": 0.1}, {"trade_seq": 3501, "trade_id": "126403569", "timestamp": 1612894060226, "tick_direction": 0, "price": 0.593, "mark_price": 0.59346847, "iv": 132.0, "instrument_name": "BTC-26MAR21-20000-C", "index_price": 46745.98, "direction": "buy", "amount": 1.0}, {"trade_seq": 3500, "trade_id": "126402611", "timestamp": 1612893829781, "tick_direction": 1, "price": 0.592, "mark_price": 0.59255741, "iv": 131.16, "instrument_name": "BTC-26MAR21-20000-C", "index_price": 46634.8, "direction": "buy", "amount": 0.1}, {"trade_seq": 3499, "trade_id": "126402497", "timestamp": 1612893804642, "tick_direction": 1, "price": 0.592, "mark_price": 0.59254059, "iv": 131.26, "instrument_name": "BTC-26MAR21-20000-C", "index_price": 46623.99, "direction": "buy", "amount": 0.1}, {"trade_seq": 3498, "trade_id": "126402494", "timestamp": 1612893803992, "tick_direction": 1, "price": 0.592, "mark_price": 0.59251367, "iv": 131.36, "instrument_name": "BTC-26MAR21-20000-C", "index_price": 46623.01, "direction": "buy", "amount": 0.3}, {"trade_seq": 3497, "trade_id": "126402444", "timestamp": 1612893800259, "tick_direction": 1, "price": 0.592, "mark_price": 0.59232471, "iv": 132.86, "instrument_name": "BTC-26MAR21-20000-C", "index_price": 46601.84, "direction": "buy", "amount": 0.3}, {"trade_seq": 3496, "trade_id": "126395881", "timestamp": 1612891626007, "tick_direction": 0, "price": 0.592, "mark_price": 0.59249817, "iv": 135.44, "instrument_name": "BTC-26MAR21-20000-C", "index_price": 46558.6, "direction": "buy", "amount": 1.0}, {"trade_seq": 3495, "trade_id": "126395806", "timestamp": 1612891606041, "tick_direction": 2, "price": 0.591, "mark_price": 0.59262544, "iv": 126.5, "instrument_name": "BTC-26MAR21-20000-C", "index_price": 46580.14, "direction": "buy", "amount": 1.0}, {"trade_seq": 3494, "trade_id": "126365568", "timestamp": 1612884352575, "tick_direction": 1, "price": 0.5965, "mark_price": 0.59678429, "iv": 137.15, "instrument_name": "BTC-26MAR21-20000-C", "index_price": 47011.79, "direction": "buy", "amount": 0.2}, {"trade_seq": 3493, "trade_id": "126365564", "timestamp": 1612884351360, "tick_direction": 1, "price": 0.5965, "mark_price": 0.59646706, "iv": 138.1, "instrument_name": "BTC-26MAR21-20000-C", "index_price": 46998.32, "direction": "buy", "amount": 0.1}, {"trade_seq": 3492, "trade_id": "126365559", "timestamp": 1612884351295, "tick_direction": 1, "price": 0.5965, "mark_price": 0.59646706, "iv": 138.1, "instrument_name": "BTC-26MAR21-20000-C", "index_price": 46998.32, "direction": "buy", "amount": 0.3}, {"trade_seq": 3491, "trade_id": "126365549", "timestamp": 1612884351170, "tick_direction": 1, "price": 0.5965, "mark_price": 0.59646706, "iv": 138.1, "instrument_name": "BTC-26MAR21-20000-C", "index_price": 46998.32, "direction": "buy", "amount": 0.3}, {"trade_seq": 3490, "trade_id": "126365542", "timestamp": 1612884350519, "tick_direction": 0, "price": 0.5965, "mark_price": 0.59645056, "iv": 139.21, "instrument_name": "BTC-26MAR21-20000-C", "index_price": 46998.32, "direction": "buy", "amount": 0.1}, {"trade_seq": 3489, "trade_id": "126364720", "timestamp": 1612884194065, "tick_direction": 1, "price": 0.5955, "mark_price": 0.59576226, "iv": 137.03, "instrument_name": "BTC-26MAR21-20000-C", "index_price": 46912.21, "direction": "buy", "amount": 0.1}, {"trade_seq": 3488, "trade_id": "126364719", "timestamp": 1612884193910, "tick_direction": 1, "price": 0.5955, "mark_price": 0.59576226, "iv": 137.03, "instrument_name": "BTC-26MAR21-20000-C", "index_price": 46912.21, "direction": "buy", "amount": 0.1}, {"trade_seq": 3487, "trade_id": "126364718", "timestamp": 1612884193839, "tick_direction": 1, "price": 0.5955, "mark_price": 0.59576226, "iv": 137.03, "instrument_name": "BTC-26MAR21-20000-C", "index_price": 46912.21, "direction": "buy", "amount": 0.1}, {"trade_seq": 3486, "trade_id": "126364708", "timestamp": 1612884193631, "tick_direction": 0, "price": 0.5955, "mark_price": 0.59576226, "iv": 137.03, "instrument_name": "BTC-26MAR21-20000-C", "index_price": 46912.21, "direction": "buy", "amount": 0.1}, {"trade_seq": 3485, "trade_id": "126364154", "timestamp": 1612884158121, "tick_direction": 1, "price": 0.5945, "mark_price": 0.594568, "iv": 138.17, "instrument_name": "BTC-26MAR21-20000-C", "index_price": 46769.59, "direction": "buy", "amount": 0.3}, {"trade_seq": 3484, "trade_id": "126364145", "timestamp": 1612884157529, "tick_direction": 1, "price": 0.5945, "mark_price": 0.594568, "iv": 138.25, "instrument_name": "BTC-26MAR21-20000-C", "index_price": 46759.79, "direction": "buy", "amount": 0.2}, {"trade_seq": 3483, "trade_id": "126364143", "timestamp": 1612884157432, "tick_direction": 1, "price": 0.5945, "mark_price": 0.594568, "iv": 138.25, "instrument_name": "BTC-26MAR21-20000-C", "index_price": 46759.79, "direction": "buy", "amount": 0.2}, {"trade_seq": 3482, "trade_id": "126364142", "timestamp": 1612884157338, "tick_direction": 1, "price": 0.5945, "mark_price": 0.594568, "iv": 138.25, "instrument_name": "BTC-26MAR21-20000-C", "index_price": 46759.79, "direction": "buy", "amount": 0.1}, {"trade_seq": 3481, "trade_id": "126364132", "timestamp": 1612884156936, "tick_direction": 1, "price": 0.5945, "mark_price": 0.59407126, "iv": 138.25, "instrument_name": "BTC-26MAR21-20000-C", "index_price": 46759.79, "direction": "buy", "amount": 0.1}, {"trade_seq": 3480, "trade_id": "126364126", "timestamp": 1612884156900, "tick_direction": 0, "price": 0.5945, "mark_price": 0.59407126, "iv": 138.25, "instrument_name": "BTC-26MAR21-20000-C", "index_price": 46759.79, "direction": "buy", "amount": 0.1}, {"trade_seq": 3479, "trade_id": "126358536", "timestamp": 1612882635463, "tick_direction": 1, "price": 0.5935, "mark_price": 0.59410848, "iv": 135.64, "instrument_name": "BTC-26MAR21-20000-C", "index_price": 46682.96, "direction": "buy", "amount": 0.1}, {"trade_seq": 3478, "trade_id": "126358517", "timestamp": 1612882635112, "tick_direction": 1, "price": 0.5935, "mark_price": 0.593976, "iv": 135.64, "instrument_name": "BTC-26MAR21-20000-C", "index_price": 46673.36, "direction": "buy", "amount": 0.3}, {"trade_seq": 3477, "trade_id": "126358514", "timestamp": 1612882634930, "tick_direction": 1, "price": 0.5935, "mark_price": 0.593976, "iv": 135.64, "instrument_name": "BTC-26MAR21-20000-C", "index_price": 46673.36, "direction": "buy", "amount": 0.1}, {"trade_seq": 3476, "trade_id": "126358513", "timestamp": 1612882634541, "tick_direction": 1, "price": 0.5935, "mark_price": 0.593976, "iv": 136.52, "instrument_name": "BTC-26MAR21-20000-C", "index_price": 46673.36, "direction": "buy", "amount": 0.4}, {"trade_seq": 3475, "trade_id": "126358507", "timestamp": 1612882634150, "tick_direction": 0, "price": 0.5935, "mark_price": 0.5938859, "iv": 137.11, "instrument_name": "BTC-26MAR21-20000-C", "index_price": 46657.93, "direction": "buy", "amount": 0.1}, {"trade_seq": 3474, "trade_id": "126344134", "timestamp": 1612878642960, "tick_direction": 1, "price": 0.589, "mark_price": 0.58949687, "iv": 134.72, "instrument_name": "BTC-26MAR21-20000-C", "index_price": 46188.32, "direction": "buy", "amount": 0.5}, {"trade_seq": 3473, "trade_id": "126344127", "timestamp": 1612878642704, "tick_direction": 1, "price": 0.589, "mark_price": 0.58949085, "iv": 134.72, "instrument_name": "BTC-26MAR21-20000-C", "index_price": 46188.32, "direction": "buy", "amount": 0.1}, {"trade_seq": 3472, "trade_id": "126344123", "timestamp": 1612878642662, "tick_direction": 0, "price": 0.589, "mark_price": 0.58949085, "iv": 134.72, "instrument_name": "BTC-26MAR21-20000-C", "index_price": 46188.32, "direction": "buy", "amount": 0.4}, {"trade_seq": 3471, "trade_id": "126344083", "timestamp": 1612878640035, "tick_direction": 1, "price": 0.5885, "mark_price": 0.58918407, "iv": 133.49, "instrument_name": "BTC-26MAR21-20000-C", "index_price": 46137.3, "direction": "buy", "amount": 0.3}, {"trade_seq": 3470, "trade_id": "126344051", "timestamp": 1612878639728, "tick_direction": 1, "price": 0.5885, "mark_price": 0.58918407, "iv": 133.49, "instrument_name": "BTC-26MAR21-20000-C", "index_price": 46137.3, "direction": "buy", "amount": 0.2}, {"trade_seq": 3469, "trade_id": "126344050", "timestamp": 1612878639512, "tick_direction": 0, "price": 0.5885, "mark_price": 0.58911037, "iv": 133.49, "instrument_name": "BTC-26MAR21-20000-C", "index_price": 46137.3, "direction": "buy", "amount": 0.1}, {"trade_seq": 3468, "trade_id": "126344001", "timestamp": 1612878633012, "tick_direction": 1, "price": 0.588, "mark_price": 0.58862118, "iv": 133.53, "instrument_name": "BTC-26MAR21-20000-C", "index_price": 46079.43, "direction": "buy", "amount": 0.4}, {"trade_seq": 3467, "trade_id": "126343997", "timestamp": 1612878632518, "tick_direction": 0, "price": 0.588, "mark_price": 0.58861988, "iv": 133.92, "instrument_name": "BTC-26MAR21-20000-C", "index_price": 46079.43, "direction": "buy", "amount": 0.6}, {"trade_seq": 3466, "trade_id": "126343874", "timestamp": 1612878611635, "tick_direction": 1, "price": 0.5875, "mark_price": 0.58797343, "iv": 134.04, "instrument_name": "BTC-26MAR21-20000-C", "index_price": 46015.99, "direction": "buy", "amount": 0.2}, {"trade_seq": 3465, "trade_id": "126343868", "timestamp": 1612878610438, "tick_direction": 1, "price": 0.5875, "mark_price": 0.58786625, "iv": 134.89, "instrument_name": "BTC-26MAR21-20000-C", "index_price": 46000.71, "direction": "buy", "amount": 0.1}, {"trade_seq": 3464, "trade_id": "126343866", "timestamp": 1612878610240, "tick_direction": 1, "price": 0.5875, "mark_price": 0.58786625, "iv": 134.89, "instrument_name": "BTC-26MAR21-20000-C", "index_price": 46000.71, "direction": "buy", "amount": 0.2}, {"trade_seq": 3463, "trade_id": "126343857", "timestamp": 1612878609388, "tick_direction": 1, "price": 0.5875, "mark_price": 0.5877823, "iv": 135.57, "instrument_name": "BTC-26MAR21-20000-C", "index_price": 45987.7, "direction": "buy", "amount": 0.1}, {"trade_seq": 3462, "trade_id": "126343856", "timestamp": 1612878609332, "tick_direction": 1, "price": 0.5875, "mark_price": 0.5877823, "iv": 135.57, "instrument_name": "BTC-26MAR21-20000-C", "index_price": 45987.7, "direction": "buy", "amount": 0.1}, {"trade_seq": 3461, "trade_id": "126343854", "timestamp": 1612878609053, "tick_direction": 1, "price": 0.5875, "mark_price": 0.5877823, "iv": 135.57, "instrument_name": "BTC-26MAR21-20000-C", "index_price": 45987.7, "direction": "buy", "amount": 0.1}, {"trade_seq": 3460, "trade_id": "126343596", "timestamp": 1612878517446, "tick_direction": 0, "price": 0.5875, "mark_price": 0.58751996, "iv": 136.94, "instrument_name": "BTC-26MAR21-20000-C", "index_price": 45971.33, "direction": "buy", "amount": 0.2}, {"trade_seq": 3459, "trade_id": "126340994", "timestamp": 1612877753931, "tick_direction": 3, "price": 0.587, "mark_price": 0.58751176, "iv": 135.37, "instrument_name": "BTC-26MAR21-20000-C", "index_price": 45901.94, "direction": "buy", "amount": 0.5}, {"trade_seq": 3458, "trade_id": "126340982", "timestamp": 1612877750844, "tick_direction": 3, "price": 0.587, "mark_price": 0.58757088, "iv": 134.9, "instrument_name": "BTC-26MAR21-20000-C", "index_price": 45907.68, "direction": "buy", "amount": 0.1}, {"trade_seq": 3457, "trade_id": "126340981", "timestamp": 1612877750635, "tick_direction": 3, "price": 0.587, "mark_price": 0.58757088, "iv": 134.9, "instrument_name": "BTC-26MAR21-20000-C", "index_price": 45907.68, "direction": "buy", "amount": 0.1}, {"trade_seq": 3456, "trade_id": "126340980", "timestamp": 1612877750516, "tick_direction": 2, "price": 0.587, "mark_price": 0.58756607, "iv": 134.9, "instrument_name": "BTC-26MAR21-20000-C", "index_price": 45907.68, "direction": "buy", "amount": 0.3}, {"trade_seq": 3455, "trade_id": "126339720", "timestamp": 1612877577396, "tick_direction": 0, "price": 0.5885, "mark_price": 0.58890611, "iv": 136.07, "instrument_name": "BTC-26MAR21-20000-C", "index_price": 46063.3, "direction": "buy", "amount": 0.4}, {"trade_seq": 3454, "trade_id": "126338983", "timestamp": 1612877546355, "tick_direction": 3, "price": 0.587, "mark_price": 0.58715572, "iv": 137.59, "instrument_name": "BTC-26MAR21-20000-C", "index_price": 45867.76, "direction": "buy", "amount": 0.6}, {"trade_seq": 3453, "trade_id": "126338945", "timestamp": 1612877545830, "tick_direction": 3, "price": 0.587, "mark_price": 0.58709406, "iv": 137.59, "instrument_name": "BTC-26MAR21-20000-C", "index_price": 45867.76, "direction": "buy", "amount": 0.2}, {"trade_seq": 3452, "trade_id": "126338944", "timestamp": 1612877545719, "tick_direction": 3, "price": 0.587, "mark_price": 0.58709406, "iv": 137.59, "instrument_name": "BTC-26MAR21-20000-C", "index_price": 45867.76, "direction": "buy", "amount": 0.1}, {"trade_seq": 3451, "trade_id": "126338942", "timestamp": 1612877545638, "tick_direction": 2, "price": 0.587, "mark_price": 0.58709406, "iv": 137.59, "instrument_name": "BTC-26MAR21-20000-C", "index_price": 45867.76, "direction": "buy", "amount": 0.1}, {"trade_seq": 3450, "trade_id": "126318135", "timestamp": 1612874162489, "tick_direction": 3, "price": 0.5925, "mark_price": 0.59297596, "iv": 136.99, "instrument_name": "BTC-26MAR21-20000-C", "index_price": 46379.66, "direction": "buy", "amount": 0.1}, {"trade_seq": 3449, "trade_id": "126318134", "timestamp": 1612874162354, "tick_direction": 3, "price": 0.5925, "mark_price": 0.59297596, "iv": 136.99, "instrument_name": "BTC-26MAR21-20000-C", "index_price": 46379.66, "direction": "buy", "amount": 0.1}, {"trade_seq": 3448, "trade_id": "126318126", "timestamp": 1612874161426, "tick_direction": 3, "price": 0.5925, "mark_price": 0.59298926, "iv": 137.26, "instrument_name": "BTC-26MAR21-20000-C", "index_price": 46368.77, "direction": "buy", "amount": 0.1}, {"trade_seq": 3447, "trade_id": "126318119", "timestamp": 1612874157368, "tick_direction": 3, "price": 0.5925, "mark_price": 0.59296001, "iv": 137.36, "instrument_name": "BTC-26MAR21-20000-C", "index_price": 46367.25, "direction": "buy", "amount": 0.1}, {"trade_seq": 3446, "trade_id": "126318118", "timestamp": 1612874157188, "tick_direction": 3, "price": 0.5925, "mark_price": 0.59296001, "iv": 137.36, "instrument_name": "BTC-26MAR21-20000-C", "index_price": 46361.4, "direction": "buy", "amount": 0.1}, {"trade_seq": 3445, "trade_id": "126318117", "timestamp": 1612874156934, "tick_direction": 3, "price": 0.5925, "mark_price": 0.59295318, "iv": 137.36, "instrument_name": "BTC-26MAR21-20000-C", "index_price": 46361.4, "direction": "buy", "amount": 0.1}, {"trade_seq": 3444, "trade_id": "126318106", "timestamp": 1612874143812, "tick_direction": 3, "price": 0.5925, "mark_price": 0.59285981, "iv": 137.94, "instrument_name": "BTC-26MAR21-20000-C", "index_price": 46351.11, "direction": "buy", "amount": 0.1}, {"trade_seq": 3443, "trade_id": "126318068", "timestamp": 1612874121678, "tick_direction": 3, "price": 0.5925, "mark_price": 0.59275875, "iv": 138.45, "instrument_name": "BTC-26MAR21-20000-C", "index_price": 46352.85, "direction": "buy", "amount": 0.1}, {"trade_seq": 3442, "trade_id": "126318067", "timestamp": 1612874121052, "tick_direction": 3, "price": 0.5925, "mark_price": 0.59275875, "iv": 138.45, "instrument_name": "BTC-26MAR21-20000-C", "index_price": 46352.85, "direction": "buy", "amount": 0.1}, {"trade_seq": 3441, "trade_id": "126317745", "timestamp": 1612873931677, "tick_direction": 2, "price": 0.5925, "mark_price": 0.59290152, "iv": 138.12, "instrument_name": "BTC-26MAR21-20000-C", "index_price": 46358.47, "direction": "buy", "amount": 0.1}, {"trade_seq": 3440, "trade_id": "126316729", "timestamp": 1612873465138, "tick_direction": 1, "price": 0.5955, "mark_price": 0.59557122, "iv": 141.76, "instrument_name": "BTC-26MAR21-20000-C", "index_price": 46626.02, "direction": "buy", "amount": 0.1}, {"trade_seq": 3439, "trade_id": "126316712", "timestamp": 1612873449655, "tick_direction": 1, "price": 0.5955, "mark_price": 0.59536918, "iv": 142.96, "instrument_name": "BTC-26MAR21-20000-C", "index_price": 46609.87, "direction": "buy", "amount": 0.2}, {"trade_seq": 3438, "trade_id": "126316710", "timestamp": 1612873449560, "tick_direction": 1, "price": 0.5955, "mark_price": 0.59536918, "iv": 142.96, "instrument_name": "BTC-26MAR21-20000-C", "index_price": 46609.87, "direction": "buy", "amount": 0.1}, {"trade_seq": 3437, "trade_id": "126316705", "timestamp": 1612873447497, "tick_direction": 0, "price": 0.5955, "mark_price": 0.59528369, "iv": 143.44, "instrument_name": "BTC-26MAR21-20000-C", "index_price": 46596.42, "direction": "buy", "amount": 0.2}, {"trade_seq": 3436, "trade_id": "126129529", "timestamp": 1612832124939, "tick_direction": 2, "price": 0.5935, "mark_price": 0.59298032, "iv": 145.48, "instrument_name": "BTC-26MAR21-20000-C", "index_price": 46684.78, "direction": "sell", "amount": 0.2}, {"trade_seq": 3435, "trade_id": "126101428", "timestamp": 1612829163431, "tick_direction": 0, "price": 0.6, "mark_price": 0.60036373, "iv": 140.95, "instrument_name": "BTC-26MAR21-20000-C", "index_price": 47493.35, "direction": "buy", "amount": 0.3}, {"trade_seq": 3434, "trade_id": "126013931", "timestamp": 1612816407205, "tick_direction": 1, "price": 0.5645, "mark_price": 0.56376757, "iv": 138.89, "instrument_name": "BTC-26MAR21-20000-C", "index_price": 43502.49, "direction": "buy", "amount": 0.2}, {"trade_seq": 3433, "trade_id": "126013924", "timestamp": 1612816407102, "tick_direction": 0, "price": 0.5645, "mark_price": 0.56376757, "iv": 138.96, "instrument_name": "BTC-26MAR21-20000-C", "index_price": 43490.91, "direction": "buy", "amount": 0.1}, {"trade_seq": 3432, "trade_id": "125717749", "timestamp": 1612778087115, "tick_direction": 2, "price": 0.51, "mark_price": 0.51163333, "iv": 120.88, "instrument_name": "BTC-26MAR21-20000-C", "index_price": 39015.7, "direction": "buy", "amount": 0.3}, {"trade_seq": 3431, "trade_id": "125492726", "timestamp": 1612686074406, "tick_direction": 1, "price": 0.5185, "mark_price": 0.51864976, "iv": 126.23, "instrument_name": "BTC-26MAR21-20000-C", "index_price": 39455.64, "direction": "sell", "amount": 0.1}, {"trade_seq": 3430, "trade_id": "125492722", "timestamp": 1612686074293, "tick_direction": 0, "price": 0.5185, "mark_price": 0.51864976, "iv": 126.23, "instrument_name": "BTC-26MAR21-20000-C", "index_price": 39455.64, "direction": "sell", "amount": 0.2}, {"trade_seq": 3429, "trade_id": "125479580", "timestamp": 1612681754142, "tick_direction": 0, "price": 0.512, "mark_price": 0.51265235, "iv": 124.77, "instrument_name": "BTC-26MAR21-20000-C", "index_price": 38872.02, "direction": "sell", "amount": 0.1}, {"trade_seq": 3428, "trade_id": "125467134", "timestamp": 1612675812174, "tick_direction": 3, "price": 0.5065, "mark_price": 0.50665989, "iv": 126.28, "instrument_name": "BTC-26MAR21-20000-C", "index_price": 38332.6, "direction": "sell", "amount": 0.2}, {"trade_seq": 3427, "trade_id": "125467131", "timestamp": 1612675811893, "tick_direction": 3, "price": 0.5065, "mark_price": 0.50666113, "iv": 126.28, "instrument_name": "BTC-26MAR21-20000-C", "index_price": 38334.54, "direction": "sell", "amount": 0.1}, {"trade_seq": 3426, "trade_id": "125467123", "timestamp": 1612675811706, "tick_direction": 3, "price": 0.5065, "mark_price": 0.50666113, "iv": 126.28, "instrument_name": "BTC-26MAR21-20000-C", "index_price": 38334.54, "direction": "sell", "amount": 0.1}, {"trade_seq": 3425, "trade_id": "125467120", "timestamp": 1612675808754, "tick_direction": 3, "price": 0.5065, "mark_price": 0.50672894, "iv": 126.2, "instrument_name": "BTC-26MAR21-20000-C", "index_price": 38336.6, "direction": "sell", "amount": 0.1}, {"trade_seq": 3424, "trade_id": "125467114", "timestamp": 1612675803275, "tick_direction": 3, "price": 0.5065, "mark_price": 0.50683092, "iv": 125.73, "instrument_name": "BTC-26MAR21-20000-C", "index_price": 38345.94, "direction": "sell", "amount": 0.2}, {"trade_seq": 3423, "trade_id": "125467113", "timestamp": 1612675803205, "tick_direction": 3, "price": 0.5065, "mark_price": 0.50683092, "iv": 125.73, "instrument_name": "BTC-26MAR21-20000-C", "index_price": 38345.94, "direction": "sell", "amount": 0.1}, {"trade_seq": 3422, "trade_id": "125466395", "timestamp": 1612675330339, "tick_direction": 3, "price": 0.5065, "mark_price": 0.5069424, "iv": 125.45, "instrument_name": "BTC-26MAR21-20000-C", "index_price": 38343.04, "direction": "sell", "amount": 0.1}, {"trade_seq": 3421, "trade_id": "125466394", "timestamp": 1612675330309, "tick_direction": 3, "price": 0.5065, "mark_price": 0.5069424, "iv": 125.45, "instrument_name": "BTC-26MAR21-20000-C", "index_price": 38343.04, "direction": "sell", "amount": 0.2}, {"trade_seq": 3420, "trade_id": "125466393", "timestamp": 1612675330210, "tick_direction": 3, "price": 0.5065, "mark_price": 0.5069424, "iv": 125.45, "instrument_name": "BTC-26MAR21-20000-C", "index_price": 38343.04, "direction": "sell", "amount": 0.1}, {"trade_seq": 3419, "trade_id": "125466392", "timestamp": 1612675330103, "tick_direction": 2, "price": 0.5065, "mark_price": 0.50712665, "iv": 125.22, "instrument_name": "BTC-26MAR21-20000-C", "index_price": 38346.7, "direction": "sell", "amount": 0.1}, {"trade_seq": 3418, "trade_id": "125465070", "timestamp": 1612674659706, "tick_direction": 2, "price": 0.5075, "mark_price": 0.50827919, "iv": 125.27, "instrument_name": "BTC-26MAR21-20000-C", "index_price": 38451.94, "direction": "sell", "amount": 0.1}, {"trade_seq": 3417, "trade_id": "125439951", "timestamp": 1612664472012, "tick_direction": 0, "price": 0.5095, "mark_price": 0.51005686, "iv": 127.22, "instrument_name": "BTC-26MAR21-20000-C", "index_price": 38477.65, "direction": "sell", "amount": 0.2}, {"trade_seq": 3416, "trade_id": "124805003", "timestamp": 1612429167408, "tick_direction": 1, "price": 0.495, "mark_price": 0.49493511, "iv": 128.34, "instrument_name": "BTC-26MAR21-20000-C", "index_price": 37244.99, "direction": "sell", "amount": 0.4}, {"trade_seq": 3415, "trade_id": "124804987", "timestamp": 1612429167070, "tick_direction": 1, "price": 0.495, "mark_price": 0.49493511, "iv": 128.34, "instrument_name": "BTC-26MAR21-20000-C", "index_price": 37244.99, "direction": "sell", "amount": 0.2}, {"trade_seq": 3414, "trade_id": "124804969", "timestamp": 1612429166620, "tick_direction": 1, "price": 0.495, "mark_price": 0.49575078, "iv": 126.23, "instrument_name": "BTC-26MAR21-20000-C", "index_price": 37260.18, "direction": "sell", "amount": 0.1}, {"trade_seq": 3413, "trade_id": "124804943", "timestamp": 1612429166363, "tick_direction": 1, "price": 0.495, "mark_price": 0.49575078, "iv": 126.23, "instrument_name": "BTC-26MAR21-20000-C", "index_price": 37260.18, "direction": "sell", "amount": 0.1}