{"trades": [{"trade_seq": 3948, "trade_id": "138562026", "timestamp": 1616637578710, "tick_direction": 1, "price": 0.0005, "mark_price": 0.0, "iv": 301.13, "instrument_name": "BTC-26MAR21-80000-C", "index_price": 51765.11, "direction": "sell", "amount": 15.2}, {"trade_seq": 3947, "trade_id": "138562025", "timestamp": 1616637578708, "tick_direction": 1, "price": 0.0005, "mark_price": 0.0, "iv": 301.13, "instrument_name": "BTC-26MAR21-80000-C", "index_price": 51765.11, "direction": "buy", "amount": 24.0}, {"trade_seq": 3946, "trade_id": "138562024", "timestamp": 1616637578708, "tick_direction": 1, "price": 0.0005, "mark_price": 0.0, "iv": 301.13, "instrument_name": "BTC-26MAR21-80000-C", "index_price": 51765.11, "direction": "buy", "amount": 60.0}, {"trade_seq": 3945, "trade_id": "138561748", "timestamp": 1616637566823, "tick_direction": 1, "price": 0.0005, "mark_price": 0.0, "iv": 300.92, "instrument_name": "BTC-26MAR21-80000-C", "index_price": 51786.3, "direction": "sell", "amount": 43.0}, {"trade_seq": 3944, "trade_id": "138561744", "timestamp": 1616637566447, "tick_direction": 1, "price": 0.0005, "mark_price": 0.0, "iv": 300.92, "instrument_name": "BTC-26MAR21-80000-C", "index_price": 51786.3, "direction": "sell", "amount": 19.0}, {"trade_seq": 3943, "trade_id": "138561743", "timestamp": 1616637566441, "tick_direction": 1, "price": 0.0005, "mark_price": 0.0, "iv": 300.92, "instrument_name": "BTC-26MAR21-80000-C", "index_price": 51786.3, "direction": "sell", "amount": 19.0}, {"trade_seq": 3942, "trade_id": "138561706", "timestamp": 1616637565384, "tick_direction": 1, "price": 0.0005, "mark_price": 0.0, "iv": 300.55, "instrument_name": "BTC-26MAR21-80000-C", "index_price": 51815.95, "direction": "sell", "amount": 19.0}, {"trade_seq": 3941, "trade_id": "138561692", "timestamp": 1616637565362, "tick_direction": 1, "price": 0.0005, "mark_price": 0.0, "iv": 300.55, "instrument_name": "BTC-26MAR21-80000-C", "index_price": 51815.95, "direction": "sell", "amount": 19.0}, {"trade_seq": 3940, "trade_id": "138561655", "timestamp": 1616637565162, "tick_direction": 1, "price": 0.0005, "mark_price": 0.0, "iv": 300.4, "instrument_name": "BTC-26MAR21-80000-C", "index_price": 51815.95, "direction": "sell", "amount": 24.0}, {"trade_seq": 3939, "trade_id": "138561654", "timestamp": 1616637565151, "tick_direction": 1, "price": 0.0005, "mark_price": 0.0, "iv": 300.4, "instrument_name": "BTC-26MAR21-80000-C", "index_price": 51815.95, "direction": "sell", "amount": 19.0}, {"trade_seq": 3938, "trade_id": "138561637", "timestamp": 1616637564315, "tick_direction": 1, "price": 0.0005, "mark_price": 0.0, "iv": 300.37, "instrument_name": "BTC-26MAR21-80000-C", "index_price": 51829.03, "direction": "sell", "amount": 19.0}, {"trade_seq": 3937, "trade_id": "138561636", "timestamp": 1616637564315, "tick_direction": 1, "price": 0.0005, "mark_price": 0.0, "iv": 300.37, "instrument_name": "BTC-26MAR21-80000-C", "index_price": 51829.03, "direction": "sell", "amount": 19.0}, {"trade_seq": 3936, "trade_id": "138561413", "timestamp": 1616637557208, "tick_direction": 1, "price": 0.0005, "mark_price": 0.0, "iv": 299.38, "instrument_name": "BTC-26MAR21-80000-C", "index_price": 51898.58, "direction": "sell", "amount": 18.7}, {"trade_seq": 3935, "trade_id": "138561412", "timestamp": 1616637557199, "tick_direction": 1, "price": 0.0005, "mark_price": 0.0, "iv": 299.38, "instrument_name": "BTC-26MAR21-80000-C", "index_price": 51898.58, "direction": "sell", "amount": 19.0}, {"trade_seq": 3934, "trade_id": "138561411", "timestamp": 1616637557188, "tick_direction": 1, "price": 0.0005, "mark_price": 0.0, "iv": 299.38, "instrument_name": "BTC-26MAR21-80000-C", "index_price": 51898.58, "direction": "sell", "amount": 10.5}, {"trade_seq": 3933, "trade_id": "138561410", "timestamp": 1616637557187, "tick_direction": 1, "price": 0.0005, "mark_price": 0.0, "iv": 299.38, "instrument_name": "BTC-26MAR21-80000-C", "index_price": 51898.58, "direction": "sell", "amount": 19.0}, {"trade_seq": 3932, "trade_id": "138561409", "timestamp": 1616637557186, "tick_direction": 1, "price": 0.0005, "mark_price": 0.0, "iv": 299.38, "instrument_name": "BTC-26MAR21-80000-C", "index_price": 51898.58, "direction": "sell", "amount": 19.0}, {"trade_seq": 3931, "trade_id": "138561408", "timestamp": 1616637557183, "tick_direction": 1, "price": 0.0005, "mark_price": 0.0, "iv": 299.38, "instrument_name": "BTC-26MAR21-80000-C", "index_price": 51898.58, "direction": "buy", "amount": 24.3}, {"trade_seq": 3930, "trade_id": "138561407", "timestamp": 1616637557183, "tick_direction": 1, "price": 0.0005, "mark_price": 0.0, "iv": 299.38, "instrument_name": "BTC-26MAR21-80000-C", "index_price": 51898.58, "direction": "buy", "amount": 0.5}, {"trade_seq": 3929, "trade_id": "138561406", "timestamp": 1616637557183, "tick_direction": 1, "price": 0.0005, "mark_price": 0.0, "iv": 299.38, "instrument_name": "BTC-26MAR21-80000-C", "index_price": 51898.58, "direction": "buy", "amount": 60.0}, {"trade_seq": 3928, "trade_id": "138561405", "timestamp": 1616637557183, "tick_direction": 1, "price": 0.0005, "mark_price": 0.0, "iv": 299.38, "instrument_name": "BTC-26MAR21-80000-C", "index_price": 51898.58, "direction": "buy", "amount": 24.0}, {"trade_seq": 3927, "trade_id": "138561404", "timestamp": 1616637557183, "tick_direction": 1, "price": 0.0005, "mark_price": 0.0, "iv": 299.38, "instrument_name": "BTC-26MAR21-80000-C", "index_price": 51898.58, "direction": "buy", "amount": 5.0}, {"trade_seq": 3926, "trade_id": "138223716", "timestamp": 1616580444707, "tick_direction": 1, "price": 0.0005, "mark_price": 0.0, "iv": 202.76, "instrument_name": "BTC-26MAR21-80000-C", "index_price": 56326.77, "direction": "buy", "amount": 4.0}, {"trade_seq": 3925, "trade_id": "138223363", "timestamp": 1616580390944, "tick_direction": 1, "price": 0.0005, "mark_price": 0.0, "iv": 201.83, "instrument_name": "BTC-26MAR21-80000-C", "index_price": 56488.15, "direction": "buy", "amount": 1.0}, {"trade_seq": 3924, "trade_id": "138218855", "timestamp": 1616578651736, "tick_direction": 1, "price": 0.0005, "mark_price": 1e-08, "iv": 201.51, "instrument_name": "BTC-26MAR21-80000-C", "index_price": 56425.55, "direction": "buy", "amount": 8.3}, {"trade_seq": 3923, "trade_id": "138218854", "timestamp": 1616578651736, "tick_direction": 0, "price": 0.0005, "mark_price": 1e-08, "iv": 201.51, "instrument_name": "BTC-26MAR21-80000-C", "index_price": 56425.55, "direction": "buy", "amount": 4.2}, {"trade_seq": 3922, "trade_id": "138062828", "timestamp": 1616535456822, "tick_direction": 2, "price": 0.0001, "mark_price": 4.1e-07, "iv": 163.37, "instrument_name": "BTC-26MAR21-80000-C", "index_price": 54539.5, "direction": "sell", "block_trade_id": "9714", "amount": 50.0}, {"trade_seq": 3921, "trade_id": "137820011", "timestamp": 1616460245826, "tick_direction": 1, "price": 0.0005, "mark_price": 6.28e-06, "iv": 166.12, "instrument_name": "BTC-26MAR21-80000-C", "index_price": 54554.37, "direction": "buy", "amount": 0.8}, {"trade_seq": 3920, "trade_id": "137750449", "timestamp": 1616444955246, "tick_direction": 1, "price": 0.0005, "mark_price": 0.00023629, "iv": 153.57, "instrument_name": "BTC-26MAR21-80000-C", "index_price": 55823.87, "direction": "buy", "amount": 1.0}, {"trade_seq": 3919, "trade_id": "137693703", "timestamp": 1616425906242, "tick_direction": 1, "price": 0.0005, "mark_price": 0.00027405, "iv": 141.96, "instrument_name": "BTC-26MAR21-80000-C", "index_price": 56929.11, "direction": "sell", "amount": 26.0}, {"trade_seq": 3918, "trade_id": "137693701", "timestamp": 1616425903222, "tick_direction": 0, "price": 0.0005, "mark_price": 0.00027389, "iv": 141.95, "instrument_name": "BTC-26MAR21-80000-C", "index_price": 56928.16, "direction": "sell", "amount": 24.0}, {"trade_seq": 3917, "trade_id": "137693645", "timestamp": 1616425888398, "tick_direction": 2, "price": 0.0003, "mark_price": 0.00027336, "iv": 133.57, "instrument_name": "BTC-26MAR21-80000-C", "index_price": 56933.58, "direction": "buy", "block_trade_id": "9630", "amount": 25.0}, {"trade_seq": 3916, "trade_id": "137693216", "timestamp": 1616425694660, "tick_direction": 3, "price": 0.0005, "mark_price": 0.00027437, "iv": 141.03, "instrument_name": "BTC-26MAR21-80000-C", "index_price": 57040.88, "direction": "sell", "amount": 5.0}, {"trade_seq": 3915, "trade_id": "137693215", "timestamp": 1616425694660, "tick_direction": 3, "price": 0.0005, "mark_price": 0.00027437, "iv": 141.03, "instrument_name": "BTC-26MAR21-80000-C", "index_price": 57040.88, "direction": "sell", "amount": 18.5}, {"trade_seq": 3914, "trade_id": "137693214", "timestamp": 1616425693853, "tick_direction": 3, "price": 0.0005, "mark_price": 0.00027429, "iv": 141.04, "instrument_name": "BTC-26MAR21-80000-C", "index_price": 57041.31, "direction": "sell", "amount": 29.0}, {"trade_seq": 3913, "trade_id": "137691095", "timestamp": 1616424528886, "tick_direction": 3, "price": 0.0005, "mark_price": 0.0001749, "iv": 140.12, "instrument_name": "BTC-26MAR21-80000-C", "index_price": 57145.53, "direction": "sell", "amount": 0.5}, {"trade_seq": 3912, "trade_id": "137690502", "timestamp": 1616424200589, "tick_direction": 2, "price": 0.0005, "mark_price": 0.00015028, "iv": 140.18, "instrument_name": "BTC-26MAR21-80000-C", "index_price": 57139.52, "direction": "sell", "amount": 2.0}, {"trade_seq": 3911, "trade_id": "137690006", "timestamp": 1616424024247, "tick_direction": 1, "price": 0.001, "mark_price": 0.00013588, "iv": 153.82, "instrument_name": "BTC-26MAR21-80000-C", "index_price": 57110.15, "direction": "buy", "amount": 19.5}, {"trade_seq": 3910, "trade_id": "137690005", "timestamp": 1616424024247, "tick_direction": 1, "price": 0.001, "mark_price": 0.00013588, "iv": 153.82, "instrument_name": "BTC-26MAR21-80000-C", "index_price": 57110.15, "direction": "buy", "amount": 0.5}, {"trade_seq": 3909, "trade_id": "137690004", "timestamp": 1616424024247, "tick_direction": 0, "price": 0.001, "mark_price": 0.00013588, "iv": 153.82, "instrument_name": "BTC-26MAR21-80000-C", "index_price": 57110.15, "direction": "buy", "amount": 29.0}, {"trade_seq": 3908, "trade_id": "137688648", "timestamp": 1616423513791, "tick_direction": 0, "price": 0.0005, "mark_price": 0.0001018, "iv": 140.82, "instrument_name": "BTC-26MAR21-80000-C", "index_price": 57025.12, "direction": "buy", "amount": 1.0}, {"trade_seq": 3907, "trade_id": "137660482", "timestamp": 1616414444915, "tick_direction": 0, "price": 0.0003, "mark_price": 0.00021176, "iv": 126.1, "instrument_name": "BTC-26MAR21-80000-C", "index_price": 57732.83, "direction": "buy", "block_trade_id": "9624", "amount": 25.0}, {"trade_seq": 3906, "trade_id": "137652385", "timestamp": 1616409648055, "tick_direction": 2, "price": 0.0002, "mark_price": 0.0002062, "iv": 118.3, "instrument_name": "BTC-26MAR21-80000-C", "index_price": 57984.85, "direction": "sell", "block_trade_id": "9621", "amount": 25.0}, {"trade_seq": 3905, "trade_id": "137442002", "timestamp": 1616302497553, "tick_direction": 3, "price": 0.0005, "mark_price": 0.00069814, "iv": 120.42, "instrument_name": "BTC-26MAR21-80000-C", "index_price": 56919.1, "direction": "sell", "amount": 0.1}, {"trade_seq": 3904, "trade_id": "137442001", "timestamp": 1616302497553, "tick_direction": 3, "price": 0.0005, "mark_price": 0.00069814, "iv": 120.42, "instrument_name": "BTC-26MAR21-80000-C", "index_price": 56919.1, "direction": "sell", "amount": 5.0}, {"trade_seq": 3903, "trade_id": "137442000", "timestamp": 1616302497553, "tick_direction": 3, "price": 0.0005, "mark_price": 0.00069814, "iv": 120.42, "instrument_name": "BTC-26MAR21-80000-C", "index_price": 56919.1, "direction": "sell", "amount": 5.0}, {"trade_seq": 3902, "trade_id": "137441999", "timestamp": 1616302497553, "tick_direction": 3, "price": 0.0005, "mark_price": 0.00069814, "iv": 120.42, "instrument_name": "BTC-26MAR21-80000-C", "index_price": 56919.1, "direction": "sell", "amount": 2.5}, {"trade_seq": 3901, "trade_id": "137439647", "timestamp": 1616302111575, "tick_direction": 3, "price": 0.0005, "mark_price": 0.00070049, "iv": 119.69, "instrument_name": "BTC-26MAR21-80000-C", "index_price": 57041.73, "direction": "sell", "amount": 2.5}, {"trade_seq": 3900, "trade_id": "137439646", "timestamp": 1616302111575, "tick_direction": 3, "price": 0.0005, "mark_price": 0.00070049, "iv": 119.69, "instrument_name": "BTC-26MAR21-80000-C", "index_price": 57041.73, "direction": "sell", "amount": 4.5}, {"trade_seq": 3899, "trade_id": "137430479", "timestamp": 1616298626810, "tick_direction": 3, "price": 0.0005, "mark_price": 0.00072924, "iv": 115.26, "instrument_name": "BTC-26MAR21-80000-C", "index_price": 57821.04, "direction": "sell", "amount": 0.5}, {"trade_seq": 3898, "trade_id": "137430478", "timestamp": 1616298626810, "tick_direction": 3, "price": 0.0005, "mark_price": 0.00072924, "iv": 115.26, "instrument_name": "BTC-26MAR21-80000-C", "index_price": 57821.04, "direction": "sell", "amount": 1.5}, {"trade_seq": 3897, "trade_id": "137429833", "timestamp": 1616297920613, "tick_direction": 3, "price": 0.0005, "mark_price": 0.00072533, "iv": 115.59, "instrument_name": "BTC-26MAR21-80000-C", "index_price": 57715.29, "direction": "sell", "amount": 3.5}, {"trade_seq": 3896, "trade_id": "137429832", "timestamp": 1616297920613, "tick_direction": 3, "price": 0.0005, "mark_price": 0.00072533, "iv": 115.59, "instrument_name": "BTC-26MAR21-80000-C", "index_price": 57715.29, "direction": "sell", "amount": 1.5}, {"trade_seq": 3895, "trade_id": "137428413", "timestamp": 1616297242772, "tick_direction": 2, "price": 0.0005, "mark_price": 0.00071554, "iv": 115.71, "instrument_name": "BTC-26MAR21-80000-C", "index_price": 57697.74, "direction": "sell", "amount": 1.0}, {"trade_seq": 3894, "trade_id": "137352308", "timestamp": 1616256729103, "tick_direction": 1, "price": 0.001, "mark_price": 0.00070386, "iv": 113.23, "instrument_name": "BTC-26MAR21-80000-C", "index_price": 59026.91, "direction": "buy", "amount": 1.0}, {"trade_seq": 3893, "trade_id": "137282286", "timestamp": 1616236204655, "tick_direction": 1, "price": 0.001, "mark_price": 0.00088793, "iv": 112.99, "instrument_name": "BTC-26MAR21-80000-C", "index_price": 58719.41, "direction": "buy", "amount": 0.2}, {"trade_seq": 3892, "trade_id": "137281872", "timestamp": 1616235540450, "tick_direction": 0, "price": 0.001, "mark_price": 0.00090503, "iv": 112.43, "instrument_name": "BTC-26MAR21-80000-C", "index_price": 58830.27, "direction": "sell", "amount": 3.0}, {"trade_seq": 3891, "trade_id": "137278351", "timestamp": 1616233088511, "tick_direction": 3, "price": 0.0005, "mark_price": 0.00091082, "iv": 102.05, "instrument_name": "BTC-26MAR21-80000-C", "index_price": 58842.04, "direction": "sell", "amount": 0.6}, {"trade_seq": 3890, "trade_id": "137278350", "timestamp": 1616233088511, "tick_direction": 2, "price": 0.0005, "mark_price": 0.00091082, "iv": 102.05, "instrument_name": "BTC-26MAR21-80000-C", "index_price": 58842.04, "direction": "sell", "amount": 0.5}, {"trade_seq": 3889, "trade_id": "137276973", "timestamp": 1616230759305, "tick_direction": 1, "price": 0.001, "mark_price": 0.00071675, "iv": 112.59, "instrument_name": "BTC-26MAR21-80000-C", "index_price": 58708.54, "direction": "buy", "amount": 1.0}, {"trade_seq": 3888, "trade_id": "137276951", "timestamp": 1616230721980, "tick_direction": 1, "price": 0.001, "mark_price": 0.00072278, "iv": 112.47, "instrument_name": "BTC-26MAR21-80000-C", "index_price": 58722.38, "direction": "buy", "amount": 0.1}, {"trade_seq": 3887, "trade_id": "137276948", "timestamp": 1616230720516, "tick_direction": 1, "price": 0.001, "mark_price": 0.00072325, "iv": 112.46, "instrument_name": "BTC-26MAR21-80000-C", "index_price": 58721.98, "direction": "buy", "amount": 0.1}, {"trade_seq": 3886, "trade_id": "137276938", "timestamp": 1616230703163, "tick_direction": 1, "price": 0.001, "mark_price": 0.0007218, "iv": 112.5, "instrument_name": "BTC-26MAR21-80000-C", "index_price": 58709.39, "direction": "buy", "amount": 0.1}, {"trade_seq": 3885, "trade_id": "137276908", "timestamp": 1616230654996, "tick_direction": 1, "price": 0.001, "mark_price": 0.00071513, "iv": 112.61, "instrument_name": "BTC-26MAR21-80000-C", "index_price": 58688.88, "direction": "buy", "amount": 0.1}, {"trade_seq": 3884, "trade_id": "137276907", "timestamp": 1616230654927, "tick_direction": 0, "price": 0.001, "mark_price": 0.00071513, "iv": 112.61, "instrument_name": "BTC-26MAR21-80000-C", "index_price": 58688.88, "direction": "buy", "amount": 0.1}, {"trade_seq": 3883, "trade_id": "137252521", "timestamp": 1616208625821, "tick_direction": 3, "price": 0.0005, "mark_price": 0.00071247, "iv": 100.93, "instrument_name": "BTC-26MAR21-80000-C", "index_price": 58585.04, "direction": "sell", "amount": 0.1}, {"trade_seq": 3882, "trade_id": "137252520", "timestamp": 1616208624487, "tick_direction": 3, "price": 0.0005, "mark_price": 0.00071248, "iv": 100.93, "instrument_name": "BTC-26MAR21-80000-C", "index_price": 58585.54, "direction": "sell", "amount": 0.1}, {"trade_seq": 3881, "trade_id": "137252519", "timestamp": 1616208623354, "tick_direction": 3, "price": 0.0005, "mark_price": 0.00071192, "iv": 100.93, "instrument_name": "BTC-26MAR21-80000-C", "index_price": 58586.0, "direction": "sell", "amount": 0.1}, {"trade_seq": 3880, "trade_id": "137252518", "timestamp": 1616208622262, "tick_direction": 3, "price": 0.0005, "mark_price": 0.00071178, "iv": 100.94, "instrument_name": "BTC-26MAR21-80000-C", "index_price": 58586.36, "direction": "sell", "amount": 0.1}, {"trade_seq": 3879, "trade_id": "137252517", "timestamp": 1616208621144, "tick_direction": 2, "price": 0.0005, "mark_price": 0.00071166, "iv": 100.94, "instrument_name": "BTC-26MAR21-80000-C", "index_price": 58584.52, "direction": "sell", "amount": 0.1}, {"trade_seq": 3878, "trade_id": "137237228", "timestamp": 1616197802552, "tick_direction": 0, "price": 0.0006, "mark_price": 0.00074494, "iv": 103.69, "instrument_name": "BTC-26MAR21-80000-C", "index_price": 58329.18, "direction": "sell", "block_trade_id": "9534", "amount": 50.0}, {"trade_seq": 3877, "trade_id": "137226818", "timestamp": 1616188553250, "tick_direction": 3, "price": 0.0005, "mark_price": 0.00075232, "iv": 98.6, "instrument_name": "BTC-26MAR21-80000-C", "index_price": 58673.03, "direction": "sell", "amount": 0.1}, {"trade_seq": 3876, "trade_id": "137226817", "timestamp": 1616188553250, "tick_direction": 3, "price": 0.0005, "mark_price": 0.00075232, "iv": 98.6, "instrument_name": "BTC-26MAR21-80000-C", "index_price": 58673.03, "direction": "sell", "amount": 0.1}, {"trade_seq": 3875, "trade_id": "137226816", "timestamp": 1616188553250, "tick_direction": 3, "price": 0.0005, "mark_price": 0.00075232, "iv": 98.6, "instrument_name": "BTC-26MAR21-80000-C", "index_price": 58673.03, "direction": "sell", "amount": 0.1}, {"trade_seq": 3874, "trade_id": "137226815", "timestamp": 1616188553250, "tick_direction": 3, "price": 0.0005, "mark_price": 0.00075232, "iv": 98.6, "instrument_name": "BTC-26MAR21-80000-C", "index_price": 58673.03, "direction": "sell", "amount": 0.1}, {"trade_seq": 3873, "trade_id": "137226814", "timestamp": 1616188553250, "tick_direction": 3, "price": 0.0005, "mark_price": 0.00075232, "iv": 98.6, "instrument_name": "BTC-26MAR21-80000-C", "index_price": 58673.03, "direction": "sell", "amount": 0.1}, {"trade_seq": 3872, "trade_id": "137226813", "timestamp": 1616188553250, "tick_direction": 3, "price": 0.0005, "mark_price": 0.00075232, "iv": 98.6, "instrument_name": "BTC-26MAR21-80000-C", "index_price": 58673.03, "direction": "sell", "amount": 0.1}, {"trade_seq": 3871, "trade_id": "137226812", "timestamp": 1616188553250, "tick_direction": 3, "price": 0.0005, "mark_price": 0.00075232, "iv": 98.6, "instrument_name": "BTC-26MAR21-80000-C", "index_price": 58673.03, "direction": "sell", "amount": 0.1}, {"trade_seq": 3870, "trade_id": "137226811", "timestamp": 1616188553250, "tick_direction": 3, "price": 0.0005, "mark_price": 0.00075232, "iv": 98.6, "instrument_name": "BTC-26MAR21-80000-C", "index_price": 58673.03, "direction": "sell", "amount": 0.1}, {"trade_seq": 3869, "trade_id": "137226810", "timestamp": 1616188553250, "tick_direction": 3, "price": 0.0005, "mark_price": 0.00075232, "iv": 98.6, "instrument_name": "BTC-26MAR21-80000-C", "index_price": 58673.03, "direction": "sell", "amount": 0.1}, {"trade_seq": 3868, "trade_id": "137226809", "timestamp": 1616188553250, "tick_direction": 2, "price": 0.0005, "mark_price": 0.00075232, "iv": 98.6, "instrument_name": "BTC-26MAR21-80000-C", "index_price": 58673.03, "direction": "sell", "amount": 0.1}, {"trade_seq": 3867, "trade_id": "137203505", "timestamp": 1616175700665, "tick_direction": 0, "price": 0.001, "mark_price": 0.00071091, "iv": 106.37, "instrument_name": "BTC-26MAR21-80000-C", "index_price": 58765.16, "direction": "buy", "amount": 0.5}, {"trade_seq": 3866, "trade_id": "137147823", "timestamp": 1616155200777, "tick_direction": 2, "price": 0.0007, "mark_price": 0.00094709, "iv": 99.17, "instrument_name": "BTC-26MAR21-80000-C", "index_price": 58846.76, "direction": "sell", "block_trade_id": "9498", "amount": 25.0}, {"trade_seq": 3865, "trade_id": "137114959", "timestamp": 1616141196451, "tick_direction": 2, "price": 0.001, "mark_price": 0.00091874, "iv": 109.24, "instrument_name": "BTC-26MAR21-80000-C", "index_price": 57621.21, "direction": "sell", "amount": 0.6}, {"trade_seq": 3864, "trade_id": "137082079", "timestamp": 1616126140392, "tick_direction": 0, "price": 0.0015, "mark_price": 0.00142321, "iv": 113.74, "instrument_name": "BTC-26MAR21-80000-C", "index_price": 57796.48, "direction": "sell", "amount": 0.3}, {"trade_seq": 3863, "trade_id": "137048925", "timestamp": 1616112599198, "tick_direction": 3, "price": 0.001, "mark_price": 0.00116964, "iv": 107.89, "instrument_name": "BTC-26MAR21-80000-C", "index_price": 57378.71, "direction": "sell", "amount": 0.5}, {"trade_seq": 3862, "trade_id": "137048924", "timestamp": 1616112599198, "tick_direction": 3, "price": 0.001, "mark_price": 0.00116964, "iv": 107.89, "instrument_name": "BTC-26MAR21-80000-C", "index_price": 57378.71, "direction": "sell", "amount": 1.5}, {"trade_seq": 3861, "trade_id": "136996917", "timestamp": 1616093172525, "tick_direction": 2, "price": 0.001, "mark_price": 0.00127098, "iv": 102.62, "instrument_name": "BTC-26MAR21-80000-C", "index_price": 58137.47, "direction": "sell", "amount": 0.1}, {"trade_seq": 3860, "trade_id": "136982038", "timestamp": 1616088032352, "tick_direction": 2, "price": 0.0013, "mark_price": 0.00164971, "iv": 100.03, "instrument_name": "BTC-26MAR21-80000-C", "index_price": 59375.34, "direction": "sell", "block_trade_id": "9467", "amount": 25.0}, {"trade_seq": 3859, "trade_id": "136976793", "timestamp": 1616086557288, "tick_direction": 1, "price": 0.002, "mark_price": 0.00181, "iv": 107.11, "instrument_name": "BTC-26MAR21-80000-C", "index_price": 59399.8, "direction": "sell", "amount": 0.6}, {"trade_seq": 3858, "trade_id": "136976792", "timestamp": 1616086557281, "tick_direction": 0, "price": 0.002, "mark_price": 0.00181, "iv": 107.11, "instrument_name": "BTC-26MAR21-80000-C", "index_price": 59399.8, "direction": "buy", "amount": 0.4}, {"trade_seq": 3857, "trade_id": "136947683", "timestamp": 1616081846753, "tick_direction": 1, "price": 0.0015, "mark_price": 0.00136918, "iv": 104.61, "instrument_name": "BTC-26MAR21-80000-C", "index_price": 58815.38, "direction": "buy", "amount": 0.1}, {"trade_seq": 3856, "trade_id": "136947682", "timestamp": 1616081846753, "tick_direction": 0, "price": 0.0015, "mark_price": 0.00136918, "iv": 104.61, "instrument_name": "BTC-26MAR21-80000-C", "index_price": 58815.38, "direction": "buy", "amount": 1.0}, {"trade_seq": 3855, "trade_id": "136906636", "timestamp": 1616067327946, "tick_direction": 3, "price": 0.001, "mark_price": 0.00135266, "iv": 101.15, "instrument_name": "BTC-26MAR21-80000-C", "index_price": 58001.3, "direction": "sell", "amount": 0.4}, {"trade_seq": 3854, "trade_id": "136906635", "timestamp": 1616067327946, "tick_direction": 3, "price": 0.001, "mark_price": 0.00135266, "iv": 101.15, "instrument_name": "BTC-26MAR21-80000-C", "index_price": 58001.3, "direction": "sell", "amount": 0.6}, {"trade_seq": 3853, "trade_id": "136900870", "timestamp": 1616063778046, "tick_direction": 2, "price": 0.001, "mark_price": 0.00156014, "iv": 98.27, "instrument_name": "BTC-26MAR21-80000-C", "index_price": 58547.85, "direction": "sell", "amount": 0.1}, {"trade_seq": 3852, "trade_id": "136891231", "timestamp": 1616057864892, "tick_direction": 3, "price": 0.0015, "mark_price": 0.00168288, "iv": 106.47, "instrument_name": "BTC-26MAR21-80000-C", "index_price": 58026.44, "direction": "sell", "amount": 0.1}, {"trade_seq": 3851, "trade_id": "136891225", "timestamp": 1616057862151, "tick_direction": 3, "price": 0.0015, "mark_price": 0.00168387, "iv": 106.46, "instrument_name": "BTC-26MAR21-80000-C", "index_price": 58023.81, "direction": "sell", "amount": 0.1}, {"trade_seq": 3850, "trade_id": "136891219", "timestamp": 1616057859529, "tick_direction": 3, "price": 0.0015, "mark_price": 0.00169041, "iv": 106.39, "instrument_name": "BTC-26MAR21-80000-C", "index_price": 58036.22, "direction": "sell", "amount": 0.1}, {"trade_seq": 3849, "trade_id": "136891218", "timestamp": 1616057859131, "tick_direction": 3, "price": 0.0015, "mark_price": 0.00169041, "iv": 106.39, "instrument_name": "BTC-26MAR21-80000-C", "index_price": 58036.22, "direction": "sell", "amount": 0.1}, {"trade_seq": 3848, "trade_id": "136891161", "timestamp": 1616057845553, "tick_direction": 3, "price": 0.0015, "mark_price": 0.00167111, "iv": 106.58, "instrument_name": "BTC-26MAR21-80000-C", "index_price": 58004.06, "direction": "sell", "amount": 0.1}, {"trade_seq": 3847, "trade_id": "136891159", "timestamp": 1616057840899, "tick_direction": 3, "price": 0.0015, "mark_price": 0.00166735, "iv": 106.61, "instrument_name": "BTC-26MAR21-80000-C", "index_price": 58000.6, "direction": "sell", "amount": 0.1}, {"trade_seq": 3846, "trade_id": "136891145", "timestamp": 1616057833764, "tick_direction": 3, "price": 0.0015, "mark_price": 0.00166543, "iv": 106.62, "instrument_name": "BTC-26MAR21-80000-C", "index_price": 57989.03, "direction": "sell", "amount": 0.1}, {"trade_seq": 3845, "trade_id": "136891144", "timestamp": 1616057830291, "tick_direction": 3, "price": 0.0015, "mark_price": 0.00167139, "iv": 106.55, "instrument_name": "BTC-26MAR21-80000-C", "index_price": 58002.94, "direction": "sell", "amount": 0.1}, {"trade_seq": 3844, "trade_id": "136891143", "timestamp": 1616057830250, "tick_direction": 3, "price": 0.0015, "mark_price": 0.00167139, "iv": 106.55, "instrument_name": "BTC-26MAR21-80000-C", "index_price": 58002.94, "direction": "sell", "amount": 0.1}, {"trade_seq": 3843, "trade_id": "136891142", "timestamp": 1616057829990, "tick_direction": 2, "price": 0.0015, "mark_price": 0.00167139, "iv": 106.55, "instrument_name": "BTC-26MAR21-80000-C", "index_price": 58002.94, "direction": "sell", "amount": 0.1}, {"trade_seq": 3842, "trade_id": "136805771", "timestamp": 1616022227012, "tick_direction": 1, "price": 0.0045, "mark_price": 0.00232527, "iv": 123.76, "instrument_name": "BTC-26MAR21-80000-C", "index_price": 58500.6, "direction": "buy", "amount": 10.4}, {"trade_seq": 3841, "trade_id": "136805770", "timestamp": 1616022227012, "tick_direction": 1, "price": 0.0045, "mark_price": 0.00232527, "iv": 123.76, "instrument_name": "BTC-26MAR21-80000-C", "index_price": 58500.6, "direction": "buy", "amount": 29.0}, {"trade_seq": 3840, "trade_id": "136805769", "timestamp": 1616022227012, "tick_direction": 0, "price": 0.0045, "mark_price": 0.00232527, "iv": 123.76, "instrument_name": "BTC-26MAR21-80000-C", "index_price": 58500.6, "direction": "buy", "amount": 6.0}, {"trade_seq": 3839, "trade_id": "136805768", "timestamp": 1616022227012, "tick_direction": 1, "price": 0.004, "mark_price": 0.00232527, "iv": 120.89, "instrument_name": "BTC-26MAR21-80000-C", "index_price": 58500.6, "direction": "buy", "amount": 3.0}, {"trade_seq": 3838, "trade_id": "136805767", "timestamp": 1616022227012, "tick_direction": 0, "price": 0.004, "mark_price": 0.00232527, "iv": 120.89, "instrument_name": "BTC-26MAR21-80000-C", "index_price": 58500.6, "direction": "buy", "amount": 25.0}, {"trade_seq": 3837, "trade_id": "136805766", "timestamp": 1616022227012, "tick_direction": 0, "price": 0.0035, "mark_price": 0.00232527, "iv": 117.82, "instrument_name": "BTC-26MAR21-80000-C", "index_price": 58500.6, "direction": "buy", "amount": 25.0}, {"trade_seq": 3836, "trade_id": "136805765", "timestamp": 1616022227012, "tick_direction": 2, "price": 0.003, "mark_price": 0.00232527, "iv": 114.48, "instrument_name": "BTC-26MAR21-80000-C", "index_price": 58500.6, "direction": "buy", "amount": 1.6}, {"trade_seq": 3835, "trade_id": "136805747", "timestamp": 1616022206462, "tick_direction": 0, "price": 0.0045, "mark_price": 0.00232607, "iv": 123.73, "instrument_name": "BTC-26MAR21-80000-C", "index_price": 58508.14, "direction": "buy", "amount": 46.0}, {"trade_seq": 3834, "trade_id": "136805746", "timestamp": 1616022206462, "tick_direction": 0, "price": 0.0035, "mark_price": 0.00232607, "iv": 117.78, "instrument_name": "BTC-26MAR21-80000-C", "index_price": 58508.14, "direction": "buy", "amount": 25.0}, {"trade_seq": 3833, "trade_id": "136805745", "timestamp": 1616022206462, "tick_direction": 1, "price": 0.003, "mark_price": 0.00232607, "iv": 114.44, "instrument_name": "BTC-26MAR21-80000-C", "index_price": 58508.14, "direction": "buy", "amount": 25.0}, {"trade_seq": 3832, "trade_id": "136805744", "timestamp": 1616022206462, "tick_direction": 1, "price": 0.003, "mark_price": 0.00232607, "iv": 114.44, "instrument_name": "BTC-26MAR21-80000-C", "index_price": 58508.14, "direction": "buy", "amount": 1.0}, {"trade_seq": 3831, "trade_id": "136805743", "timestamp": 1616022206462, "tick_direction": 1, "price": 0.003, "mark_price": 0.00232607, "iv": 114.44, "instrument_name": "BTC-26MAR21-80000-C", "index_price": 58508.14, "direction": "buy", "amount": 3.0}, {"trade_seq": 3830, "trade_id": "136796720", "timestamp": 1616020273992, "tick_direction": 0, "price": 0.003, "mark_price": 0.00295621, "iv": 112.98, "instrument_name": "BTC-26MAR21-80000-C", "index_price": 58817.12, "direction": "buy", "amount": 15.0}, {"trade_seq": 3829, "trade_id": "136794668", "timestamp": 1616019864219, "tick_direction": 3, "price": 0.0025, "mark_price": 0.00294835, "iv": 110.07, "instrument_name": "BTC-26MAR21-80000-C", "index_price": 58640.04, "direction": "sell", "amount": 0.1}, {"trade_seq": 3828, "trade_id": "136783752", "timestamp": 1616017350449, "tick_direction": 2, "price": 0.0025, "mark_price": 0.00270188, "iv": 111.01, "instrument_name": "BTC-26MAR21-80000-C", "index_price": 58396.83, "direction": "sell", "block_trade_id": "9440", "amount": 12.5}, {"trade_seq": 3827, "trade_id": "136732898", "timestamp": 1616006969850, "tick_direction": 1, "price": 0.003, "mark_price": 0.00296874, "iv": 119.64, "instrument_name": "BTC-26MAR21-80000-C", "index_price": 57221.41, "direction": "sell", "amount": 8.0}, {"trade_seq": 3826, "trade_id": "136730339", "timestamp": 1616006626560, "tick_direction": 1, "price": 0.003, "mark_price": 0.00285266, "iv": 119.24, "instrument_name": "BTC-26MAR21-80000-C", "index_price": 57290.31, "direction": "buy", "amount": 5.0}, {"trade_seq": 3825, "trade_id": "136730338", "timestamp": 1616006626560, "tick_direction": 1, "price": 0.003, "mark_price": 0.00285266, "iv": 119.24, "instrument_name": "BTC-26MAR21-80000-C", "index_price": 57290.31, "direction": "buy", "amount": 1.0}, {"trade_seq": 3824, "trade_id": "136730337", "timestamp": 1616006626560, "tick_direction": 0, "price": 0.003, "mark_price": 0.00285266, "iv": 119.24, "instrument_name": "BTC-26MAR21-80000-C", "index_price": 57290.31, "direction": "buy", "amount": 1.0}, {"trade_seq": 3823, "trade_id": "136683372", "timestamp": 1615993417574, "tick_direction": 3, "price": 0.002, "mark_price": 0.00213244, "iv": 123.99, "instrument_name": "BTC-26MAR21-80000-C", "index_price": 54478.92, "direction": "sell", "amount": 40.7}, {"trade_seq": 3822, "trade_id": "136682995", "timestamp": 1615993347412, "tick_direction": 3, "price": 0.002, "mark_price": 0.00205786, "iv": 124.47, "instrument_name": "BTC-26MAR21-80000-C", "index_price": 54377.44, "direction": "sell", "amount": 0.1}, {"trade_seq": 3821, "trade_id": "136682841", "timestamp": 1615993328796, "tick_direction": 3, "price": 0.002, "mark_price": 0.00206954, "iv": 124.31, "instrument_name": "BTC-26MAR21-80000-C", "index_price": 54407.41, "direction": "sell", "amount": 0.2}, {"trade_seq": 3820, "trade_id": "136682840", "timestamp": 1615993328748, "tick_direction": 3, "price": 0.002, "mark_price": 0.00206954, "iv": 124.31, "instrument_name": "BTC-26MAR21-80000-C", "index_price": 54407.41, "direction": "sell", "amount": 0.1}, {"trade_seq": 3819, "trade_id": "136682770", "timestamp": 1615993324106, "tick_direction": 3, "price": 0.002, "mark_price": 0.00207817, "iv": 124.2, "instrument_name": "BTC-26MAR21-80000-C", "index_price": 54439.52, "direction": "sell", "amount": 0.1}, {"trade_seq": 3818, "trade_id": "136682769", "timestamp": 1615993324088, "tick_direction": 3, "price": 0.002, "mark_price": 0.00207817, "iv": 124.2, "instrument_name": "BTC-26MAR21-80000-C", "index_price": 54439.52, "direction": "sell", "amount": 0.1}, {"trade_seq": 3817, "trade_id": "136682768", "timestamp": 1615993323937, "tick_direction": 3, "price": 0.002, "mark_price": 0.00207817, "iv": 124.2, "instrument_name": "BTC-26MAR21-80000-C", "index_price": 54439.52, "direction": "sell", "amount": 0.1}, {"trade_seq": 3816, "trade_id": "136682737", "timestamp": 1615993321777, "tick_direction": 3, "price": 0.002, "mark_price": 0.00208238, "iv": 124.18, "instrument_name": "BTC-26MAR21-80000-C", "index_price": 54440.75, "direction": "sell", "amount": 0.1}, {"trade_seq": 3815, "trade_id": "136682722", "timestamp": 1615993320380, "tick_direction": 3, "price": 0.002, "mark_price": 0.00208264, "iv": 124.15, "instrument_name": "BTC-26MAR21-80000-C", "index_price": 54449.14, "direction": "sell", "amount": 0.1}, {"trade_seq": 3814, "trade_id": "136682362", "timestamp": 1615993288782, "tick_direction": 3, "price": 0.002, "mark_price": 0.00208112, "iv": 124.09, "instrument_name": "BTC-26MAR21-80000-C", "index_price": 54437.43, "direction": "sell", "amount": 0.1}, {"trade_seq": 3813, "trade_id": "136682352", "timestamp": 1615993285097, "tick_direction": 3, "price": 0.002, "mark_price": 0.00208112, "iv": 124.06, "instrument_name": "BTC-26MAR21-80000-C", "index_price": 54437.8, "direction": "sell", "amount": 0.1}, {"trade_seq": 3812, "trade_id": "136682328", "timestamp": 1615993283516, "tick_direction": 3, "price": 0.002, "mark_price": 0.00208481, "iv": 124.06, "instrument_name": "BTC-26MAR21-80000-C", "index_price": 54441.2, "direction": "sell", "amount": 0.1}, {"trade_seq": 3811, "trade_id": "136682305", "timestamp": 1615993282301, "tick_direction": 3, "price": 0.002, "mark_price": 0.00208541, "iv": 124.02, "instrument_name": "BTC-26MAR21-80000-C", "index_price": 54440.82, "direction": "sell", "amount": 0.1}, {"trade_seq": 3810, "trade_id": "136682304", "timestamp": 1615993282240, "tick_direction": 3, "price": 0.002, "mark_price": 0.00208541, "iv": 124.01, "instrument_name": "BTC-26MAR21-80000-C", "index_price": 54448.84, "direction": "sell", "amount": 0.2}, {"trade_seq": 3809, "trade_id": "136682278", "timestamp": 1615993279855, "tick_direction": 3, "price": 0.002, "mark_price": 0.00208618, "iv": 124.0, "instrument_name": "BTC-26MAR21-80000-C", "index_price": 54452.08, "direction": "sell", "amount": 0.1}, {"trade_seq": 3808, "trade_id": "136682277", "timestamp": 1615993279775, "tick_direction": 3, "price": 0.002, "mark_price": 0.00208488, "iv": 124.0, "instrument_name": "BTC-26MAR21-80000-C", "index_price": 54452.08, "direction": "sell", "amount": 0.1}, {"trade_seq": 3807, "trade_id": "136682276", "timestamp": 1615993279754, "tick_direction": 3, "price": 0.002, "mark_price": 0.00208488, "iv": 124.0, "instrument_name": "BTC-26MAR21-80000-C", "index_price": 54452.08, "direction": "sell", "amount": 0.2}, {"trade_seq": 3806, "trade_id": "136682273", "timestamp": 1615993278956, "tick_direction": 3, "price": 0.002, "mark_price": 0.00208488, "iv": 124.01, "instrument_name": "BTC-26MAR21-80000-C", "index_price": 54451.05, "direction": "sell", "amount": 0.1}, {"trade_seq": 3805, "trade_id": "136682272", "timestamp": 1615993278890, "tick_direction": 3, "price": 0.002, "mark_price": 0.00208488, "iv": 124.01, "instrument_name": "BTC-26MAR21-80000-C", "index_price": 54451.05, "direction": "sell", "amount": 0.4}, {"trade_seq": 3804, "trade_id": "136682261", "timestamp": 1615993275591, "tick_direction": 3, "price": 0.002, "mark_price": 0.0020929, "iv": 123.97, "instrument_name": "BTC-26MAR21-80000-C", "index_price": 54458.73, "direction": "sell", "amount": 0.1}, {"trade_seq": 3803, "trade_id": "136682259", "timestamp": 1615993275387, "tick_direction": 3, "price": 0.002, "mark_price": 0.0020929, "iv": 123.97, "instrument_name": "BTC-26MAR21-80000-C", "index_price": 54458.73, "direction": "sell", "amount": 0.2}, {"trade_seq": 3802, "trade_id": "136682258", "timestamp": 1615993275310, "tick_direction": 3, "price": 0.002, "mark_price": 0.0020929, "iv": 123.97, "instrument_name": "BTC-26MAR21-80000-C", "index_price": 54458.73, "direction": "sell", "amount": 0.4}, {"trade_seq": 3801, "trade_id": "136682232", "timestamp": 1615993271135, "tick_direction": 3, "price": 0.002, "mark_price": 0.0020882, "iv": 123.96, "instrument_name": "BTC-26MAR21-80000-C", "index_price": 54465.95, "direction": "sell", "amount": 0.1}, {"trade_seq": 3800, "trade_id": "136682230", "timestamp": 1615993270497, "tick_direction": 3, "price": 0.002, "mark_price": 0.0020966, "iv": 123.96, "instrument_name": "BTC-26MAR21-80000-C", "index_price": 54465.95, "direction": "sell", "amount": 0.1}, {"trade_seq": 3799, "trade_id": "136682229", "timestamp": 1615993270457, "tick_direction": 3, "price": 0.002, "mark_price": 0.0020966, "iv": 123.9, "instrument_name": "BTC-26MAR21-80000-C", "index_price": 54465.95, "direction": "sell", "amount": 0.2}, {"trade_seq": 3798, "trade_id": "136682228", "timestamp": 1615993270429, "tick_direction": 3, "price": 0.002, "mark_price": 0.0020966, "iv": 123.9, "instrument_name": "BTC-26MAR21-80000-C", "index_price": 54465.95, "direction": "sell", "amount": 0.5}, {"trade_seq": 3797, "trade_id": "136670001", "timestamp": 1615989244825, "tick_direction": 3, "price": 0.002, "mark_price": 0.00241283, "iv": 121.29, "instrument_name": "BTC-26MAR21-80000-C", "index_price": 54934.28, "direction": "sell", "amount": 0.1}, {"trade_seq": 3796, "trade_id": "136658224", "timestamp": 1615984966767, "tick_direction": 3, "price": 0.002, "mark_price": 0.00251825, "iv": 119.43, "instrument_name": "BTC-26MAR21-80000-C", "index_price": 55225.9, "direction": "sell", "amount": 1.0}, {"trade_seq": 3795, "trade_id": "136650164", "timestamp": 1615983312471, "tick_direction": 3, "price": 0.002, "mark_price": 0.0020024, "iv": 124.64, "instrument_name": "BTC-26MAR21-80000-C", "index_price": 54192.03, "direction": "sell", "amount": 0.1}, {"trade_seq": 3794, "trade_id": "136649867", "timestamp": 1615983302096, "tick_direction": 3, "price": 0.002, "mark_price": 0.00205647, "iv": 124.09, "instrument_name": "BTC-26MAR21-80000-C", "index_price": 54291.39, "direction": "sell", "amount": 0.1}, {"trade_seq": 3793, "trade_id": "136649797", "timestamp": 1615983299883, "tick_direction": 3, "price": 0.002, "mark_price": 0.00206853, "iv": 123.97, "instrument_name": "BTC-26MAR21-80000-C", "index_price": 54307.44, "direction": "sell", "amount": 0.1}, {"trade_seq": 3792, "trade_id": "136649182", "timestamp": 1615983185551, "tick_direction": 3, "price": 0.002, "mark_price": 0.00203601, "iv": 123.93, "instrument_name": "BTC-26MAR21-80000-C", "index_price": 54325.11, "direction": "sell", "amount": 0.1}, {"trade_seq": 3791, "trade_id": "136649181", "timestamp": 1615983185452, "tick_direction": 3, "price": 0.002, "mark_price": 0.00203601, "iv": 123.93, "instrument_name": "BTC-26MAR21-80000-C", "index_price": 54325.11, "direction": "sell", "amount": 0.1}, {"trade_seq": 3790, "trade_id": "136649172", "timestamp": 1615983185313, "tick_direction": 3, "price": 0.002, "mark_price": 0.00203601, "iv": 123.93, "instrument_name": "BTC-26MAR21-80000-C", "index_price": 54325.11, "direction": "sell", "amount": 0.1}, {"trade_seq": 3789, "trade_id": "136649158", "timestamp": 1615983184985, "tick_direction": 3, "price": 0.002, "mark_price": 0.00203631, "iv": 123.93, "instrument_name": "BTC-26MAR21-80000-C", "index_price": 54325.11, "direction": "sell", "amount": 0.2}, {"trade_seq": 3788, "trade_id": "136648617", "timestamp": 1615983132396, "tick_direction": 3, "price": 0.002, "mark_price": 0.00203366, "iv": 123.74, "instrument_name": "BTC-26MAR21-80000-C", "index_price": 54341.85, "direction": "sell", "amount": 0.1}, {"trade_seq": 3787, "trade_id": "136648572", "timestamp": 1615983131633, "tick_direction": 3, "price": 0.002, "mark_price": 0.00204494, "iv": 123.74, "instrument_name": "BTC-26MAR21-80000-C", "index_price": 54341.85, "direction": "sell", "amount": 0.1}, {"trade_seq": 3786, "trade_id": "136648355", "timestamp": 1615983128123, "tick_direction": 3, "price": 0.002, "mark_price": 0.00205144, "iv": 123.55, "instrument_name": "BTC-26MAR21-80000-C", "index_price": 54401.6, "direction": "sell", "amount": 0.1}, {"trade_seq": 3785, "trade_id": "136648354", "timestamp": 1615983127962, "tick_direction": 3, "price": 0.002, "mark_price": 0.00205144, "iv": 123.55, "instrument_name": "BTC-26MAR21-80000-C", "index_price": 54401.6, "direction": "sell", "amount": 0.1}, {"trade_seq": 3784, "trade_id": "136648351", "timestamp": 1615983127914, "tick_direction": 3, "price": 0.002, "mark_price": 0.0020548, "iv": 123.55, "instrument_name": "BTC-26MAR21-80000-C", "index_price": 54401.6, "direction": "sell", "amount": 0.1}, {"trade_seq": 3783, "trade_id": "136648286", "timestamp": 1615983126779, "tick_direction": 3, "price": 0.002, "mark_price": 0.00206172, "iv": 123.51, "instrument_name": "BTC-26MAR21-80000-C", "index_price": 54405.42, "direction": "sell", "amount": 0.1}, {"trade_seq": 3782, "trade_id": "136648219", "timestamp": 1615983126278, "tick_direction": 3, "price": 0.002, "mark_price": 0.00206172, "iv": 123.44, "instrument_name": "BTC-26MAR21-80000-C", "index_price": 54413.66, "direction": "sell", "amount": 0.1}, {"trade_seq": 3781, "trade_id": "136648163", "timestamp": 1615983125562, "tick_direction": 3, "price": 0.002, "mark_price": 0.00206674, "iv": 123.44, "instrument_name": "BTC-26MAR21-80000-C", "index_price": 54413.66, "direction": "sell", "amount": 0.1}, {"trade_seq": 3780, "trade_id": "136648124", "timestamp": 1615983123654, "tick_direction": 3, "price": 0.002, "mark_price": 0.00207344, "iv": 123.32, "instrument_name": "BTC-26MAR21-80000-C", "index_price": 54438.46, "direction": "sell", "amount": 0.1}, {"trade_seq": 3779, "trade_id": "136648123", "timestamp": 1615983123616, "tick_direction": 3, "price": 0.002, "mark_price": 0.00207344, "iv": 123.32, "instrument_name": "BTC-26MAR21-80000-C", "index_price": 54438.46, "direction": "sell", "amount": 0.1}, {"trade_seq": 3778, "trade_id": "136648094", "timestamp": 1615983123091, "tick_direction": 3, "price": 0.002, "mark_price": 0.00207344, "iv": 123.32, "instrument_name": "BTC-26MAR21-80000-C", "index_price": 54452.42, "direction": "sell", "amount": 0.2}, {"trade_seq": 3777, "trade_id": "136648080", "timestamp": 1615983121676, "tick_direction": 3, "price": 0.002, "mark_price": 0.00208269, "iv": 123.32, "instrument_name": "BTC-26MAR21-80000-C", "index_price": 54451.22, "direction": "sell", "amount": 0.1}, {"trade_seq": 3776, "trade_id": "136648070", "timestamp": 1615983120781, "tick_direction": 3, "price": 0.002, "mark_price": 0.00207976, "iv": 123.23, "instrument_name": "BTC-26MAR21-80000-C", "index_price": 54452.9, "direction": "sell", "amount": 0.1}, {"trade_seq": 3775, "trade_id": "136648057", "timestamp": 1615983118694, "tick_direction": 3, "price": 0.002, "mark_price": 0.00208631, "iv": 123.25, "instrument_name": "BTC-26MAR21-80000-C", "index_price": 54464.56, "direction": "sell", "amount": 0.3}, {"trade_seq": 3774, "trade_id": "136648056", "timestamp": 1615983118527, "tick_direction": 3, "price": 0.002, "mark_price": 0.00208631, "iv": 123.25, "instrument_name": "BTC-26MAR21-80000-C", "index_price": 54464.56, "direction": "sell", "amount": 0.1}, {"trade_seq": 3773, "trade_id": "136648055", "timestamp": 1615983118523, "tick_direction": 3, "price": 0.002, "mark_price": 0.00208631, "iv": 123.25, "instrument_name": "BTC-26MAR21-80000-C", "index_price": 54464.56, "direction": "sell", "amount": 0.3}, {"trade_seq": 3772, "trade_id": "136648054", "timestamp": 1615983118298, "tick_direction": 3, "price": 0.002, "mark_price": 0.00208631, "iv": 123.19, "instrument_name": "BTC-26MAR21-80000-C", "index_price": 54464.85, "direction": "sell", "amount": 0.1}, {"trade_seq": 3771, "trade_id": "136627081", "timestamp": 1615975863846, "tick_direction": 3, "price": 0.002, "mark_price": 0.00229227, "iv": 119.91, "instrument_name": "BTC-26MAR21-80000-C", "index_price": 55008.51, "direction": "sell", "amount": 0.1}, {"trade_seq": 3770, "trade_id": "136627001", "timestamp": 1615975797811, "tick_direction": 3, "price": 0.002, "mark_price": 0.00228858, "iv": 120.0, "instrument_name": "BTC-26MAR21-80000-C", "index_price": 54984.67, "direction": "sell", "amount": 1.0}, {"trade_seq": 3769, "trade_id": "136626959", "timestamp": 1615975776126, "tick_direction": 2, "price": 0.002, "mark_price": 0.00230727, "iv": 119.86, "instrument_name": "BTC-26MAR21-80000-C", "index_price": 55011.03, "direction": "sell", "amount": 0.1}, {"trade_seq": 3768, "trade_id": "136611450", "timestamp": 1615973423501, "tick_direction": 3, "price": 0.0025, "mark_price": 0.00266662, "iv": 121.38, "instrument_name": "BTC-26MAR21-80000-C", "index_price": 55538.36, "direction": "sell", "amount": 0.1}, {"trade_seq": 3767, "trade_id": "136611448", "timestamp": 1615973423382, "tick_direction": 3, "price": 0.0025, "mark_price": 0.00266662, "iv": 121.38, "instrument_name": "BTC-26MAR21-80000-C", "index_price": 55538.36, "direction": "sell", "amount": 0.1}, {"trade_seq": 3766, "trade_id": "136611352", "timestamp": 1615973416798, "tick_direction": 3, "price": 0.0025, "mark_price": 0.00268334, "iv": 121.25, "instrument_name": "BTC-26MAR21-80000-C", "index_price": 55566.57, "direction": "sell", "amount": 0.1}, {"trade_seq": 3765, "trade_id": "136611244", "timestamp": 1615973407546, "tick_direction": 3, "price": 0.0025, "mark_price": 0.00271761, "iv": 121.01, "instrument_name": "BTC-26MAR21-80000-C", "index_price": 55611.02, "direction": "sell", "amount": 0.1}, {"trade_seq": 3764, "trade_id": "136610694", "timestamp": 1615973127262, "tick_direction": 3, "price": 0.0025, "mark_price": 0.00268878, "iv": 121.14, "instrument_name": "BTC-26MAR21-80000-C", "index_price": 55580.54, "direction": "sell", "amount": 0.1}, {"trade_seq": 3763, "trade_id": "136610585", "timestamp": 1615973034124, "tick_direction": 3, "price": 0.0025, "mark_price": 0.0026775, "iv": 121.13, "instrument_name": "BTC-26MAR21-80000-C", "index_price": 55571.57, "direction": "sell", "amount": 0.1}, {"trade_seq": 3762, "trade_id": "136610581", "timestamp": 1615973020962, "tick_direction": 3, "price": 0.0025, "mark_price": 0.00267581, "iv": 121.12, "instrument_name": "BTC-26MAR21-80000-C", "index_price": 55572.81, "direction": "sell", "amount": 0.1}, {"trade_seq": 3761, "trade_id": "136610579", "timestamp": 1615973016250, "tick_direction": 3, "price": 0.0025, "mark_price": 0.00267534, "iv": 121.12, "instrument_name": "BTC-26MAR21-80000-C", "index_price": 55574.59, "direction": "sell", "amount": 0.1}, {"trade_seq": 3760, "trade_id": "136610555", "timestamp": 1615973008306, "tick_direction": 3, "price": 0.0025, "mark_price": 0.00268133, "iv": 121.08, "instrument_name": "BTC-26MAR21-80000-C", "index_price": 55580.76, "direction": "sell", "amount": 0.1}, {"trade_seq": 3759, "trade_id": "136610552", "timestamp": 1615973005477, "tick_direction": 3, "price": 0.0025, "mark_price": 0.00268791, "iv": 121.02, "instrument_name": "BTC-26MAR21-80000-C", "index_price": 55592.47, "direction": "sell", "amount": 0.1}, {"trade_seq": 3758, "trade_id": "136592852", "timestamp": 1615964560844, "tick_direction": 3, "price": 0.0025, "mark_price": 0.00277697, "iv": 116.97, "instrument_name": "BTC-26MAR21-80000-C", "index_price": 56291.41, "direction": "sell", "amount": 0.2}, {"trade_seq": 3757, "trade_id": "136592851", "timestamp": 1615964560844, "tick_direction": 3, "price": 0.0025, "mark_price": 0.00277697, "iv": 116.97, "instrument_name": "BTC-26MAR21-80000-C", "index_price": 56291.41, "direction": "sell", "amount": 0.1}, {"trade_seq": 3756, "trade_id": "136578923", "timestamp": 1615958437403, "tick_direction": 3, "price": 0.0025, "mark_price": 0.00223963, "iv": 120.86, "instrument_name": "BTC-26MAR21-80000-C", "index_price": 55419.31, "direction": "buy", "amount": 0.1}, {"trade_seq": 3755, "trade_id": "136551300", "timestamp": 1615946766151, "tick_direction": 3, "price": 0.0025, "mark_price": 0.0026902, "iv": 116.69, "instrument_name": "BTC-26MAR21-80000-C", "index_price": 56137.02, "direction": "sell", "amount": 1.0}, {"trade_seq": 3754, "trade_id": "136549658", "timestamp": 1615945519302, "tick_direction": 2, "price": 0.0025, "mark_price": 0.00274718, "iv": 116.12, "instrument_name": "BTC-26MAR21-80000-C", "index_price": 56240.44, "direction": "sell", "amount": 1.0}, {"trade_seq": 3753, "trade_id": "136530016", "timestamp": 1615937520985, "tick_direction": 1, "price": 0.003, "mark_price": 0.0030604, "iv": 119.11, "instrument_name": "BTC-26MAR21-80000-C", "index_price": 56259.86, "direction": "sell", "amount": 0.1}, {"trade_seq": 3752, "trade_id": "136530001", "timestamp": 1615937518398, "tick_direction": 1, "price": 0.003, "mark_price": 0.00306039, "iv": 119.09, "instrument_name": "BTC-26MAR21-80000-C", "index_price": 56263.31, "direction": "sell", "amount": 0.1}, {"trade_seq": 3751, "trade_id": "136529971", "timestamp": 1615937486020, "tick_direction": 1, "price": 0.003, "mark_price": 0.00305235, "iv": 119.06, "instrument_name": "BTC-26MAR21-80000-C", "index_price": 56272.24, "direction": "sell", "amount": 0.1}, {"trade_seq": 3750, "trade_id": "136529967", "timestamp": 1615937480926, "tick_direction": 1, "price": 0.003, "mark_price": 0.00305576, "iv": 119.05, "instrument_name": "BTC-26MAR21-80000-C", "index_price": 56271.37, "direction": "sell", "amount": 0.1}, {"trade_seq": 3749, "trade_id": "136529939", "timestamp": 1615937474776, "tick_direction": 1, "price": 0.003, "mark_price": 0.00305153, "iv": 119.04, "instrument_name": "BTC-26MAR21-80000-C", "index_price": 56276.84, "direction": "sell", "amount": 0.1}, {"trade_seq": 3748, "trade_id": "136529935", "timestamp": 1615937471082, "tick_direction": 1, "price": 0.003, "mark_price": 0.00305078, "iv": 119.04, "instrument_name": "BTC-26MAR21-80000-C", "index_price": 56276.71, "direction": "sell", "amount": 0.1}, {"trade_seq": 3747, "trade_id": "136529932", "timestamp": 1615937466435, "tick_direction": 1, "price": 0.003, "mark_price": 0.00304937, "iv": 119.03, "instrument_name": "BTC-26MAR21-80000-C", "index_price": 56281.99, "direction": "sell", "amount": 0.1}, {"trade_seq": 3746, "trade_id": "136529931", "timestamp": 1615937466104, "tick_direction": 1, "price": 0.003, "mark_price": 0.00305306, "iv": 119.03, "instrument_name": "BTC-26MAR21-80000-C", "index_price": 56281.99, "direction": "sell", "amount": 0.1}, {"trade_seq": 3745, "trade_id": "136529924", "timestamp": 1615937456169, "tick_direction": 1, "price": 0.003, "mark_price": 0.00304556, "iv": 119.03, "instrument_name": "BTC-26MAR21-80000-C", "index_price": 56282.3, "direction": "sell", "amount": 0.2}, {"trade_seq": 3744, "trade_id": "136529879", "timestamp": 1615937401813, "tick_direction": 1, "price": 0.003, "mark_price": 0.00306158, "iv": 118.82, "instrument_name": "BTC-26MAR21-80000-C", "index_price": 56303.45, "direction": "sell", "amount": 0.1}, {"trade_seq": 3743, "trade_id": "136529835", "timestamp": 1615937356193, "tick_direction": 1, "price": 0.003, "mark_price": 0.00303989, "iv": 118.8, "instrument_name": "BTC-26MAR21-80000-C", "index_price": 56311.35, "direction": "sell", "amount": 0.1}, {"trade_seq": 3742, "trade_id": "136529827", "timestamp": 1615937348619, "tick_direction": 1, "price": 0.003, "mark_price": 0.00305178, "iv": 118.71, "instrument_name": "BTC-26MAR21-80000-C", "index_price": 56320.03, "direction": "sell", "amount": 0.1}, {"trade_seq": 3741, "trade_id": "136529804", "timestamp": 1615937337534, "tick_direction": 1, "price": 0.003, "mark_price": 0.00306048, "iv": 118.62, "instrument_name": "BTC-26MAR21-80000-C", "index_price": 56341.5, "direction": "sell", "amount": 0.1}, {"trade_seq": 3740, "trade_id": "136529803", "timestamp": 1615937337488, "tick_direction": 1, "price": 0.003, "mark_price": 0.00306048, "iv": 118.62, "instrument_name": "BTC-26MAR21-80000-C", "index_price": 56341.5, "direction": "sell", "amount": 0.1}, {"trade_seq": 3739, "trade_id": "136529802", "timestamp": 1615937337291, "tick_direction": 1, "price": 0.003, "mark_price": 0.00306048, "iv": 118.62, "instrument_name": "BTC-26MAR21-80000-C", "index_price": 56341.5, "direction": "sell", "amount": 0.1}, {"trade_seq": 3738, "trade_id": "136529779", "timestamp": 1615937331379, "tick_direction": 1, "price": 0.003, "mark_price": 0.00305853, "iv": 118.62, "instrument_name": "BTC-26MAR21-80000-C", "index_price": 56343.87, "direction": "sell", "amount": 0.1}, {"trade_seq": 3737, "trade_id": "136529638", "timestamp": 1615937220382, "tick_direction": 1, "price": 0.003, "mark_price": 0.00310506, "iv": 118.04, "instrument_name": "BTC-26MAR21-80000-C", "index_price": 56436.3, "direction": "sell", "amount": 0.1}, {"trade_seq": 3736, "trade_id": "136528770", "timestamp": 1615936566712, "tick_direction": 1, "price": 0.003, "mark_price": 0.0027938, "iv": 118.1, "instrument_name": "BTC-26MAR21-80000-C", "index_price": 56444.66, "direction": "sell", "amount": 0.1}, {"trade_seq": 3735, "trade_id": "136528748", "timestamp": 1615936546168, "tick_direction": 1, "price": 0.003, "mark_price": 0.00277526, "iv": 118.11, "instrument_name": "BTC-26MAR21-80000-C", "index_price": 56440.95, "direction": "sell", "amount": 0.7}, {"trade_seq": 3734, "trade_id": "136528747", "timestamp": 1615936546165, "tick_direction": 1, "price": 0.003, "mark_price": 0.00277526, "iv": 118.11, "instrument_name": "BTC-26MAR21-80000-C", "index_price": 56440.95, "direction": "buy", "amount": 0.4}, {"trade_seq": 3733, "trade_id": "136519839", "timestamp": 1615932049437, "tick_direction": 1, "price": 0.003, "mark_price": 0.00283988, "iv": 117.05, "instrument_name": "BTC-26MAR21-80000-C", "index_price": 56593.77, "direction": "buy", "amount": 0.1}, {"trade_seq": 3732, "trade_id": "136519834", "timestamp": 1615932049288, "tick_direction": 1, "price": 0.003, "mark_price": 0.00283988, "iv": 117.05, "instrument_name": "BTC-26MAR21-80000-C", "index_price": 56593.77, "direction": "buy", "amount": 0.1}, {"trade_seq": 3731, "trade_id": "136519770", "timestamp": 1615932037066, "tick_direction": 1, "price": 0.003, "mark_price": 0.00282921, "iv": 117.15, "instrument_name": "BTC-26MAR21-80000-C", "index_price": 56568.81, "direction": "buy", "amount": 0.1}, {"trade_seq": 3730, "trade_id": "136517880", "timestamp": 1615930315456, "tick_direction": 1, "price": 0.003, "mark_price": 0.00276919, "iv": 117.83, "instrument_name": "BTC-26MAR21-80000-C", "index_price": 56424.79, "direction": "buy", "amount": 2.0}, {"trade_seq": 3729, "trade_id": "136516263", "timestamp": 1615929380338, "tick_direction": 1, "price": 0.003, "mark_price": 0.00285523, "iv": 116.92, "instrument_name": "BTC-26MAR21-80000-C", "index_price": 56561.07, "direction": "buy", "amount": 0.1}, {"trade_seq": 3728, "trade_id": "136516147", "timestamp": 1615929360420, "tick_direction": 1, "price": 0.003, "mark_price": 0.00281396, "iv": 117.24, "instrument_name": "BTC-26MAR21-80000-C", "index_price": 56493.42, "direction": "buy", "amount": 0.1}, {"trade_seq": 3727, "trade_id": "136516073", "timestamp": 1615929354971, "tick_direction": 1, "price": 0.003, "mark_price": 0.00278384, "iv": 117.47, "instrument_name": "BTC-26MAR21-80000-C", "index_price": 56460.68, "direction": "buy", "amount": 0.1}, {"trade_seq": 3726, "trade_id": "136515831", "timestamp": 1615929243957, "tick_direction": 1, "price": 0.003, "mark_price": 0.00277223, "iv": 117.59, "instrument_name": "BTC-26MAR21-80000-C", "index_price": 56411.02, "direction": "buy", "amount": 0.1}, {"trade_seq": 3725, "trade_id": "136515830", "timestamp": 1615929243742, "tick_direction": 1, "price": 0.003, "mark_price": 0.00277223, "iv": 117.59, "instrument_name": "BTC-26MAR21-80000-C", "index_price": 56411.02, "direction": "buy", "amount": 0.1}, {"trade_seq": 3724, "trade_id": "136515772", "timestamp": 1615929212597, "tick_direction": 1, "price": 0.003, "mark_price": 0.00276957, "iv": 117.62, "instrument_name": "BTC-26MAR21-80000-C", "index_price": 56405.41, "direction": "buy", "amount": 0.1}, {"trade_seq": 3723, "trade_id": "136515771", "timestamp": 1615929212385, "tick_direction": 1, "price": 0.003, "mark_price": 0.00276957, "iv": 117.62, "instrument_name": "BTC-26MAR21-80000-C", "index_price": 56405.41, "direction": "buy", "amount": 0.3}, {"trade_seq": 3722, "trade_id": "136510668", "timestamp": 1615926278264, "tick_direction": 1, "price": 0.003, "mark_price": 0.00284863, "iv": 117.61, "instrument_name": "BTC-26MAR21-80000-C", "index_price": 56325.11, "direction": "buy", "amount": 0.2}, {"trade_seq": 3721, "trade_id": "136510653", "timestamp": 1615926268626, "tick_direction": 1, "price": 0.003, "mark_price": 0.00284308, "iv": 117.63, "instrument_name": "BTC-26MAR21-80000-C", "index_price": 56318.84, "direction": "buy", "amount": 0.1}, {"trade_seq": 3720, "trade_id": "136510649", "timestamp": 1615926264750, "tick_direction": 1, "price": 0.003, "mark_price": 0.00284117, "iv": 117.68, "instrument_name": "BTC-26MAR21-80000-C", "index_price": 56312.37, "direction": "buy", "amount": 0.1}, {"trade_seq": 3719, "trade_id": "136510648", "timestamp": 1615926264559, "tick_direction": 1, "price": 0.003, "mark_price": 0.00283966, "iv": 117.68, "instrument_name": "BTC-26MAR21-80000-C", "index_price": 56312.37, "direction": "buy", "amount": 0.1}, {"trade_seq": 3718, "trade_id": "136510644", "timestamp": 1615926261656, "tick_direction": 1, "price": 0.003, "mark_price": 0.00284354, "iv": 117.68, "instrument_name": "BTC-26MAR21-80000-C", "index_price": 56313.78, "direction": "buy", "amount": 0.1}, {"trade_seq": 3717, "trade_id": "136510643", "timestamp": 1615926261523, "tick_direction": 1, "price": 0.003, "mark_price": 0.00284354, "iv": 117.68, "instrument_name": "BTC-26MAR21-80000-C", "index_price": 56313.78, "direction": "buy", "amount": 0.3}, {"trade_seq": 3716, "trade_id": "136510602", "timestamp": 1615926256075, "tick_direction": 1, "price": 0.003, "mark_price": 0.00284583, "iv": 117.64, "instrument_name": "BTC-26MAR21-80000-C", "index_price": 56326.85, "direction": "buy", "amount": 0.1}, {"trade_seq": 3715, "trade_id": "136510582", "timestamp": 1615926251558, "tick_direction": 1, "price": 0.003, "mark_price": 0.00284545, "iv": 117.65, "instrument_name": "BTC-26MAR21-80000-C", "index_price": 56326.49, "direction": "buy", "amount": 0.1}, {"trade_seq": 3714, "trade_id": "136510564", "timestamp": 1615926250223, "tick_direction": 1, "price": 0.003, "mark_price": 0.0028447, "iv": 117.67, "instrument_name": "BTC-26MAR21-80000-C", "index_price": 56326.81, "direction": "buy", "amount": 0.1}, {"trade_seq": 3713, "trade_id": "136510562", "timestamp": 1615926249639, "tick_direction": 1, "price": 0.003, "mark_price": 0.00284491, "iv": 117.67, "instrument_name": "BTC-26MAR21-80000-C", "index_price": 56324.84, "direction": "buy", "amount": 0.1}, {"trade_seq": 3712, "trade_id": "136503216", "timestamp": 1615924158309, "tick_direction": 0, "price": 0.003, "mark_price": 0.0027835, "iv": 120.42, "instrument_name": "BTC-26MAR21-80000-C", "index_price": 55755.64, "direction": "buy", "amount": 0.1}, {"trade_seq": 3711, "trade_id": "136467613", "timestamp": 1615909253810, "tick_direction": 2, "price": 0.0029, "mark_price": 0.00269023, "iv": 119.71, "instrument_name": "BTC-26MAR21-80000-C", "index_price": 55516.58, "direction": "sell", "block_trade_id": "9383", "amount": 25.0}, {"trade_seq": 3710, "trade_id": "136441982", "timestamp": 1615900279294, "tick_direction": 3, "price": 0.003, "mark_price": 0.00287474, "iv": 120.69, "instrument_name": "BTC-26MAR21-80000-C", "index_price": 55318.76, "direction": "buy", "amount": 8.9}, {"trade_seq": 3709, "trade_id": "136441981", "timestamp": 1615900279294, "tick_direction": 3, "price": 0.003, "mark_price": 0.00287474, "iv": 120.69, "instrument_name": "BTC-26MAR21-80000-C", "index_price": 55318.76, "direction": "buy", "amount": 0.1}, {"trade_seq": 3708, "trade_id": "136441980", "timestamp": 1615900279294, "tick_direction": 3, "price": 0.003, "mark_price": 0.00287474, "iv": 120.69, "instrument_name": "BTC-26MAR21-80000-C", "index_price": 55318.76, "direction": "buy", "amount": 1.0}, {"trade_seq": 3707, "trade_id": "136421128", "timestamp": 1615894256273, "tick_direction": 3, "price": 0.003, "mark_price": 0.00286553, "iv": 119.34, "instrument_name": "BTC-26MAR21-80000-C", "index_price": 55515.93, "direction": "buy", "amount": 0.1}, {"trade_seq": 3706, "trade_id": "136421127", "timestamp": 1615894256180, "tick_direction": 3, "price": 0.003, "mark_price": 0.00286553, "iv": 119.34, "instrument_name": "BTC-26MAR21-80000-C", "index_price": 55515.93, "direction": "buy", "amount": 0.2}, {"trade_seq": 3705, "trade_id": "136417314", "timestamp": 1615892561251, "tick_direction": 3, "price": 0.003, "mark_price": 0.0031117, "iv": 118.47, "instrument_name": "BTC-26MAR21-80000-C", "index_price": 55680.2, "direction": "sell", "amount": 18.4}, {"trade_seq": 3704, "trade_id": "136383586", "timestamp": 1615880862667, "tick_direction": 3, "price": 0.003, "mark_price": 0.00317379, "iv": 120.3, "instrument_name": "BTC-26MAR21-80000-C", "index_price": 55148.72, "direction": "buy", "amount": 0.8}, {"trade_seq": 3703, "trade_id": "136383508", "timestamp": 1615880827965, "tick_direction": 3, "price": 0.003, "mark_price": 0.00318834, "iv": 120.41, "instrument_name": "BTC-26MAR21-80000-C", "index_price": 55106.78, "direction": "buy", "amount": 0.1}, {"trade_seq": 3702, "trade_id": "136383264", "timestamp": 1615880747852, "tick_direction": 3, "price": 0.003, "mark_price": 0.0032272, "iv": 120.55, "instrument_name": "BTC-26MAR21-80000-C", "index_price": 55084.14, "direction": "buy", "amount": 0.1}, {"trade_seq": 3701, "trade_id": "136383235", "timestamp": 1615880742933, "tick_direction": 3, "price": 0.003, "mark_price": 0.00323496, "iv": 120.61, "instrument_name": "BTC-26MAR21-80000-C", "index_price": 55073.77, "direction": "buy", "amount": 0.1}, {"trade_seq": 3700, "trade_id": "136383234", "timestamp": 1615880742803, "tick_direction": 3, "price": 0.003, "mark_price": 0.00323496, "iv": 120.61, "instrument_name": "BTC-26MAR21-80000-C", "index_price": 55073.77, "direction": "buy", "amount": 0.1}, {"trade_seq": 3699, "trade_id": "136383230", "timestamp": 1615880738722, "tick_direction": 3, "price": 0.003, "mark_price": 0.0032345, "iv": 120.62, "instrument_name": "BTC-26MAR21-80000-C", "index_price": 55080.98, "direction": "buy", "amount": 0.1}, {"trade_seq": 3698, "trade_id": "136383100", "timestamp": 1615880703716, "tick_direction": 3, "price": 0.003, "mark_price": 0.00332421, "iv": 120.25, "instrument_name": "BTC-26MAR21-80000-C", "index_price": 55149.62, "direction": "buy", "amount": 0.1}, {"trade_seq": 3697, "trade_id": "136383099", "timestamp": 1615880703636, "tick_direction": 3, "price": 0.003, "mark_price": 0.00332421, "iv": 120.25, "instrument_name": "BTC-26MAR21-80000-C", "index_price": 55149.62, "direction": "buy", "amount": 0.2}, {"trade_seq": 3696, "trade_id": "136383084", "timestamp": 1615880701570, "tick_direction": 3, "price": 0.003, "mark_price": 0.00331524, "iv": 120.26, "instrument_name": "BTC-26MAR21-80000-C", "index_price": 55144.99, "direction": "buy", "amount": 0.1}, {"trade_seq": 3695, "trade_id": "136383083", "timestamp": 1615880701366, "tick_direction": 3, "price": 0.003, "mark_price": 0.00331561, "iv": 120.32, "instrument_name": "BTC-26MAR21-80000-C", "index_price": 55144.99, "direction": "buy", "amount": 0.1}, {"trade_seq": 3694, "trade_id": "136383082", "timestamp": 1615880701252, "tick_direction": 3, "price": 0.003, "mark_price": 0.00331561, "iv": 120.32, "instrument_name": "BTC-26MAR21-80000-C", "index_price": 55132.85, "direction": "buy", "amount": 0.1}, {"trade_seq": 3693, "trade_id": "136383080", "timestamp": 1615880701050, "tick_direction": 3, "price": 0.003, "mark_price": 0.00331561, "iv": 120.32, "instrument_name": "BTC-26MAR21-80000-C", "index_price": 55132.85, "direction": "buy", "amount": 0.2}, {"trade_seq": 3692, "trade_id": "136383071", "timestamp": 1615880697646, "tick_direction": 3, "price": 0.003, "mark_price": 0.00331455, "iv": 120.34, "instrument_name": "BTC-26MAR21-80000-C", "index_price": 55127.13, "direction": "buy", "amount": 0.1}, {"trade_seq": 3691, "trade_id": "136383070", "timestamp": 1615880696864, "tick_direction": 3, "price": 0.003, "mark_price": 0.00331836, "iv": 120.32, "instrument_name": "BTC-26MAR21-80000-C", "index_price": 55126.58, "direction": "buy", "amount": 0.1}, {"trade_seq": 3690, "trade_id": "136383063", "timestamp": 1615880694743, "tick_direction": 3, "price": 0.003, "mark_price": 0.00331584, "iv": 120.35, "instrument_name": "BTC-26MAR21-80000-C", "index_price": 55127.67, "direction": "buy", "amount": 0.1}, {"trade_seq": 3689, "trade_id": "136383061", "timestamp": 1615880693762, "tick_direction": 3, "price": 0.003, "mark_price": 0.00331215, "iv": 120.38, "instrument_name": "BTC-26MAR21-80000-C", "index_price": 55125.07, "direction": "buy", "amount": 0.1}, {"trade_seq": 3688, "trade_id": "136383059", "timestamp": 1615880693565, "tick_direction": 3, "price": 0.003, "mark_price": 0.00331215, "iv": 120.38, "instrument_name": "BTC-26MAR21-80000-C", "index_price": 55125.07, "direction": "buy", "amount": 0.2}, {"trade_seq": 3687, "trade_id": "136383058", "timestamp": 1615880693295, "tick_direction": 3, "price": 0.003, "mark_price": 0.00331789, "iv": 120.38, "instrument_name": "BTC-26MAR21-80000-C", "index_price": 55119.07, "direction": "buy", "amount": 0.2}, {"trade_seq": 3686, "trade_id": "136383057", "timestamp": 1615880693078, "tick_direction": 3, "price": 0.003, "mark_price": 0.00331789, "iv": 120.38, "instrument_name": "BTC-26MAR21-80000-C", "index_price": 55119.07, "direction": "buy", "amount": 0.5}, {"trade_seq": 3685, "trade_id": "136383056", "timestamp": 1615880693000, "tick_direction": 3, "price": 0.003, "mark_price": 0.00331789, "iv": 120.38, "instrument_name": "BTC-26MAR21-80000-C", "index_price": 55119.07, "direction": "buy", "amount": 0.2}, {"trade_seq": 3684, "trade_id": "136383055", "timestamp": 1615880692850, "tick_direction": 3, "price": 0.003, "mark_price": 0.00331789, "iv": 120.38, "instrument_name": "BTC-26MAR21-80000-C", "index_price": 55119.07, "direction": "buy", "amount": 1.7}, {"trade_seq": 3683, "trade_id": "136382991", "timestamp": 1615880680130, "tick_direction": 3, "price": 0.003, "mark_price": 0.0033044, "iv": 120.52, "instrument_name": "BTC-26MAR21-80000-C", "index_price": 55101.39, "direction": "buy", "amount": 0.9}, {"trade_seq": 3682, "trade_id": "136382931", "timestamp": 1615880671770, "tick_direction": 3, "price": 0.003, "mark_price": 0.00324939, "iv": 120.92, "instrument_name": "BTC-26MAR21-80000-C", "index_price": 55007.29, "direction": "buy", "amount": 1.4}, {"trade_seq": 3681, "trade_id": "136382930", "timestamp": 1615880671767, "tick_direction": 3, "price": 0.003, "mark_price": 0.00324939, "iv": 120.92, "instrument_name": "BTC-26MAR21-80000-C", "index_price": 55007.29, "direction": "sell", "amount": 0.5}, {"trade_seq": 3680, "trade_id": "136382929", "timestamp": 1615880671767, "tick_direction": 2, "price": 0.003, "mark_price": 0.00324939, "iv": 120.92, "instrument_name": "BTC-26MAR21-80000-C", "index_price": 55007.29, "direction": "sell", "amount": 21.9}, {"trade_seq": 3679, "trade_id": "136370184", "timestamp": 1615877602526, "tick_direction": 2, "price": 0.0035, "mark_price": 0.00348714, "iv": 123.39, "instrument_name": "BTC-26MAR21-80000-C", "index_price": 55104.63, "direction": "buy", "amount": 1.0}, {"trade_seq": 3678, "trade_id": "136341770", "timestamp": 1615868570173, "tick_direction": 0, "price": 0.004, "mark_price": 0.0041384, "iv": 128.07, "instrument_name": "BTC-26MAR21-80000-C", "index_price": 54663.14, "direction": "sell", "amount": 0.4}, {"trade_seq": 3677, "trade_id": "136331881", "timestamp": 1615865177035, "tick_direction": 2, "price": 0.0035, "mark_price": 0.00352557, "iv": 127.85, "instrument_name": "BTC-26MAR21-80000-C", "index_price": 53959.82, "direction": "sell", "amount": 1.0}, {"trade_seq": 3676, "trade_id": "136330782", "timestamp": 1615864922019, "tick_direction": 1, "price": 0.005, "mark_price": 0.00351521, "iv": 135.42, "instrument_name": "BTC-26MAR21-80000-C", "index_price": 54198.47, "direction": "sell", "amount": 1.5}, {"trade_seq": 3675, "trade_id": "136330781", "timestamp": 1615864922016, "tick_direction": 1, "price": 0.005, "mark_price": 0.00351521, "iv": 135.42, "instrument_name": "BTC-26MAR21-80000-C", "index_price": 54198.47, "direction": "sell", "amount": 0.5}, {"trade_seq": 3674, "trade_id": "136330780", "timestamp": 1615864922008, "tick_direction": 1, "price": 0.005, "mark_price": 0.00351521, "iv": 135.42, "instrument_name": "BTC-26MAR21-80000-C", "index_price": 54198.47, "direction": "buy", "amount": 33.3}, {"trade_seq": 3673, "trade_id": "136330779", "timestamp": 1615864922008, "tick_direction": 1, "price": 0.005, "mark_price": 0.00351521, "iv": 135.42, "instrument_name": "BTC-26MAR21-80000-C", "index_price": 54198.47, "direction": "buy", "amount": 25.0}, {"trade_seq": 3672, "trade_id": "136330778", "timestamp": 1615864922008, "tick_direction": 1, "price": 0.005, "mark_price": 0.00351521, "iv": 135.42, "instrument_name": "BTC-26MAR21-80000-C", "index_price": 54198.47, "direction": "buy", "amount": 27.2}, {"trade_seq": 3671, "trade_id": "136330777", "timestamp": 1615864922008, "tick_direction": 1, "price": 0.005, "mark_price": 0.00351521, "iv": 135.42, "instrument_name": "BTC-26MAR21-80000-C", "index_price": 54198.47, "direction": "buy", "amount": 29.0}, {"trade_seq": 3670, "trade_id": "136330776", "timestamp": 1615864922008, "tick_direction": 1, "price": 0.005, "mark_price": 0.00351521, "iv": 135.42, "instrument_name": "BTC-26MAR21-80000-C", "index_price": 54198.47, "direction": "buy", "amount": 29.0}, {"trade_seq": 3669, "trade_id": "136330775", "timestamp": 1615864922008, "tick_direction": 1, "price": 0.005, "mark_price": 0.00351521, "iv": 135.42, "instrument_name": "BTC-26MAR21-80000-C", "index_price": 54198.47, "direction": "buy", "amount": 0.7}, {"trade_seq": 3668, "trade_id": "136330774", "timestamp": 1615864922008, "tick_direction": 1, "price": 0.005, "mark_price": 0.00351521, "iv": 135.42, "instrument_name": "BTC-26MAR21-80000-C", "index_price": 54198.47, "direction": "buy", "amount": 3.8}, {"trade_seq": 3667, "trade_id": "136330461", "timestamp": 1615864852147, "tick_direction": 0, "price": 0.005, "mark_price": 0.00335325, "iv": 136.07, "instrument_name": "BTC-26MAR21-80000-C", "index_price": 54058.08, "direction": "buy", "amount": 71.3}, {"trade_seq": 3666, "trade_id": "136330460", "timestamp": 1615864852147, "tick_direction": 1, "price": 0.0045, "mark_price": 0.00335325, "iv": 133.35, "instrument_name": "BTC-26MAR21-80000-C", "index_price": 54058.08, "direction": "buy", "amount": 26.0}, {"trade_seq": 3665, "trade_id": "136330459", "timestamp": 1615864852147, "tick_direction": 1, "price": 0.0045, "mark_price": 0.00335325, "iv": 133.35, "instrument_name": "BTC-26MAR21-80000-C", "index_price": 54058.08, "direction": "buy", "amount": 25.0}, {"trade_seq": 3664, "trade_id": "136330458", "timestamp": 1615864852147, "tick_direction": 1, "price": 0.0045, "mark_price": 0.00335325, "iv": 133.35, "instrument_name": "BTC-26MAR21-80000-C", "index_price": 54058.08, "direction": "buy", "amount": 29.0}, {"trade_seq": 3663, "trade_id": "136330457", "timestamp": 1615864852147, "tick_direction": 0, "price": 0.0045, "mark_price": 0.00335325, "iv": 133.35, "instrument_name": "BTC-26MAR21-80000-C", "index_price": 54058.08, "direction": "buy", "amount": 23.7}, {"trade_seq": 3662, "trade_id": "136330456", "timestamp": 1615864852147, "tick_direction": 0, "price": 0.004, "mark_price": 0.00335325, "iv": 130.44, "instrument_name": "BTC-26MAR21-80000-C", "index_price": 54058.08, "direction": "buy", "amount": 25.0}, {"trade_seq": 3661, "trade_id": "136306194", "timestamp": 1615857358907, "tick_direction": 3, "price": 0.0035, "mark_price": 0.00313586, "iv": 128.44, "instrument_name": "BTC-26MAR21-80000-C", "index_price": 53696.03, "direction": "buy", "amount": 3.0}, {"trade_seq": 3660, "trade_id": "136290831", "timestamp": 1615855873745, "tick_direction": 3, "price": 0.0035, "mark_price": 0.00326901, "iv": 126.68, "instrument_name": "BTC-26MAR21-80000-C", "index_price": 54077.18, "direction": "sell", "amount": 0.1}, {"trade_seq": 3659, "trade_id": "136287253", "timestamp": 1615855692351, "tick_direction": 2, "price": 0.0035, "mark_price": 0.00344916, "iv": 124.81, "instrument_name": "BTC-26MAR21-80000-C", "index_price": 54464.58, "direction": "sell", "amount": 25.0}, {"trade_seq": 3658, "trade_id": "136280564", "timestamp": 1615854508762, "tick_direction": 0, "price": 0.004, "mark_price": 0.00337306, "iv": 125.71, "instrument_name": "BTC-26MAR21-80000-C", "index_price": 54911.98, "direction": "buy", "amount": 20.0}, {"trade_seq": 3657, "trade_id": "136278191", "timestamp": 1615854364247, "tick_direction": 3, "price": 0.0035, "mark_price": 0.00340666, "iv": 121.88, "instrument_name": "BTC-26MAR21-80000-C", "index_price": 55065.92, "direction": "sell", "amount": 5.4}, {"trade_seq": 3656, "trade_id": "136278190", "timestamp": 1615854364247, "tick_direction": 3, "price": 0.0035, "mark_price": 0.00340666, "iv": 121.88, "instrument_name": "BTC-26MAR21-80000-C", "index_price": 55065.92, "direction": "sell", "amount": 19.6}, {"trade_seq": 3655, "trade_id": "136270120", "timestamp": 1615852890163, "tick_direction": 2, "price": 0.0035, "mark_price": 0.00342632, "iv": 120.37, "instrument_name": "BTC-26MAR21-80000-C", "index_price": 55357.31, "direction": "sell", "amount": 25.0}, {"trade_seq": 3654, "trade_id": "136203982", "timestamp": 1615828238718, "tick_direction": 3, "price": 0.004, "mark_price": 0.0043917, "iv": 117.88, "instrument_name": "BTC-26MAR21-80000-C", "index_price": 56124.9, "direction": "sell", "amount": 5.2}, {"trade_seq": 3653, "trade_id": "136203981", "timestamp": 1615828238718, "tick_direction": 2, "price": 0.004, "mark_price": 0.0043917, "iv": 117.88, "instrument_name": "BTC-26MAR21-80000-C", "index_price": 56124.9, "direction": "sell", "amount": 0.5}, {"trade_seq": 3652, "trade_id": "136203936", "timestamp": 1615828209083, "tick_direction": 3, "price": 0.0045, "mark_price": 0.00443502, "iv": 120.41, "instrument_name": "BTC-26MAR21-80000-C", "index_price": 56165.63, "direction": "buy", "amount": 0.1}, {"trade_seq": 3651, "trade_id": "136203923", "timestamp": 1615828193565, "tick_direction": 3, "price": 0.0045, "mark_price": 0.00442586, "iv": 120.49, "instrument_name": "BTC-26MAR21-80000-C", "index_price": 56152.75, "direction": "buy", "amount": 0.1}, {"trade_seq": 3650, "trade_id": "136203920", "timestamp": 1615828192445, "tick_direction": 3, "price": 0.0045, "mark_price": 0.0044225, "iv": 120.49, "instrument_name": "BTC-26MAR21-80000-C", "index_price": 56147.52, "direction": "buy", "amount": 0.1}, {"trade_seq": 3649, "trade_id": "136203919", "timestamp": 1615828192164, "tick_direction": 3, "price": 0.0045, "mark_price": 0.0044225, "iv": 120.49, "instrument_name": "BTC-26MAR21-80000-C", "index_price": 56147.52, "direction": "buy", "amount": 0.1}, {"trade_seq": 3648, "trade_id": "136203915", "timestamp": 1615828180631, "tick_direction": 3, "price": 0.0045, "mark_price": 0.00444901, "iv": 120.41, "instrument_name": "BTC-26MAR21-80000-C", "index_price": 56165.22, "direction": "buy", "amount": 0.1}, {"trade_seq": 3647, "trade_id": "136203912", "timestamp": 1615828176484, "tick_direction": 3, "price": 0.0045, "mark_price": 0.00445205, "iv": 120.4, "instrument_name": "BTC-26MAR21-80000-C", "index_price": 56164.27, "direction": "buy", "amount": 2.8}, {"trade_seq": 3646, "trade_id": "136203911", "timestamp": 1615828172894, "tick_direction": 3, "price": 0.0045, "mark_price": 0.00443874, "iv": 120.44, "instrument_name": "BTC-26MAR21-80000-C", "index_price": 56161.4, "direction": "buy", "amount": 0.1}, {"trade_seq": 3645, "trade_id": "136203909", "timestamp": 1615828170583, "tick_direction": 3, "price": 0.0045, "mark_price": 0.00444264, "iv": 120.44, "instrument_name": "BTC-26MAR21-80000-C", "index_price": 56148.07, "direction": "buy", "amount": 0.1}, {"trade_seq": 3644, "trade_id": "136203906", "timestamp": 1615828169060, "tick_direction": 3, "price": 0.0045, "mark_price": 0.00444263, "iv": 120.45, "instrument_name": "BTC-26MAR21-80000-C", "index_price": 56155.8, "direction": "buy", "amount": 0.1}, {"trade_seq": 3643, "trade_id": "136203905", "timestamp": 1615828167402, "tick_direction": 3, "price": 0.0045, "mark_price": 0.00444537, "iv": 120.45, "instrument_name": "BTC-26MAR21-80000-C", "index_price": 56153.68, "direction": "buy", "amount": 0.2}, {"trade_seq": 3642, "trade_id": "136203904", "timestamp": 1615828167303, "tick_direction": 3, "price": 0.0045, "mark_price": 0.00444537, "iv": 120.45, "instrument_name": "BTC-26MAR21-80000-C", "index_price": 56153.68, "direction": "buy", "amount": 0.4}, {"trade_seq": 3641, "trade_id": "136203903", "timestamp": 1615828167278, "tick_direction": 2, "price": 0.0045, "mark_price": 0.00444537, "iv": 120.45, "instrument_name": "BTC-26MAR21-80000-C", "index_price": 56153.68, "direction": "buy", "amount": 0.1}, {"trade_seq": 3640, "trade_id": "136106008", "timestamp": 1615810588338, "tick_direction": 1, "price": 0.005, "mark_price": 0.00456407, "iv": 125.39, "instrument_name": "BTC-26MAR21-80000-C", "index_price": 55358.93, "direction": "sell", "amount": 8.4}, {"trade_seq": 3639, "trade_id": "136106007", "timestamp": 1615810588052, "tick_direction": 1, "price": 0.005, "mark_price": 0.00454192, "iv": 125.39, "instrument_name": "BTC-26MAR21-80000-C", "index_price": 55358.93, "direction": "sell", "amount": 1.0}, {"trade_seq": 3638, "trade_id": "136106006", "timestamp": 1615810588051, "tick_direction": 1, "price": 0.005, "mark_price": 0.00454192, "iv": 125.39, "instrument_name": "BTC-26MAR21-80000-C", "index_price": 55358.93, "direction": "sell", "amount": 0.6}, {"trade_seq": 3637, "trade_id": "136100461", "timestamp": 1615810009469, "tick_direction": 1, "price": 0.005, "mark_price": 0.00464582, "iv": 124.74, "instrument_name": "BTC-26MAR21-80000-C", "index_price": 55517.4, "direction": "sell", "amount": 10.0}, {"trade_seq": 3636, "trade_id": "136099339", "timestamp": 1615809978944, "tick_direction": 1, "price": 0.005, "mark_price": 0.00494019, "iv": 123.19, "instrument_name": "BTC-26MAR21-80000-C", "index_price": 55816.08, "direction": "sell", "amount": 25.0}, {"trade_seq": 3635, "trade_id": "136086377", "timestamp": 1615806729194, "tick_direction": 0, "price": 0.005, "mark_price": 0.00476888, "iv": 121.19, "instrument_name": "BTC-26MAR21-80000-C", "index_price": 56184.03, "direction": "sell", "amount": 25.0}, {"trade_seq": 3634, "trade_id": "136051605", "timestamp": 1615801881165, "tick_direction": 3, "price": 0.0035, "mark_price": 0.00357425, "iv": 117.03, "instrument_name": "BTC-26MAR21-80000-C", "index_price": 55250.5, "direction": "sell", "amount": 0.1}, {"trade_seq": 3633, "trade_id": "136051593", "timestamp": 1615801880943, "tick_direction": 3, "price": 0.0035, "mark_price": 0.00357425, "iv": 116.94, "instrument_name": "BTC-26MAR21-80000-C", "index_price": 55269.29, "direction": "sell", "amount": 0.1}, {"trade_seq": 3632, "trade_id": "136051579", "timestamp": 1615801880618, "tick_direction": 3, "price": 0.0035, "mark_price": 0.00357425, "iv": 116.94, "instrument_name": "BTC-26MAR21-80000-C", "index_price": 55269.29, "direction": "sell", "amount": 0.1}, {"trade_seq": 3631, "trade_id": "136051549", "timestamp": 1615801880008, "tick_direction": 3, "price": 0.0035, "mark_price": 0.0035914, "iv": 116.93, "instrument_name": "BTC-26MAR21-80000-C", "index_price": 55287.18, "direction": "sell", "amount": 0.1}, {"trade_seq": 3630, "trade_id": "136051543", "timestamp": 1615801879860, "tick_direction": 3, "price": 0.0035, "mark_price": 0.0035914, "iv": 116.93, "instrument_name": "BTC-26MAR21-80000-C", "index_price": 55287.18, "direction": "sell", "amount": 0.1}, {"trade_seq": 3629, "trade_id": "136051423", "timestamp": 1615801875168, "tick_direction": 3, "price": 0.0035, "mark_price": 0.00362822, "iv": 116.68, "instrument_name": "BTC-26MAR21-80000-C", "index_price": 55333.38, "direction": "sell", "amount": 0.2}, {"trade_seq": 3628, "trade_id": "136051413", "timestamp": 1615801874405, "tick_direction": 3, "price": 0.0035, "mark_price": 0.00362822, "iv": 116.61, "instrument_name": "BTC-26MAR21-80000-C", "index_price": 55339.34, "direction": "sell", "amount": 0.1}, {"trade_seq": 3627, "trade_id": "136051368", "timestamp": 1615801870909, "tick_direction": 3, "price": 0.0035, "mark_price": 0.00366992, "iv": 116.47, "instrument_name": "BTC-26MAR21-80000-C", "index_price": 55377.97, "direction": "sell", "amount": 0.1}, {"trade_seq": 3626, "trade_id": "136051367", "timestamp": 1615801870808, "tick_direction": 3, "price": 0.0035, "mark_price": 0.00366992, "iv": 116.47, "instrument_name": "BTC-26MAR21-80000-C", "index_price": 55377.97, "direction": "sell", "amount": 0.1}, {"trade_seq": 3625, "trade_id": "136051359", "timestamp": 1615801870602, "tick_direction": 3, "price": 0.0035, "mark_price": 0.00366992, "iv": 116.47, "instrument_name": "BTC-26MAR21-80000-C", "index_price": 55377.97, "direction": "sell", "amount": 0.1}, {"trade_seq": 3624, "trade_id": "136051111", "timestamp": 1615801853607, "tick_direction": 3, "price": 0.0035, "mark_price": 0.00361746, "iv": 116.64, "instrument_name": "BTC-26MAR21-80000-C", "index_price": 55326.97, "direction": "sell", "amount": 0.1}, {"trade_seq": 3623, "trade_id": "136051002", "timestamp": 1615801847453, "tick_direction": 3, "price": 0.0035, "mark_price": 0.00364596, "iv": 116.47, "instrument_name": "BTC-26MAR21-80000-C", "index_price": 55354.95, "direction": "sell", "amount": 0.1}, {"trade_seq": 3622, "trade_id": "136051001", "timestamp": 1615801847369, "tick_direction": 3, "price": 0.0035, "mark_price": 0.00364596, "iv": 116.47, "instrument_name": "BTC-26MAR21-80000-C", "index_price": 55354.95, "direction": "sell", "amount": 0.1}, {"trade_seq": 3621, "trade_id": "136043341", "timestamp": 1615801521877, "tick_direction": 3, "price": 0.0035, "mark_price": 0.00327919, "iv": 117.84, "instrument_name": "BTC-26MAR21-80000-C", "index_price": 55102.9, "direction": "sell", "amount": 0.4}, {"trade_seq": 3620, "trade_id": "136043282", "timestamp": 1615801519497, "tick_direction": 3, "price": 0.0035, "mark_price": 0.00333387, "iv": 117.72, "instrument_name": "BTC-26MAR21-80000-C", "index_price": 55137.06, "direction": "sell", "amount": 0.4}, {"trade_seq": 3619, "trade_id": "136043275", "timestamp": 1615801519326, "tick_direction": 3, "price": 0.0035, "mark_price": 0.00333387, "iv": 117.53, "instrument_name": "BTC-26MAR21-80000-C", "index_price": 55137.06, "direction": "sell", "amount": 0.4}, {"trade_seq": 3618, "trade_id": "136043228", "timestamp": 1615801518761, "tick_direction": 3, "price": 0.0035, "mark_price": 0.00332826, "iv": 117.45, "instrument_name": "BTC-26MAR21-80000-C", "index_price": 55175.42, "direction": "sell", "amount": 0.1}, {"trade_seq": 3617, "trade_id": "136043081", "timestamp": 1615801513909, "tick_direction": 3, "price": 0.0035, "mark_price": 0.00339248, "iv": 117.34, "instrument_name": "BTC-26MAR21-80000-C", "index_price": 55211.49, "direction": "sell", "amount": 0.1}, {"trade_seq": 3616, "trade_id": "136043070", "timestamp": 1615801513457, "tick_direction": 3, "price": 0.0035, "mark_price": 0.00340844, "iv": 117.06, "instrument_name": "BTC-26MAR21-80000-C", "index_price": 55211.49, "direction": "sell", "amount": 0.1}, {"trade_seq": 3615, "trade_id": "136043058", "timestamp": 1615801513101, "tick_direction": 3, "price": 0.0035, "mark_price": 0.00340844, "iv": 116.96, "instrument_name": "BTC-26MAR21-80000-C", "index_price": 55269.52, "direction": "sell", "amount": 0.3}, {"trade_seq": 3614, "trade_id": "136042992", "timestamp": 1615801511646, "tick_direction": 3, "price": 0.0035, "mark_price": 0.00341538, "iv": 116.91, "instrument_name": "BTC-26MAR21-80000-C", "index_price": 55287.83, "direction": "sell", "amount": 0.1}, {"trade_seq": 3613, "trade_id": "136042986", "timestamp": 1615801511322, "tick_direction": 3, "price": 0.0035, "mark_price": 0.00341538, "iv": 116.91, "instrument_name": "BTC-26MAR21-80000-C", "index_price": 55287.83, "direction": "sell", "amount": 0.1}, {"trade_seq": 3612, "trade_id": "136042970", "timestamp": 1615801510888, "tick_direction": 3, "price": 0.0035, "mark_price": 0.00342145, "iv": 116.91, "instrument_name": "BTC-26MAR21-80000-C", "index_price": 55295.58, "direction": "sell", "amount": 0.1}, {"trade_seq": 3611, "trade_id": "136042965", "timestamp": 1615801510569, "tick_direction": 3, "price": 0.0035, "mark_price": 0.00342145, "iv": 116.91, "instrument_name": "BTC-26MAR21-80000-C", "index_price": 55295.58, "direction": "sell", "amount": 0.2}, {"trade_seq": 3610, "trade_id": "136042909", "timestamp": 1615801508993, "tick_direction": 3, "price": 0.0035, "mark_price": 0.00347903, "iv": 116.51, "instrument_name": "BTC-26MAR21-80000-C", "index_price": 55315.36, "direction": "sell", "amount": 0.3}, {"trade_seq": 3609, "trade_id": "136042869", "timestamp": 1615801507844, "tick_direction": 3, "price": 0.0035, "mark_price": 0.00350172, "iv": 116.51, "instrument_name": "BTC-26MAR21-80000-C", "index_price": 55370.68, "direction": "sell", "amount": 0.2}, {"trade_seq": 3608, "trade_id": "136042856", "timestamp": 1615801507624, "tick_direction": 3, "price": 0.0035, "mark_price": 0.00350172, "iv": 116.51, "instrument_name": "BTC-26MAR21-80000-C", "index_price": 55370.68, "direction": "sell", "amount": 0.1}, {"trade_seq": 3607, "trade_id": "136042750", "timestamp": 1615801503295, "tick_direction": 3, "price": 0.0035, "mark_price": 0.00353411, "iv": 116.24, "instrument_name": "BTC-26MAR21-80000-C", "index_price": 55388.26, "direction": "sell", "amount": 0.2}, {"trade_seq": 3606, "trade_id": "136042739", "timestamp": 1615801502747, "tick_direction": 3, "price": 0.0035, "mark_price": 0.00354362, "iv": 116.16, "instrument_name": "BTC-26MAR21-80000-C", "index_price": 55425.25, "direction": "sell", "amount": 0.1}, {"trade_seq": 3605, "trade_id": "136042711", "timestamp": 1615801502547, "tick_direction": 3, "price": 0.0035, "mark_price": 0.00354362, "iv": 116.16, "instrument_name": "BTC-26MAR21-80000-C", "index_price": 55425.25, "direction": "sell", "amount": 0.2}, {"trade_seq": 3604, "trade_id": "136042699", "timestamp": 1615801502137, "tick_direction": 3, "price": 0.0035, "mark_price": 0.00354362, "iv": 116.16, "instrument_name": "BTC-26MAR21-80000-C", "index_price": 55425.25, "direction": "sell", "amount": 0.1}, {"trade_seq": 3603, "trade_id": "136032960", "timestamp": 1615801282135, "tick_direction": 3, "price": 0.0035, "mark_price": 0.00332004, "iv": 116.53, "instrument_name": "BTC-26MAR21-80000-C", "index_price": 55388.27, "direction": "sell", "amount": 0.4}, {"trade_seq": 3602, "trade_id": "136016721", "timestamp": 1615800359459, "tick_direction": 2, "price": 0.0035, "mark_price": 0.003429, "iv": 113.0, "instrument_name": "BTC-26MAR21-80000-C", "index_price": 56173.53, "direction": "sell", "amount": 0.1}, {"trade_seq": 3601, "trade_id": "136005049", "timestamp": 1615800143031, "tick_direction": 2, "price": 0.004, "mark_price": 0.00380525, "iv": 112.84, "instrument_name": "BTC-26MAR21-80000-C", "index_price": 56815.21, "direction": "sell", "amount": 0.1}, {"trade_seq": 3600, "trade_id": "135986751", "timestamp": 1615797092106, "tick_direction": 3, "price": 0.0045, "mark_price": 0.00479763, "iv": 109.53, "instrument_name": "BTC-26MAR21-80000-C", "index_price": 58044.09, "direction": "sell", "amount": 0.1}, {"trade_seq": 3599, "trade_id": "135986719", "timestamp": 1615797090414, "tick_direction": 3, "price": 0.0045, "mark_price": 0.00480735, "iv": 109.49, "instrument_name": "BTC-26MAR21-80000-C", "index_price": 58046.83, "direction": "sell", "amount": 0.1}, {"trade_seq": 3598, "trade_id": "135986717", "timestamp": 1615797090320, "tick_direction": 3, "price": 0.0045, "mark_price": 0.00480735, "iv": 109.49, "instrument_name": "BTC-26MAR21-80000-C", "index_price": 58046.83, "direction": "sell", "amount": 0.1}, {"trade_seq": 3597, "trade_id": "135986714", "timestamp": 1615797090069, "tick_direction": 3, "price": 0.0045, "mark_price": 0.00481056, "iv": 109.47, "instrument_name": "BTC-26MAR21-80000-C", "index_price": 58052.93, "direction": "sell", "amount": 0.1}, {"trade_seq": 3596, "trade_id": "135986667", "timestamp": 1615797081609, "tick_direction": 3, "price": 0.0045, "mark_price": 0.00483431, "iv": 109.35, "instrument_name": "BTC-26MAR21-80000-C", "index_price": 58077.95, "direction": "sell", "amount": 0.1}, {"trade_seq": 3595, "trade_id": "135986666", "timestamp": 1615797081440, "tick_direction": 3, "price": 0.0045, "mark_price": 0.00483431, "iv": 109.35, "instrument_name": "BTC-26MAR21-80000-C", "index_price": 58077.95, "direction": "sell", "amount": 0.1}, {"trade_seq": 3594, "trade_id": "135986440", "timestamp": 1615797041598, "tick_direction": 3, "price": 0.0045, "mark_price": 0.00480571, "iv": 109.42, "instrument_name": "BTC-26MAR21-80000-C", "index_price": 58079.26, "direction": "sell", "amount": 0.1}, {"trade_seq": 3593, "trade_id": "135986338", "timestamp": 1615797023226, "tick_direction": 3, "price": 0.0045, "mark_price": 0.00489124, "iv": 108.99, "instrument_name": "BTC-26MAR21-80000-C", "index_price": 58161.91, "direction": "sell", "amount": 0.1}, {"trade_seq": 3592, "trade_id": "135986302", "timestamp": 1615797019568, "tick_direction": 3, "price": 0.0045, "mark_price": 0.00491317, "iv": 108.93, "instrument_name": "BTC-26MAR21-80000-C", "index_price": 58178.27, "direction": "sell", "amount": 0.1}, {"trade_seq": 3591, "trade_id": "135986296", "timestamp": 1615797019244, "tick_direction": 3, "price": 0.0045, "mark_price": 0.00491317, "iv": 108.9, "instrument_name": "BTC-26MAR21-80000-C", "index_price": 58178.27, "direction": "sell", "amount": 0.1}, {"trade_seq": 3590, "trade_id": "135986272", "timestamp": 1615797018392, "tick_direction": 3, "price": 0.0045, "mark_price": 0.00491552, "iv": 108.89, "instrument_name": "BTC-26MAR21-80000-C", "index_price": 58183.55, "direction": "sell", "amount": 0.1}, {"trade_seq": 3589, "trade_id": "135986232", "timestamp": 1615797004237, "tick_direction": 2, "price": 0.0045, "mark_price": 0.00496339, "iv": 108.66, "instrument_name": "BTC-26MAR21-80000-C", "index_price": 58228.77, "direction": "sell", "amount": 0.1}, {"trade_seq": 3588, "trade_id": "135976541", "timestamp": 1615795369273, "tick_direction": 3, "price": 0.005, "mark_price": 0.00517461, "iv": 112.55, "instrument_name": "BTC-26MAR21-80000-C", "index_price": 57843.72, "direction": "sell", "amount": 0.1}, {"trade_seq": 3587, "trade_id": "135975749", "timestamp": 1615795276803, "tick_direction": 3, "price": 0.005, "mark_price": 0.00498161, "iv": 113.26, "instrument_name": "BTC-26MAR21-80000-C", "index_price": 57683.44, "direction": "sell", "amount": 25.0}, {"trade_seq": 3586, "trade_id": "135961887", "timestamp": 1615793250193, "tick_direction": 2, "price": 0.005, "mark_price": 0.00520745, "iv": 112.93, "instrument_name": "BTC-26MAR21-80000-C", "index_price": 57663.51, "direction": "sell", "amount": 0.1}, {"trade_seq": 3585, "trade_id": "135940447", "timestamp": 1615790401541, "tick_direction": 3, "price": 0.006, "mark_price": 0.00611073, "iv": 110.86, "instrument_name": "BTC-26MAR21-80000-C", "index_price": 58840.21, "direction": "sell", "amount": 0.3}, {"trade_seq": 3584, "trade_id": "135938567", "timestamp": 1615790174671, "tick_direction": 3, "price": 0.006, "mark_price": 0.00588177, "iv": 111.81, "instrument_name": "BTC-26MAR21-80000-C", "index_price": 58606.22, "direction": "sell", "amount": 8.5}, {"trade_seq": 3583, "trade_id": "135938566", "timestamp": 1615790174669, "tick_direction": 2, "price": 0.006, "mark_price": 0.00588177, "iv": 111.81, "instrument_name": "BTC-26MAR21-80000-C", "index_price": 58606.22, "direction": "sell", "amount": 0.1}, {"trade_seq": 3582, "trade_id": "135931064", "timestamp": 1615788719494, "tick_direction": 3, "price": 0.0065, "mark_price": 0.00660013, "iv": 110.92, "instrument_name": "BTC-26MAR21-80000-C", "index_price": 59190.94, "direction": "sell", "amount": 0.1}, {"trade_seq": 3581, "trade_id": "135931063", "timestamp": 1615788719361, "tick_direction": 3, "price": 0.0065, "mark_price": 0.00660013, "iv": 110.92, "instrument_name": "BTC-26MAR21-80000-C", "index_price": 59190.94, "direction": "sell", "amount": 0.2}, {"trade_seq": 3580, "trade_id": "135931037", "timestamp": 1615788686298, "tick_direction": 3, "price": 0.0065, "mark_price": 0.00656234, "iv": 111.06, "instrument_name": "BTC-26MAR21-80000-C", "index_price": 59159.52, "direction": "sell", "amount": 0.1}, {"trade_seq": 3579, "trade_id": "135931036", "timestamp": 1615788686192, "tick_direction": 3, "price": 0.0065, "mark_price": 0.00656234, "iv": 111.06, "instrument_name": "BTC-26MAR21-80000-C", "index_price": 59159.52, "direction": "sell", "amount": 0.1}, {"trade_seq": 3578, "trade_id": "135927433", "timestamp": 1615787826342, "tick_direction": 3, "price": 0.0065, "mark_price": 0.00657052, "iv": 110.99, "instrument_name": "BTC-26MAR21-80000-C", "index_price": 59133.85, "direction": "sell", "amount": 0.1}, {"trade_seq": 3577, "trade_id": "135927366", "timestamp": 1615787810045, "tick_direction": 3, "price": 0.0065, "mark_price": 0.00656704, "iv": 110.99, "instrument_name": "BTC-26MAR21-80000-C", "index_price": 59135.89, "direction": "sell", "amount": 0.1}, {"trade_seq": 3576, "trade_id": "135927360", "timestamp": 1615787809122, "tick_direction": 3, "price": 0.0065, "mark_price": 0.00656585, "iv": 110.98, "instrument_name": "BTC-26MAR21-80000-C", "index_price": 59138.34, "direction": "sell", "amount": 0.1}, {"trade_seq": 3575, "trade_id": "135927010", "timestamp": 1615787729681, "tick_direction": 2, "price": 0.0065, "mark_price": 0.00655651, "iv": 110.93, "instrument_name": "BTC-26MAR21-80000-C", "index_price": 59160.05, "direction": "sell", "amount": 0.1}, {"trade_seq": 3574, "trade_id": "135863329", "timestamp": 1615766210806, "tick_direction": 3, "price": 0.0075, "mark_price": 0.00731634, "iv": 112.7, "instrument_name": "BTC-26MAR21-80000-C", "index_price": 59261.43, "direction": "sell", "amount": 0.1}, {"trade_seq": 3573, "trade_id": "135863198", "timestamp": 1615766204737, "tick_direction": 3, "price": 0.0075, "mark_price": 0.00735743, "iv": 112.46, "instrument_name": "BTC-26MAR21-80000-C", "index_price": 59305.84, "direction": "sell", "amount": 0.1}, {"trade_seq": 3572, "trade_id": "135863035", "timestamp": 1615766193889, "tick_direction": 2, "price": 0.0075, "mark_price": 0.00739204, "iv": 112.41, "instrument_name": "BTC-26MAR21-80000-C", "index_price": 59318.75, "direction": "sell", "amount": 0.1}, {"trade_seq": 3571, "trade_id": "135803911", "timestamp": 1615738130821, "tick_direction": 2, "price": 0.0085, "mark_price": 0.00917656, "iv": 112.44, "instrument_name": "BTC-26MAR21-80000-C", "index_price": 59643.84, "direction": "sell", "amount": 0.1}, {"trade_seq": 3570, "trade_id": "135788485", "timestamp": 1615732111104, "tick_direction": 1, "price": 0.01, "mark_price": 0.00986318, "iv": 113.45, "instrument_name": "BTC-26MAR21-80000-C", "index_price": 60220.32, "direction": "sell", "amount": 9.7}, {"trade_seq": 3569, "trade_id": "135788484", "timestamp": 1615732111101, "tick_direction": 1, "price": 0.01, "mark_price": 0.00986318, "iv": 113.45, "instrument_name": "BTC-26MAR21-80000-C", "index_price": 60220.32, "direction": "sell", "amount": 9.7}, {"trade_seq": 3568, "trade_id": "135788483", "timestamp": 1615732109562, "tick_direction": 1, "price": 0.01, "mark_price": 0.00986219, "iv": 113.45, "instrument_name": "BTC-26MAR21-80000-C", "index_price": 60220.62, "direction": "sell", "amount": 0.2}, {"trade_seq": 3567, "trade_id": "135788482", "timestamp": 1615732109423, "tick_direction": 1, "price": 0.01, "mark_price": 0.00986219, "iv": 113.45, "instrument_name": "BTC-26MAR21-80000-C", "index_price": 60220.62, "direction": "sell", "amount": 0.4}, {"trade_seq": 3566, "trade_id": "135788481", "timestamp": 1615732109314, "tick_direction": 0, "price": 0.01, "mark_price": 0.00986052, "iv": 113.45, "instrument_name": "BTC-26MAR21-80000-C", "index_price": 60220.62, "direction": "buy", "amount": 0.5}, {"trade_seq": 3565, "trade_id": "135787072", "timestamp": 1615731588694, "tick_direction": 3, "price": 0.0095, "mark_price": 0.00991281, "iv": 111.74, "instrument_name": "BTC-26MAR21-80000-C", "index_price": 60280.73, "direction": "sell", "amount": 0.8}, {"trade_seq": 3564, "trade_id": "135787071", "timestamp": 1615731588694, "tick_direction": 3, "price": 0.0095, "mark_price": 0.00991281, "iv": 111.74, "instrument_name": "BTC-26MAR21-80000-C", "index_price": 60280.73, "direction": "sell", "amount": 25.0}, {"trade_seq": 3563, "trade_id": "135787070", "timestamp": 1615731588694, "tick_direction": 3, "price": 0.0095, "mark_price": 0.00991281, "iv": 111.74, "instrument_name": "BTC-26MAR21-80000-C", "index_price": 60280.73, "direction": "sell", "amount": 12.1}, {"trade_seq": 3562, "trade_id": "135782315", "timestamp": 1615729958675, "tick_direction": 2, "price": 0.0095, "mark_price": 0.01006371, "iv": 112.9, "instrument_name": "BTC-26MAR21-80000-C", "index_price": 59988.43, "direction": "sell", "amount": 11.9}, {"trade_seq": 3561, "trade_id": "135776673", "timestamp": 1615726982389, "tick_direction": 3, "price": 0.0105, "mark_price": 0.01108506, "iv": 113.86, "instrument_name": "BTC-26MAR21-80000-C", "index_price": 60381.59, "direction": "buy", "amount": 0.5}, {"trade_seq": 3560, "trade_id": "135776672", "timestamp": 1615726982284, "tick_direction": 2, "price": 0.0105, "mark_price": 0.01108506, "iv": 113.86, "instrument_name": "BTC-26MAR21-80000-C", "index_price": 60381.59, "direction": "sell", "amount": 0.5}, {"trade_seq": 3559, "trade_id": "135742232", "timestamp": 1615709640320, "tick_direction": 1, "price": 0.012, "mark_price": 0.01148252, "iv": 115.8, "instrument_name": "BTC-26MAR21-80000-C", "index_price": 60659.77, "direction": "buy", "amount": 0.1}, {"trade_seq": 3558, "trade_id": "135742231", "timestamp": 1615709640187, "tick_direction": 1, "price": 0.012, "mark_price": 0.01148252, "iv": 115.8, "instrument_name": "BTC-26MAR21-80000-C", "index_price": 60659.77, "direction": "buy", "amount": 0.1}, {"trade_seq": 3557, "trade_id": "135742230", "timestamp": 1615709640005, "tick_direction": 1, "price": 0.012, "mark_price": 0.01148102, "iv": 115.8, "instrument_name": "BTC-26MAR21-80000-C", "index_price": 60659.77, "direction": "buy", "amount": 0.1}, {"trade_seq": 3556, "trade_id": "135742229", "timestamp": 1615709639876, "tick_direction": 1, "price": 0.012, "mark_price": 0.01148102, "iv": 115.8, "instrument_name": "BTC-26MAR21-80000-C", "index_price": 60659.77, "direction": "buy", "amount": 0.3}