{"trades": [{"trade_seq": 2081, "trade_id": "138187314", "timestamp": 1616572629949, "tick_direction": 0, "price": 0.712, "mark_price": 0.71207621, "iv": 0.0, "instrument_name": "BTC-26MAR21-16000-C", "index_price": 55558.54, "direction": "buy", "amount": 0.5}, {"trade_seq": 2080, "trade_id": "137956722", "timestamp": 1616500899931, "tick_direction": 2, "price": 0.708, "mark_price": 0.70598515, "iv": 500.0, "instrument_name": "BTC-26MAR21-16000-C", "index_price": 54394.32, "direction": "buy", "amount": 0.1}, {"trade_seq": 2079, "trade_id": "137301662", "timestamp": 1616245587832, "tick_direction": 1, "price": 0.734, "mark_price": 0.73264154, "iv": 471.42, "instrument_name": "BTC-26MAR21-16000-C", "index_price": 59501.26, "direction": "buy", "amount": 0.8}, {"trade_seq": 2078, "trade_id": "137301611", "timestamp": 1616245584634, "tick_direction": 1, "price": 0.734, "mark_price": 0.73253182, "iv": 475.16, "instrument_name": "BTC-26MAR21-16000-C", "index_price": 59485.58, "direction": "buy", "amount": 0.6}, {"trade_seq": 2077, "trade_id": "137301544", "timestamp": 1616245581603, "tick_direction": 0, "price": 0.734, "mark_price": 0.73229244, "iv": 482.55, "instrument_name": "BTC-26MAR21-16000-C", "index_price": 59482.03, "direction": "buy", "amount": 0.6}, {"trade_seq": 2076, "trade_id": "137301274", "timestamp": 1616245578585, "tick_direction": 1, "price": 0.7335, "mark_price": 0.7322152, "iv": 467.05, "instrument_name": "BTC-26MAR21-16000-C", "index_price": 59421.69, "direction": "buy", "amount": 0.8}, {"trade_seq": 2075, "trade_id": "137300439", "timestamp": 1616245359744, "tick_direction": 1, "price": 0.7335, "mark_price": 0.73203809, "iv": 475.1, "instrument_name": "BTC-26MAR21-16000-C", "index_price": 59376.85, "direction": "buy", "amount": 0.7}, {"trade_seq": 2074, "trade_id": "137300403", "timestamp": 1616245355652, "tick_direction": 0, "price": 0.7335, "mark_price": 0.73194858, "iv": 476.95, "instrument_name": "BTC-26MAR21-16000-C", "index_price": 59373.54, "direction": "buy", "amount": 0.7}, {"trade_seq": 2073, "trade_id": "137300329", "timestamp": 1616245351342, "tick_direction": 1, "price": 0.733, "mark_price": 0.73192011, "iv": 456.14, "instrument_name": "BTC-26MAR21-16000-C", "index_price": 59354.56, "direction": "buy", "amount": 0.8}, {"trade_seq": 2072, "trade_id": "137300305", "timestamp": 1616245347964, "tick_direction": 1, "price": 0.733, "mark_price": 0.73186947, "iv": 458.22, "instrument_name": "BTC-26MAR21-16000-C", "index_price": 59357.76, "direction": "buy", "amount": 0.9}, {"trade_seq": 2071, "trade_id": "137300226", "timestamp": 1616245344974, "tick_direction": 1, "price": 0.733, "mark_price": 0.73177958, "iv": 462.95, "instrument_name": "BTC-26MAR21-16000-C", "index_price": 59338.97, "direction": "buy", "amount": 0.6}, {"trade_seq": 2070, "trade_id": "137300195", "timestamp": 1616245341716, "tick_direction": 0, "price": 0.733, "mark_price": 0.73172538, "iv": 465.42, "instrument_name": "BTC-26MAR21-16000-C", "index_price": 59330.03, "direction": "buy", "amount": 0.7}, {"trade_seq": 2069, "trade_id": "137280772", "timestamp": 1616234676450, "tick_direction": 0, "price": 0.7295, "mark_price": 0.72948608, "iv": 297.87, "instrument_name": "BTC-26MAR21-16000-C", "index_price": 58870.34, "direction": "buy", "amount": 0.5}, {"trade_seq": 2068, "trade_id": "136277960", "timestamp": 1615854339687, "tick_direction": 2, "price": 0.705, "mark_price": 0.71099588, "iv": 0.0, "instrument_name": "BTC-26MAR21-16000-C", "index_price": 55101.18, "direction": "sell", "amount": 0.1}, {"trade_seq": 2067, "trade_id": "135881776", "timestamp": 1615769069092, "tick_direction": 0, "price": 0.736, "mark_price": 0.73581047, "iv": 271.29, "instrument_name": "BTC-26MAR21-16000-C", "index_price": 59810.74, "direction": "buy", "amount": 0.1}, {"trade_seq": 2066, "trade_id": "134782700", "timestamp": 1615387509778, "tick_direction": 0, "price": 0.72, "mark_price": 0.71907647, "iv": 262.29, "instrument_name": "BTC-26MAR21-16000-C", "index_price": 56277.25, "direction": "buy", "amount": 0.5}, {"trade_seq": 2065, "trade_id": "134371351", "timestamp": 1615224361242, "tick_direction": 0, "price": 0.6875, "mark_price": 0.68859747, "iv": 0.0, "instrument_name": "BTC-26MAR21-16000-C", "index_price": 50870.35, "direction": "buy", "amount": 0.1}, {"trade_seq": 2064, "trade_id": "133620999", "timestamp": 1614888925543, "tick_direction": 2, "price": 0.66, "mark_price": 0.6689644, "iv": 0.0, "instrument_name": "BTC-26MAR21-16000-C", "index_price": 47738.87, "direction": "sell", "amount": 6.0}, {"trade_seq": 2063, "trade_id": "133390576", "timestamp": 1614831787356, "tick_direction": 2, "price": 0.68, "mark_price": 0.68132874, "iv": 0.0, "instrument_name": "BTC-26MAR21-16000-C", "index_price": 49538.71, "direction": "buy", "amount": 0.1}, {"trade_seq": 2062, "trade_id": "133027963", "timestamp": 1614700154885, "tick_direction": 2, "price": 0.685, "mark_price": 0.67555242, "iv": 284.44, "instrument_name": "BTC-26MAR21-16000-C", "index_price": 48616.96, "direction": "sell", "block_trade_id": "8640", "amount": 70.0}, {"trade_seq": 2061, "trade_id": "129589963", "timestamp": 1613933205582, "tick_direction": 0, "price": 0.7335, "mark_price": 0.73393913, "iv": 164.59, "instrument_name": "BTC-26MAR21-16000-C", "index_price": 57884.41, "direction": "buy", "amount": 0.1}, {"trade_seq": 2060, "trade_id": "129102014", "timestamp": 1613759830784, "tick_direction": 0, "price": 0.72, "mark_price": 0.72076837, "iv": 144.86, "instrument_name": "BTC-26MAR21-16000-C", "index_price": 54817.69, "direction": "buy", "amount": 0.1}, {"trade_seq": 2059, "trade_id": "128611887", "timestamp": 1613581868038, "tick_direction": 0, "price": 0.699, "mark_price": 0.70284421, "iv": 0.0, "instrument_name": "BTC-26MAR21-16000-C", "index_price": 51228.2, "direction": "buy", "amount": 0.1}, {"trade_seq": 2058, "trade_id": "128367315", "timestamp": 1613520315038, "tick_direction": 1, "price": 0.688, "mark_price": 0.68929103, "iv": 148.45, "instrument_name": "BTC-26MAR21-16000-C", "index_price": 49465.86, "direction": "buy", "amount": 5.5}, {"trade_seq": 2057, "trade_id": "128366893", "timestamp": 1613520282560, "tick_direction": 0, "price": 0.688, "mark_price": 0.68877676, "iv": 160.4, "instrument_name": "BTC-26MAR21-16000-C", "index_price": 49391.83, "direction": "buy", "amount": 0.5}, {"trade_seq": 2056, "trade_id": "128363485", "timestamp": 1613518903473, "tick_direction": 0, "price": 0.682, "mark_price": 0.68706751, "iv": 0.0, "instrument_name": "BTC-26MAR21-16000-C", "index_price": 49148.55, "direction": "buy", "amount": 0.1}, {"trade_seq": 2055, "trade_id": "128363480", "timestamp": 1613518884475, "tick_direction": 0, "price": 0.6795, "mark_price": 0.68708577, "iv": 0.0, "instrument_name": "BTC-26MAR21-16000-C", "index_price": 49147.3, "direction": "buy", "amount": 0.1}, {"trade_seq": 2054, "trade_id": "128363471", "timestamp": 1613518873488, "tick_direction": 2, "price": 0.6775, "mark_price": 0.68704867, "iv": 0.0, "instrument_name": "BTC-26MAR21-16000-C", "index_price": 49141.02, "direction": "buy", "amount": 0.1}, {"trade_seq": 2053, "trade_id": "128336116", "timestamp": 1613506513569, "tick_direction": 3, "price": 0.6825, "mark_price": 0.6817385, "iv": 179.19, "instrument_name": "BTC-26MAR21-16000-C", "index_price": 48405.57, "direction": "sell", "amount": 0.1}, {"trade_seq": 2052, "trade_id": "128336102", "timestamp": 1613506502114, "tick_direction": 3, "price": 0.6825, "mark_price": 0.68177504, "iv": 178.79, "instrument_name": "BTC-26MAR21-16000-C", "index_price": 48405.92, "direction": "sell", "amount": 0.1}, {"trade_seq": 2051, "trade_id": "128336084", "timestamp": 1613506487028, "tick_direction": 2, "price": 0.6825, "mark_price": 0.68165727, "iv": 179.95, "instrument_name": "BTC-26MAR21-16000-C", "index_price": 48384.3, "direction": "sell", "amount": 0.1}, {"trade_seq": 2050, "trade_id": "127542789", "timestamp": 1613281865565, "tick_direction": 0, "price": 0.687, "mark_price": 0.68735289, "iv": 160.31, "instrument_name": "BTC-26MAR21-16000-C", "index_price": 48607.41, "direction": "buy", "amount": 0.2}, {"trade_seq": 2049, "trade_id": "126961148", "timestamp": 1613075339322, "tick_direction": 0, "price": 0.686, "mark_price": 0.68580048, "iv": 164.89, "instrument_name": "BTC-26MAR21-16000-C", "index_price": 48624.65, "direction": "buy", "amount": 0.3}, {"trade_seq": 2048, "trade_id": "126939680", "timestamp": 1613068079681, "tick_direction": 0, "price": 0.6795, "mark_price": 0.67982399, "iv": 156.99, "instrument_name": "BTC-26MAR21-16000-C", "index_price": 47748.86, "direction": "buy", "amount": 0.1}, {"trade_seq": 2047, "trade_id": "126689552", "timestamp": 1612994276138, "tick_direction": 1, "price": 0.659, "mark_price": 0.65916204, "iv": 151.72, "instrument_name": "BTC-26MAR21-16000-C", "index_price": 44975.26, "direction": "buy", "amount": 0.3}, {"trade_seq": 2046, "trade_id": "126689544", "timestamp": 1612994269674, "tick_direction": 1, "price": 0.659, "mark_price": 0.65913957, "iv": 151.96, "instrument_name": "BTC-26MAR21-16000-C", "index_price": 44969.78, "direction": "buy", "amount": 0.2}, {"trade_seq": 2045, "trade_id": "126689543", "timestamp": 1612994269417, "tick_direction": 1, "price": 0.659, "mark_price": 0.65911434, "iv": 152.2, "instrument_name": "BTC-26MAR21-16000-C", "index_price": 44966.35, "direction": "buy", "amount": 0.1}, {"trade_seq": 2044, "trade_id": "126689542", "timestamp": 1612994269369, "tick_direction": 1, "price": 0.659, "mark_price": 0.65911434, "iv": 152.2, "instrument_name": "BTC-26MAR21-16000-C", "index_price": 44966.35, "direction": "buy", "amount": 0.1}, {"trade_seq": 2043, "trade_id": "126689537", "timestamp": 1612994266031, "tick_direction": 0, "price": 0.659, "mark_price": 0.65911744, "iv": 152.18, "instrument_name": "BTC-26MAR21-16000-C", "index_price": 44966.46, "direction": "buy", "amount": 0.3}, {"trade_seq": 2042, "trade_id": "126614105", "timestamp": 1612971944007, "tick_direction": 2, "price": 0.654, "mark_price": 0.6538718, "iv": 155.16, "instrument_name": "BTC-26MAR21-16000-C", "index_price": 44013.11, "direction": "sell", "amount": 0.2}, {"trade_seq": 2041, "trade_id": "125845353", "timestamp": 1612790728559, "tick_direction": 0, "price": 0.655, "mark_price": 0.65423625, "iv": 153.03, "instrument_name": "BTC-26MAR21-16000-C", "index_price": 44252.61, "direction": "buy", "amount": 0.1}, {"trade_seq": 2040, "trade_id": "124675647", "timestamp": 1612377924443, "tick_direction": 3, "price": 0.5925, "mark_price": 0.59169588, "iv": 144.32, "instrument_name": "BTC-26MAR21-16000-C", "index_price": 37088.97, "direction": "sell", "amount": 7.2}, {"trade_seq": 2039, "trade_id": "124675571", "timestamp": 1612377918138, "tick_direction": 3, "price": 0.5925, "mark_price": 0.59178445, "iv": 143.78, "instrument_name": "BTC-26MAR21-16000-C", "index_price": 37091.97, "direction": "sell", "amount": 0.1}, {"trade_seq": 2038, "trade_id": "124675568", "timestamp": 1612377917940, "tick_direction": 3, "price": 0.5925, "mark_price": 0.59178445, "iv": 143.78, "instrument_name": "BTC-26MAR21-16000-C", "index_price": 37091.97, "direction": "sell", "amount": 0.1}, {"trade_seq": 2037, "trade_id": "124675552", "timestamp": 1612377916850, "tick_direction": 3, "price": 0.5925, "mark_price": 0.5917898, "iv": 143.75, "instrument_name": "BTC-26MAR21-16000-C", "index_price": 37104.12, "direction": "sell", "amount": 0.2}, {"trade_seq": 2036, "trade_id": "124675545", "timestamp": 1612377916231, "tick_direction": 3, "price": 0.5925, "mark_price": 0.59179465, "iv": 143.75, "instrument_name": "BTC-26MAR21-16000-C", "index_price": 37104.12, "direction": "sell", "amount": 0.1}, {"trade_seq": 2035, "trade_id": "124675539", "timestamp": 1612377915047, "tick_direction": 3, "price": 0.5925, "mark_price": 0.59178692, "iv": 143.77, "instrument_name": "BTC-26MAR21-16000-C", "index_price": 37102.65, "direction": "sell", "amount": 10.0}, {"trade_seq": 2034, "trade_id": "124675537", "timestamp": 1612377913126, "tick_direction": 3, "price": 0.5925, "mark_price": 0.59186572, "iv": 143.76, "instrument_name": "BTC-26MAR21-16000-C", "index_price": 37103.16, "direction": "sell", "amount": 0.1}, {"trade_seq": 2033, "trade_id": "124675536", "timestamp": 1612377912959, "tick_direction": 3, "price": 0.5925, "mark_price": 0.59186572, "iv": 143.39, "instrument_name": "BTC-26MAR21-16000-C", "index_price": 37112.04, "direction": "sell", "amount": 0.1}, {"trade_seq": 2032, "trade_id": "124675535", "timestamp": 1612377912836, "tick_direction": 3, "price": 0.5925, "mark_price": 0.59186572, "iv": 143.39, "instrument_name": "BTC-26MAR21-16000-C", "index_price": 37112.04, "direction": "sell", "amount": 0.1}, {"trade_seq": 2031, "trade_id": "124675534", "timestamp": 1612377912623, "tick_direction": 3, "price": 0.5925, "mark_price": 0.59186572, "iv": 143.39, "instrument_name": "BTC-26MAR21-16000-C", "index_price": 37112.04, "direction": "sell", "amount": 0.1}, {"trade_seq": 2030, "trade_id": "124675528", "timestamp": 1612377910480, "tick_direction": 2, "price": 0.5925, "mark_price": 0.59197927, "iv": 143.01, "instrument_name": "BTC-26MAR21-16000-C", "index_price": 37118.52, "direction": "sell", "amount": 0.1}, {"trade_seq": 2029, "trade_id": "124674593", "timestamp": 1612377784684, "tick_direction": 3, "price": 0.593, "mark_price": 0.59233288, "iv": 143.6, "instrument_name": "BTC-26MAR21-16000-C", "index_price": 37133.3, "direction": "sell", "amount": 4.9}, {"trade_seq": 2028, "trade_id": "124674592", "timestamp": 1612377784524, "tick_direction": 3, "price": 0.593, "mark_price": 0.59233288, "iv": 143.56, "instrument_name": "BTC-26MAR21-16000-C", "index_price": 37137.21, "direction": "sell", "amount": 0.1}, {"trade_seq": 2027, "trade_id": "124674588", "timestamp": 1612377784150, "tick_direction": 3, "price": 0.593, "mark_price": 0.59249748, "iv": 143.56, "instrument_name": "BTC-26MAR21-16000-C", "index_price": 37137.21, "direction": "sell", "amount": 10.0}, {"trade_seq": 2026, "trade_id": "124674361", "timestamp": 1612377687222, "tick_direction": 2, "price": 0.593, "mark_price": 0.59246885, "iv": 142.96, "instrument_name": "BTC-26MAR21-16000-C", "index_price": 37153.8, "direction": "sell", "amount": 2.0}, {"trade_seq": 2025, "trade_id": "124674263", "timestamp": 1612377667371, "tick_direction": 1, "price": 0.5935, "mark_price": 0.59289189, "iv": 143.29, "instrument_name": "BTC-26MAR21-16000-C", "index_price": 37185.84, "direction": "sell", "amount": 2.0}, {"trade_seq": 2024, "trade_id": "124674168", "timestamp": 1612377629869, "tick_direction": 1, "price": 0.5935, "mark_price": 0.59298477, "iv": 143.46, "instrument_name": "BTC-26MAR21-16000-C", "index_price": 37188.65, "direction": "sell", "amount": 0.1}, {"trade_seq": 2023, "trade_id": "124674154", "timestamp": 1612377628907, "tick_direction": 1, "price": 0.5935, "mark_price": 0.593223, "iv": 142.88, "instrument_name": "BTC-26MAR21-16000-C", "index_price": 37200.9, "direction": "sell", "amount": 0.1}, {"trade_seq": 2022, "trade_id": "124674152", "timestamp": 1612377628825, "tick_direction": 1, "price": 0.5935, "mark_price": 0.593223, "iv": 142.88, "instrument_name": "BTC-26MAR21-16000-C", "index_price": 37200.9, "direction": "sell", "amount": 0.1}, {"trade_seq": 2021, "trade_id": "124674135", "timestamp": 1612377628351, "tick_direction": 0, "price": 0.5935, "mark_price": 0.593223, "iv": 142.88, "instrument_name": "BTC-26MAR21-16000-C", "index_price": 37200.9, "direction": "sell", "amount": 0.1}, {"trade_seq": 2020, "trade_id": "121684136", "timestamp": 1611580269459, "tick_direction": 0, "price": 0.56, "mark_price": 0.55968814, "iv": 126.01, "instrument_name": "BTC-26MAR21-16000-C", "index_price": 34406.03, "direction": "buy", "amount": 0.3}, {"trade_seq": 2019, "trade_id": "121496265", "timestamp": 1611515715874, "tick_direction": 2, "price": 0.5145, "mark_price": 0.51497496, "iv": 124.08, "instrument_name": "BTC-26MAR21-16000-C", "index_price": 31303.66, "direction": "sell", "amount": 0.1}, {"trade_seq": 2018, "trade_id": "121494534", "timestamp": 1611515638184, "tick_direction": 2, "price": 0.5175, "mark_price": 0.51826152, "iv": 123.98, "instrument_name": "BTC-26MAR21-16000-C", "index_price": 31510.2, "direction": "sell", "amount": 0.1}, {"trade_seq": 2017, "trade_id": "121284978", "timestamp": 1611418834909, "tick_direction": 2, "price": 0.524, "mark_price": 0.5258572, "iv": 118.64, "instrument_name": "BTC-26MAR21-16000-C", "index_price": 32026.27, "direction": "sell", "amount": 1.4}, {"trade_seq": 2016, "trade_id": "121284977", "timestamp": 1611418834909, "tick_direction": 0, "price": 0.5245, "mark_price": 0.5258572, "iv": 119.97, "instrument_name": "BTC-26MAR21-16000-C", "index_price": 32026.27, "direction": "sell", "amount": 0.1}, {"trade_seq": 2015, "trade_id": "120676177", "timestamp": 1611275274450, "tick_direction": 3, "price": 0.4935, "mark_price": 0.49066274, "iv": 132.83, "instrument_name": "BTC-26MAR21-16000-C", "index_price": 29459.17, "direction": "sell", "amount": 0.1}, {"trade_seq": 2014, "trade_id": "120673138", "timestamp": 1611275220704, "tick_direction": 2, "price": 0.4935, "mark_price": 0.49214842, "iv": 131.78, "instrument_name": "BTC-26MAR21-16000-C", "index_price": 29521.47, "direction": "sell", "amount": 0.1}, {"trade_seq": 2013, "trade_id": "120672934", "timestamp": 1611275212643, "tick_direction": 0, "price": 0.495, "mark_price": 0.49365693, "iv": 131.45, "instrument_name": "BTC-26MAR21-16000-C", "index_price": 29626.41, "direction": "sell", "amount": 0.1}, {"trade_seq": 2012, "trade_id": "120671647", "timestamp": 1611275184253, "tick_direction": 3, "price": 0.493, "mark_price": 0.49219666, "iv": 129.73, "instrument_name": "BTC-26MAR21-16000-C", "index_price": 29580.36, "direction": "sell", "amount": 0.1}, {"trade_seq": 2011, "trade_id": "120671519", "timestamp": 1611275179175, "tick_direction": 3, "price": 0.493, "mark_price": 0.49261434, "iv": 129.29, "instrument_name": "BTC-26MAR21-16000-C", "index_price": 29603.53, "direction": "sell", "amount": 0.1}, {"trade_seq": 2010, "trade_id": "120671394", "timestamp": 1611275176176, "tick_direction": 2, "price": 0.493, "mark_price": 0.49328572, "iv": 128.13, "instrument_name": "BTC-26MAR21-16000-C", "index_price": 29642.56, "direction": "sell", "amount": 0.1}, {"trade_seq": 2009, "trade_id": "120671176", "timestamp": 1611275170444, "tick_direction": 2, "price": 0.4945, "mark_price": 0.49440141, "iv": 128.82, "instrument_name": "BTC-26MAR21-16000-C", "index_price": 29707.33, "direction": "sell", "amount": 0.1}, {"trade_seq": 2008, "trade_id": "120435553", "timestamp": 1611241230951, "tick_direction": 3, "price": 0.519, "mark_price": 0.51836694, "iv": 134.61, "instrument_name": "BTC-26MAR21-16000-C", "index_price": 31045.05, "direction": "sell", "amount": 0.1}, {"trade_seq": 2007, "trade_id": "120435552", "timestamp": 1611241230951, "tick_direction": 3, "price": 0.519, "mark_price": 0.51836694, "iv": 134.61, "instrument_name": "BTC-26MAR21-16000-C", "index_price": 31045.05, "direction": "sell", "amount": 0.1}, {"trade_seq": 2006, "trade_id": "120435495", "timestamp": 1611241223968, "tick_direction": 3, "price": 0.519, "mark_price": 0.51833235, "iv": 134.7, "instrument_name": "BTC-26MAR21-16000-C", "index_price": 31043.01, "direction": "sell", "amount": 0.1}, {"trade_seq": 2005, "trade_id": "120435477", "timestamp": 1611241223181, "tick_direction": 2, "price": 0.519, "mark_price": 0.51833235, "iv": 134.77, "instrument_name": "BTC-26MAR21-16000-C", "index_price": 31039.24, "direction": "sell", "amount": 0.1}, {"trade_seq": 2004, "trade_id": "120435416", "timestamp": 1611241217748, "tick_direction": 1, "price": 0.5195, "mark_price": 0.51833476, "iv": 135.7, "instrument_name": "BTC-26MAR21-16000-C", "index_price": 31042.51, "direction": "sell", "amount": 0.1}, {"trade_seq": 2003, "trade_id": "120435405", "timestamp": 1611241217227, "tick_direction": 1, "price": 0.5195, "mark_price": 0.51833476, "iv": 135.71, "instrument_name": "BTC-26MAR21-16000-C", "index_price": 31047.36, "direction": "sell", "amount": 0.1}, {"trade_seq": 2002, "trade_id": "120435301", "timestamp": 1611241210464, "tick_direction": 0, "price": 0.5195, "mark_price": 0.51854393, "iv": 135.34, "instrument_name": "BTC-26MAR21-16000-C", "index_price": 31049.14, "direction": "sell", "amount": 0.1}, {"trade_seq": 2001, "trade_id": "120356959", "timestamp": 1611231306258, "tick_direction": 2, "price": 0.5185, "mark_price": 0.51937019, "iv": 129.69, "instrument_name": "BTC-26MAR21-16000-C", "index_price": 31339.28, "direction": "sell", "amount": 0.1}, {"trade_seq": 2000, "trade_id": "120356955", "timestamp": 1611231306025, "tick_direction": 0, "price": 0.519, "mark_price": 0.51937019, "iv": 130.68, "instrument_name": "BTC-26MAR21-16000-C", "index_price": 31339.28, "direction": "sell", "amount": 0.1}, {"trade_seq": 1999, "trade_id": "120356475", "timestamp": 1611231272415, "tick_direction": 2, "price": 0.5185, "mark_price": 0.51875831, "iv": 131.01, "instrument_name": "BTC-26MAR21-16000-C", "index_price": 31296.96, "direction": "sell", "amount": 0.1}, {"trade_seq": 1998, "trade_id": "120355135", "timestamp": 1611231209117, "tick_direction": 3, "price": 0.5205, "mark_price": 0.52066563, "iv": 131.33, "instrument_name": "BTC-26MAR21-16000-C", "index_price": 31438.52, "direction": "sell", "amount": 0.1}, {"trade_seq": 1997, "trade_id": "120355126", "timestamp": 1611231208013, "tick_direction": 2, "price": 0.5205, "mark_price": 0.52082143, "iv": 131.37, "instrument_name": "BTC-26MAR21-16000-C", "index_price": 31441.79, "direction": "sell", "amount": 0.1}, {"trade_seq": 1996, "trade_id": "120354139", "timestamp": 1611231166648, "tick_direction": 3, "price": 0.523, "mark_price": 0.52227873, "iv": 133.13, "instrument_name": "BTC-26MAR21-16000-C", "index_price": 31568.34, "direction": "sell", "amount": 0.1}, {"trade_seq": 1995, "trade_id": "120354132", "timestamp": 1611231165676, "tick_direction": 3, "price": 0.523, "mark_price": 0.52230203, "iv": 132.95, "instrument_name": "BTC-26MAR21-16000-C", "index_price": 31575.48, "direction": "sell", "amount": 0.1}, {"trade_seq": 1994, "trade_id": "120353966", "timestamp": 1611231157195, "tick_direction": 2, "price": 0.523, "mark_price": 0.52204549, "iv": 133.69, "instrument_name": "BTC-26MAR21-16000-C", "index_price": 31534.29, "direction": "sell", "amount": 0.1}, {"trade_seq": 1993, "trade_id": "120353700", "timestamp": 1611231148603, "tick_direction": 0, "price": 0.5235, "mark_price": 0.52397523, "iv": 130.77, "instrument_name": "BTC-26MAR21-16000-C", "index_price": 31672.6, "direction": "sell", "amount": 0.1}, {"trade_seq": 1992, "trade_id": "120352372", "timestamp": 1611231055624, "tick_direction": 3, "price": 0.523, "mark_price": 0.52301471, "iv": 131.67, "instrument_name": "BTC-26MAR21-16000-C", "index_price": 31593.82, "direction": "sell", "amount": 0.1}, {"trade_seq": 1991, "trade_id": "120352121", "timestamp": 1611231035525, "tick_direction": 2, "price": 0.523, "mark_price": 0.52179351, "iv": 134.07, "instrument_name": "BTC-26MAR21-16000-C", "index_price": 31498.59, "direction": "sell", "amount": 0.1}, {"trade_seq": 1990, "trade_id": "120351659", "timestamp": 1611230996668, "tick_direction": 2, "price": 0.525, "mark_price": 0.52246472, "iv": 136.64, "instrument_name": "BTC-26MAR21-16000-C", "index_price": 31534.05, "direction": "sell", "amount": 0.1}, {"trade_seq": 1989, "trade_id": "120351207", "timestamp": 1611230966881, "tick_direction": 1, "price": 0.5265, "mark_price": 0.52361374, "iv": 137.44, "instrument_name": "BTC-26MAR21-16000-C", "index_price": 31596.11, "direction": "sell", "amount": 0.1}, {"trade_seq": 1988, "trade_id": "120351199", "timestamp": 1611230966564, "tick_direction": 1, "price": 0.5265, "mark_price": 0.52361374, "iv": 137.44, "instrument_name": "BTC-26MAR21-16000-C", "index_price": 31596.11, "direction": "sell", "amount": 0.1}, {"trade_seq": 1987, "trade_id": "120351073", "timestamp": 1611230958064, "tick_direction": 0, "price": 0.5265, "mark_price": 0.52372894, "iv": 137.18, "instrument_name": "BTC-26MAR21-16000-C", "index_price": 31622.02, "direction": "sell", "amount": 0.1}, {"trade_seq": 1986, "trade_id": "120348961", "timestamp": 1611230871220, "tick_direction": 1, "price": 0.526, "mark_price": 0.52599811, "iv": 132.0, "instrument_name": "BTC-26MAR21-16000-C", "index_price": 31770.36, "direction": "sell", "amount": 0.1}, {"trade_seq": 1985, "trade_id": "120348337", "timestamp": 1611230826856, "tick_direction": 1, "price": 0.526, "mark_price": 0.52575549, "iv": 132.56, "instrument_name": "BTC-26MAR21-16000-C", "index_price": 31766.29, "direction": "sell", "amount": 0.1}, {"trade_seq": 1984, "trade_id": "120348243", "timestamp": 1611230819247, "tick_direction": 0, "price": 0.526, "mark_price": 0.52544346, "iv": 133.2, "instrument_name": "BTC-26MAR21-16000-C", "index_price": 31744.41, "direction": "sell", "amount": 0.1}, {"trade_seq": 1983, "trade_id": "120346395", "timestamp": 1611230735227, "tick_direction": 2, "price": 0.5255, "mark_price": 0.52573604, "iv": 131.65, "instrument_name": "BTC-26MAR21-16000-C", "index_price": 31758.61, "direction": "sell", "amount": 0.1}, {"trade_seq": 1982, "trade_id": "120344495", "timestamp": 1611230663399, "tick_direction": 1, "price": 0.531, "mark_price": 0.53031978, "iv": 134.52, "instrument_name": "BTC-26MAR21-16000-C", "index_price": 32047.19, "direction": "sell", "amount": 0.1}, {"trade_seq": 1981, "trade_id": "120344480", "timestamp": 1611230661900, "tick_direction": 1, "price": 0.531, "mark_price": 0.5303328, "iv": 133.84, "instrument_name": "BTC-26MAR21-16000-C", "index_price": 32072.79, "direction": "sell", "amount": 0.1}, {"trade_seq": 1980, "trade_id": "120344419", "timestamp": 1611230656720, "tick_direction": 1, "price": 0.531, "mark_price": 0.52984068, "iv": 134.83, "instrument_name": "BTC-26MAR21-16000-C", "index_price": 32035.24, "direction": "sell", "amount": 0.1}, {"trade_seq": 1979, "trade_id": "120344412", "timestamp": 1611230656112, "tick_direction": 1, "price": 0.531, "mark_price": 0.52979567, "iv": 134.83, "instrument_name": "BTC-26MAR21-16000-C", "index_price": 32035.24, "direction": "sell", "amount": 0.1}, {"trade_seq": 1978, "trade_id": "120344200", "timestamp": 1611230635565, "tick_direction": 1, "price": 0.531, "mark_price": 0.52933753, "iv": 135.86, "instrument_name": "BTC-26MAR21-16000-C", "index_price": 31998.54, "direction": "sell", "amount": 0.1}, {"trade_seq": 1977, "trade_id": "120344199", "timestamp": 1611230635565, "tick_direction": 1, "price": 0.531, "mark_price": 0.52933753, "iv": 135.86, "instrument_name": "BTC-26MAR21-16000-C", "index_price": 31998.54, "direction": "sell", "amount": 0.1}, {"trade_seq": 1976, "trade_id": "120344060", "timestamp": 1611230629369, "tick_direction": 0, "price": 0.531, "mark_price": 0.52931054, "iv": 135.93, "instrument_name": "BTC-26MAR21-16000-C", "index_price": 32007.17, "direction": "sell", "amount": 0.1}, {"trade_seq": 1975, "trade_id": "120344050", "timestamp": 1611230629234, "tick_direction": 2, "price": 0.53, "mark_price": 0.52941186, "iv": 133.92, "instrument_name": "BTC-26MAR21-16000-C", "index_price": 32007.17, "direction": "sell", "amount": 0.1}, {"trade_seq": 1974, "trade_id": "120343836", "timestamp": 1611230618818, "tick_direction": 3, "price": 0.5305, "mark_price": 0.53032963, "iv": 132.88, "instrument_name": "BTC-26MAR21-16000-C", "index_price": 32074.09, "direction": "sell", "amount": 0.1}, {"trade_seq": 1973, "trade_id": "120343835", "timestamp": 1611230618818, "tick_direction": 2, "price": 0.5305, "mark_price": 0.53032963, "iv": 132.88, "instrument_name": "BTC-26MAR21-16000-C", "index_price": 32074.09, "direction": "sell", "amount": 0.1}, {"trade_seq": 1972, "trade_id": "120300562", "timestamp": 1611223975898, "tick_direction": 3, "price": 0.5355, "mark_price": 0.53504652, "iv": 134.01, "instrument_name": "BTC-26MAR21-16000-C", "index_price": 32427.87, "direction": "sell", "amount": 0.1}, {"trade_seq": 1971, "trade_id": "120300498", "timestamp": 1611223971234, "tick_direction": 3, "price": 0.5355, "mark_price": 0.53528688, "iv": 133.71, "instrument_name": "BTC-26MAR21-16000-C", "index_price": 32441.2, "direction": "sell", "amount": 0.1}, {"trade_seq": 1970, "trade_id": "120300496", "timestamp": 1611223970736, "tick_direction": 2, "price": 0.5355, "mark_price": 0.53527628, "iv": 133.52, "instrument_name": "BTC-26MAR21-16000-C", "index_price": 32446.59, "direction": "sell", "amount": 0.1}, {"trade_seq": 1969, "trade_id": "120119952", "timestamp": 1611180803024, "tick_direction": 2, "price": 0.566, "mark_price": 0.56860945, "iv": 132.33, "instrument_name": "BTC-26MAR21-16000-C", "index_price": 34812.53, "direction": "buy", "amount": 0.1}, {"trade_seq": 1968, "trade_id": "119592864", "timestamp": 1611046542310, "tick_direction": 2, "price": 0.5895, "mark_price": 0.60444945, "iv": 0.0, "instrument_name": "BTC-26MAR21-16000-C", "index_price": 37213.56, "direction": "sell", "amount": 0.2}, {"trade_seq": 1967, "trade_id": "119326164", "timestamp": 1610974406587, "tick_direction": 1, "price": 0.599, "mark_price": 0.59973155, "iv": 143.09, "instrument_name": "BTC-26MAR21-16000-C", "index_price": 36983.53, "direction": "buy", "amount": 0.8}, {"trade_seq": 1966, "trade_id": "119326163", "timestamp": 1610974404801, "tick_direction": 1, "price": 0.599, "mark_price": 0.59977266, "iv": 143.26, "instrument_name": "BTC-26MAR21-16000-C", "index_price": 36979.63, "direction": "buy", "amount": 0.1}, {"trade_seq": 1965, "trade_id": "119326157", "timestamp": 1610974403811, "tick_direction": 1, "price": 0.599, "mark_price": 0.59987799, "iv": 143.16, "instrument_name": "BTC-26MAR21-16000-C", "index_price": 36983.39, "direction": "buy", "amount": 0.3}, {"trade_seq": 1964, "trade_id": "119326156", "timestamp": 1610974403531, "tick_direction": 0, "price": 0.599, "mark_price": 0.59987799, "iv": 143.16, "instrument_name": "BTC-26MAR21-16000-C", "index_price": 36983.39, "direction": "buy", "amount": 0.8}, {"trade_seq": 1963, "trade_id": "119059660", "timestamp": 1610887723729, "tick_direction": 2, "price": 0.567, "mark_price": 0.58096274, "iv": 101.07, "instrument_name": "BTC-26MAR21-16000-C", "index_price": 35329.05, "direction": "sell", "amount": 0.2}, {"trade_seq": 1962, "trade_id": "118506365", "timestamp": 1610726838097, "tick_direction": 0, "price": 0.58, "mark_price": 0.57861704, "iv": 147.79, "instrument_name": "BTC-26MAR21-16000-C", "index_price": 34604.2, "direction": "sell", "amount": 0.1}, {"trade_seq": 1961, "trade_id": "118502229", "timestamp": 1610726687661, "tick_direction": 2, "price": 0.579, "mark_price": 0.57831541, "iv": 147.24, "instrument_name": "BTC-26MAR21-16000-C", "index_price": 34573.02, "direction": "sell", "amount": 0.1}, {"trade_seq": 1960, "trade_id": "118502045", "timestamp": 1610726683648, "tick_direction": 2, "price": 0.5795, "mark_price": 0.57887161, "iv": 147.17, "instrument_name": "BTC-26MAR21-16000-C", "index_price": 34621.86, "direction": "sell", "amount": 0.1}, {"trade_seq": 1959, "trade_id": "118490950", "timestamp": 1610726212926, "tick_direction": 1, "price": 0.5885, "mark_price": 0.58688059, "iv": 148.89, "instrument_name": "BTC-26MAR21-16000-C", "index_price": 35341.66, "direction": "sell", "amount": 0.1}, {"trade_seq": 1958, "trade_id": "118490572", "timestamp": 1610726190786, "tick_direction": 1, "price": 0.5885, "mark_price": 0.58837323, "iv": 146.06, "instrument_name": "BTC-26MAR21-16000-C", "index_price": 35453.19, "direction": "sell", "amount": 0.1}, {"trade_seq": 1957, "trade_id": "118490551", "timestamp": 1610726189608, "tick_direction": 0, "price": 0.5885, "mark_price": 0.5884482, "iv": 145.71, "instrument_name": "BTC-26MAR21-16000-C", "index_price": 35461.16, "direction": "sell", "amount": 0.1}, {"trade_seq": 1956, "trade_id": "118489674", "timestamp": 1610726137862, "tick_direction": 3, "price": 0.5875, "mark_price": 0.58706252, "iv": 146.27, "instrument_name": "BTC-26MAR21-16000-C", "index_price": 35357.06, "direction": "sell", "amount": 0.1}, {"trade_seq": 1955, "trade_id": "118489672", "timestamp": 1610726137711, "tick_direction": 2, "price": 0.5875, "mark_price": 0.58706252, "iv": 146.27, "instrument_name": "BTC-26MAR21-16000-C", "index_price": 35357.06, "direction": "sell", "amount": 0.1}, {"trade_seq": 1954, "trade_id": "118228640", "timestamp": 1610659119972, "tick_direction": 1, "price": 0.621, "mark_price": 0.61978956, "iv": 150.6, "instrument_name": "BTC-26MAR21-16000-C", "index_price": 38889.5, "direction": "sell", "amount": 0.1}, {"trade_seq": 1953, "trade_id": "118228619", "timestamp": 1610659116926, "tick_direction": 0, "price": 0.621, "mark_price": 0.61981155, "iv": 150.55, "instrument_name": "BTC-26MAR21-16000-C", "index_price": 38886.34, "direction": "sell", "amount": 0.1}, {"trade_seq": 1952, "trade_id": "117735695", "timestamp": 1610533291457, "tick_direction": 2, "price": 0.571, "mark_price": 0.57892083, "iv": 121.53, "instrument_name": "BTC-26MAR21-16000-C", "index_price": 34914.7, "direction": "sell", "amount": 2.8}, {"trade_seq": 1951, "trade_id": "117735694", "timestamp": 1610533291457, "tick_direction": 0, "price": 0.5715, "mark_price": 0.57892083, "iv": 122.93, "instrument_name": "BTC-26MAR21-16000-C", "index_price": 34914.7, "direction": "sell", "amount": 0.1}, {"trade_seq": 1950, "trade_id": "117735649", "timestamp": 1610533277709, "tick_direction": 1, "price": 0.571, "mark_price": 0.57839694, "iv": 123.08, "instrument_name": "BTC-26MAR21-16000-C", "index_price": 34878.8, "direction": "buy", "amount": 0.9}, {"trade_seq": 1949, "trade_id": "117735647", "timestamp": 1610533277701, "tick_direction": 0, "price": 0.571, "mark_price": 0.57839694, "iv": 123.08, "instrument_name": "BTC-26MAR21-16000-C", "index_price": 34878.8, "direction": "sell", "amount": 0.1}, {"trade_seq": 1948, "trade_id": "117735620", "timestamp": 1610533269477, "tick_direction": 1, "price": 0.5705, "mark_price": 0.57835083, "iv": 121.87, "instrument_name": "BTC-26MAR21-16000-C", "index_price": 34865.95, "direction": "sell", "amount": 1.0}, {"trade_seq": 1947, "trade_id": "117735611", "timestamp": 1610533265891, "tick_direction": 1, "price": 0.5705, "mark_price": 0.57835785, "iv": 121.79, "instrument_name": "BTC-26MAR21-16000-C", "index_price": 34866.83, "direction": "buy", "amount": 0.9}, {"trade_seq": 1946, "trade_id": "117735610", "timestamp": 1610533265889, "tick_direction": 0, "price": 0.5705, "mark_price": 0.57835785, "iv": 121.79, "instrument_name": "BTC-26MAR21-16000-C", "index_price": 34866.83, "direction": "sell", "amount": 0.1}, {"trade_seq": 1945, "trade_id": "117735603", "timestamp": 1610533261891, "tick_direction": 0, "price": 0.57, "mark_price": 0.57829661, "iv": 120.55, "instrument_name": "BTC-26MAR21-16000-C", "index_price": 34861.94, "direction": "sell", "amount": 1.0}, {"trade_seq": 1944, "trade_id": "117735551", "timestamp": 1610533237777, "tick_direction": 3, "price": 0.565, "mark_price": 0.57893095, "iv": 99.8, "instrument_name": "BTC-26MAR21-16000-C", "index_price": 34910.79, "direction": "sell", "amount": 0.8}, {"trade_seq": 1943, "trade_id": "117735550", "timestamp": 1610533237777, "tick_direction": 3, "price": 0.565, "mark_price": 0.57893095, "iv": 99.8, "instrument_name": "BTC-26MAR21-16000-C", "index_price": 34910.79, "direction": "sell", "amount": 0.1}, {"trade_seq": 1942, "trade_id": "117735549", "timestamp": 1610533237777, "tick_direction": 2, "price": 0.565, "mark_price": 0.57893095, "iv": 99.8, "instrument_name": "BTC-26MAR21-16000-C", "index_price": 34910.79, "direction": "sell", "amount": 0.1}, {"trade_seq": 1941, "trade_id": "117348942", "timestamp": 1610458924154, "tick_direction": 0, "price": 0.569, "mark_price": 0.56844857, "iv": 141.32, "instrument_name": "BTC-26MAR21-16000-C", "index_price": 33943.19, "direction": "sell", "amount": 0.1}, {"trade_seq": 1940, "trade_id": "117348880", "timestamp": 1610458921124, "tick_direction": 2, "price": 0.5685, "mark_price": 0.56882335, "iv": 139.73, "instrument_name": "BTC-26MAR21-16000-C", "index_price": 33965.97, "direction": "sell", "amount": 0.1}, {"trade_seq": 1939, "trade_id": "116618277", "timestamp": 1610367684818, "tick_direction": 0, "price": 0.57, "mark_price": 0.57061759, "iv": 133.96, "instrument_name": "BTC-26MAR21-16000-C", "index_price": 34320.35, "direction": "buy", "amount": 0.1}, {"trade_seq": 1938, "trade_id": "116615531", "timestamp": 1610367500152, "tick_direction": 2, "price": 0.552, "mark_price": 0.56558673, "iv": 97.93, "instrument_name": "BTC-26MAR21-16000-C", "index_price": 33873.51, "direction": "buy", "amount": 0.3}, {"trade_seq": 1937, "trade_id": "115761698", "timestamp": 1610268927143, "tick_direction": 0, "price": 0.6315, "mark_price": 0.63824884, "iv": 127.68, "instrument_name": "BTC-26MAR21-16000-C", "index_price": 40880.69, "direction": "sell", "amount": 1.0}, {"trade_seq": 1936, "trade_id": "115759934", "timestamp": 1610268383208, "tick_direction": 0, "price": 0.63, "mark_price": 0.63685539, "iv": 127.67, "instrument_name": "BTC-26MAR21-16000-C", "index_price": 40723.67, "direction": "buy", "amount": 0.1}, {"trade_seq": 1935, "trade_id": "115758116", "timestamp": 1610267017355, "tick_direction": 2, "price": 0.623, "mark_price": 0.63756389, "iv": 0.0, "instrument_name": "BTC-26MAR21-16000-C", "index_price": 40774.98, "direction": "sell", "amount": 1.0}, {"trade_seq": 1934, "trade_id": "115632227", "timestamp": 1610221482328, "tick_direction": 0, "price": 0.6335, "mark_price": 0.63341779, "iv": 145.09, "instrument_name": "BTC-26MAR21-16000-C", "index_price": 40770.91, "direction": "buy", "amount": 0.1}, {"trade_seq": 1933, "trade_id": "115355765", "timestamp": 1610155879187, "tick_direction": 2, "price": 0.613, "mark_price": 0.62483043, "iv": 0.0, "instrument_name": "BTC-26MAR21-16000-C", "index_price": 40115.69, "direction": "sell", "amount": 13.0}, {"trade_seq": 1932, "trade_id": "114687088", "timestamp": 1610057991977, "tick_direction": 1, "price": 0.62, "mark_price": 0.61976587, "iv": 125.51, "instrument_name": "BTC-26MAR21-16000-C", "index_price": 39544.47, "direction": "buy", "amount": 0.1}, {"trade_seq": 1931, "trade_id": "114687087", "timestamp": 1610057991814, "tick_direction": 0, "price": 0.62, "mark_price": 0.61976587, "iv": 125.51, "instrument_name": "BTC-26MAR21-16000-C", "index_price": 39544.47, "direction": "buy", "amount": 0.1}, {"trade_seq": 1930, "trade_id": "114488898", "timestamp": 1610038293791, "tick_direction": 2, "price": 0.617, "mark_price": 0.61636446, "iv": 130.37, "instrument_name": "BTC-26MAR21-16000-C", "index_price": 39115.89, "direction": "buy", "amount": 49.4}, {"trade_seq": 1929, "trade_id": "114470651", "timestamp": 1610035857886, "tick_direction": 0, "price": 0.6215, "mark_price": 0.61986237, "iv": 129.03, "instrument_name": "BTC-26MAR21-16000-C", "index_price": 39604.62, "direction": "buy", "amount": 0.3}, {"trade_seq": 1928, "trade_id": "114467639", "timestamp": 1610035736034, "tick_direction": 1, "price": 0.6185, "mark_price": 0.61778942, "iv": 127.19, "instrument_name": "BTC-26MAR21-16000-C", "index_price": 39383.18, "direction": "buy", "amount": 0.1}, {"trade_seq": 1927, "trade_id": "114467617", "timestamp": 1610035735690, "tick_direction": 1, "price": 0.6185, "mark_price": 0.61778942, "iv": 128.11, "instrument_name": "BTC-26MAR21-16000-C", "index_price": 39350.32, "direction": "buy", "amount": 0.1}, {"trade_seq": 1926, "trade_id": "114467605", "timestamp": 1610035735551, "tick_direction": 0, "price": 0.6185, "mark_price": 0.61778942, "iv": 128.11, "instrument_name": "BTC-26MAR21-16000-C", "index_price": 39350.32, "direction": "buy", "amount": 0.1}, {"trade_seq": 1925, "trade_id": "114349201", "timestamp": 1610007913064, "tick_direction": 2, "price": 0.5905, "mark_price": 0.59087736, "iv": 118.43, "instrument_name": "BTC-26MAR21-16000-C", "index_price": 36635.5, "direction": "buy", "amount": 38.2}, {"trade_seq": 1924, "trade_id": "114309700", "timestamp": 1609997721414, "tick_direction": 1, "price": 0.6015, "mark_price": 0.60183202, "iv": 118.51, "instrument_name": "BTC-26MAR21-16000-C", "index_price": 37723.65, "direction": "buy", "amount": 0.1}, {"trade_seq": 1923, "trade_id": "114309695", "timestamp": 1609997720869, "tick_direction": 1, "price": 0.6015, "mark_price": 0.60183202, "iv": 118.51, "instrument_name": "BTC-26MAR21-16000-C", "index_price": 37722.03, "direction": "buy", "amount": 0.1}, {"trade_seq": 1922, "trade_id": "114309691", "timestamp": 1609997719781, "tick_direction": 1, "price": 0.6015, "mark_price": 0.60181459, "iv": 118.55, "instrument_name": "BTC-26MAR21-16000-C", "index_price": 37722.43, "direction": "buy", "amount": 0.1}, {"trade_seq": 1921, "trade_id": "114309690", "timestamp": 1609997719598, "tick_direction": 0, "price": 0.6015, "mark_price": 0.60181459, "iv": 118.55, "instrument_name": "BTC-26MAR21-16000-C", "index_price": 37722.43, "direction": "buy", "amount": 0.3}, {"trade_seq": 1920, "trade_id": "114308522", "timestamp": 1609997118926, "tick_direction": 1, "price": 0.6005, "mark_price": 0.60082457, "iv": 118.39, "instrument_name": "BTC-26MAR21-16000-C", "index_price": 37634.89, "direction": "buy", "amount": 0.1}, {"trade_seq": 1919, "trade_id": "114308521", "timestamp": 1609997118749, "tick_direction": 1, "price": 0.6005, "mark_price": 0.60082457, "iv": 118.39, "instrument_name": "BTC-26MAR21-16000-C", "index_price": 37634.89, "direction": "buy", "amount": 0.1}, {"trade_seq": 1918, "trade_id": "114308513", "timestamp": 1609997115497, "tick_direction": 1, "price": 0.6005, "mark_price": 0.60072551, "iv": 118.57, "instrument_name": "BTC-26MAR21-16000-C", "index_price": 37632.96, "direction": "buy", "amount": 0.1}, {"trade_seq": 1917, "trade_id": "114308501", "timestamp": 1609997113776, "tick_direction": 1, "price": 0.6005, "mark_price": 0.60071346, "iv": 118.7, "instrument_name": "BTC-26MAR21-16000-C", "index_price": 37624.14, "direction": "buy", "amount": 0.1}, {"trade_seq": 1916, "trade_id": "114308499", "timestamp": 1609997113327, "tick_direction": 1, "price": 0.6005, "mark_price": 0.60071346, "iv": 118.7, "instrument_name": "BTC-26MAR21-16000-C", "index_price": 37624.14, "direction": "buy", "amount": 0.1}, {"trade_seq": 1915, "trade_id": "114308492", "timestamp": 1609997112429, "tick_direction": 1, "price": 0.6005, "mark_price": 0.60069397, "iv": 118.73, "instrument_name": "BTC-26MAR21-16000-C", "index_price": 37622.65, "direction": "buy", "amount": 0.1}, {"trade_seq": 1914, "trade_id": "114308482", "timestamp": 1609997110079, "tick_direction": 1, "price": 0.6005, "mark_price": 0.60054888, "iv": 119.1, "instrument_name": "BTC-26MAR21-16000-C", "index_price": 37612.88, "direction": "buy", "amount": 0.1}, {"trade_seq": 1913, "trade_id": "114308481", "timestamp": 1609997109818, "tick_direction": 0, "price": 0.6005, "mark_price": 0.60053657, "iv": 119.28, "instrument_name": "BTC-26MAR21-16000-C", "index_price": 37609.54, "direction": "buy", "amount": 0.1}, {"trade_seq": 1912, "trade_id": "114307270", "timestamp": 1609996401679, "tick_direction": 3, "price": 0.5985, "mark_price": 0.59877407, "iv": 118.74, "instrument_name": "BTC-26MAR21-16000-C", "index_price": 37432.96, "direction": "buy", "amount": 0.1}, {"trade_seq": 1911, "trade_id": "114307267", "timestamp": 1609996401178, "tick_direction": 3, "price": 0.5985, "mark_price": 0.59877407, "iv": 118.74, "instrument_name": "BTC-26MAR21-16000-C", "index_price": 37432.96, "direction": "buy", "amount": 0.1}, {"trade_seq": 1910, "trade_id": "114300428", "timestamp": 1609994022140, "tick_direction": 3, "price": 0.5985, "mark_price": 0.59872723, "iv": 119.2, "instrument_name": "BTC-26MAR21-16000-C", "index_price": 37422.93, "direction": "buy", "amount": 0.2}, {"trade_seq": 1909, "trade_id": "114300424", "timestamp": 1609994021989, "tick_direction": 2, "price": 0.5985, "mark_price": 0.59872723, "iv": 119.2, "instrument_name": "BTC-26MAR21-16000-C", "index_price": 37422.93, "direction": "buy", "amount": 0.1}, {"trade_seq": 1908, "trade_id": "114288297", "timestamp": 1609990957962, "tick_direction": 1, "price": 0.6025, "mark_price": 0.60288892, "iv": 118.47, "instrument_name": "BTC-26MAR21-16000-C", "index_price": 37773.38, "direction": "buy", "amount": 0.1}, {"trade_seq": 1907, "trade_id": "114288280", "timestamp": 1609990955528, "tick_direction": 1, "price": 0.6025, "mark_price": 0.60287921, "iv": 118.5, "instrument_name": "BTC-26MAR21-16000-C", "index_price": 37772.66, "direction": "buy", "amount": 0.1}, {"trade_seq": 1906, "trade_id": "114288277", "timestamp": 1609990955300, "tick_direction": 1, "price": 0.6025, "mark_price": 0.60286189, "iv": 118.56, "instrument_name": "BTC-26MAR21-16000-C", "index_price": 37772.62, "direction": "buy", "amount": 0.1}, {"trade_seq": 1905, "trade_id": "114288276", "timestamp": 1609990955097, "tick_direction": 1, "price": 0.6025, "mark_price": 0.60286189, "iv": 118.56, "instrument_name": "BTC-26MAR21-16000-C", "index_price": 37772.62, "direction": "buy", "amount": 0.1}, {"trade_seq": 1904, "trade_id": "114288247", "timestamp": 1609990943978, "tick_direction": 1, "price": 0.6025, "mark_price": 0.60266721, "iv": 119.22, "instrument_name": "BTC-26MAR21-16000-C", "index_price": 37752.79, "direction": "buy", "amount": 0.3}, {"trade_seq": 1903, "trade_id": "114288226", "timestamp": 1609990942215, "tick_direction": 1, "price": 0.6025, "mark_price": 0.60256725, "iv": 119.55, "instrument_name": "BTC-26MAR21-16000-C", "index_price": 37746.17, "direction": "buy", "amount": 0.1}, {"trade_seq": 1902, "trade_id": "114288225", "timestamp": 1609990942156, "tick_direction": 1, "price": 0.6025, "mark_price": 0.60256725, "iv": 119.55, "instrument_name": "BTC-26MAR21-16000-C", "index_price": 37746.17, "direction": "buy", "amount": 0.2}, {"trade_seq": 1901, "trade_id": "114288224", "timestamp": 1609990941910, "tick_direction": 1, "price": 0.6025, "mark_price": 0.60256725, "iv": 119.55, "instrument_name": "BTC-26MAR21-16000-C", "index_price": 37746.17, "direction": "buy", "amount": 0.2}, {"trade_seq": 1900, "trade_id": "114288192", "timestamp": 1609990929405, "tick_direction": 0, "price": 0.6025, "mark_price": 0.60239618, "iv": 119.99, "instrument_name": "BTC-26MAR21-16000-C", "index_price": 37736.03, "direction": "buy", "amount": 0.1}, {"trade_seq": 1899, "trade_id": "114284463", "timestamp": 1609989917230, "tick_direction": 1, "price": 0.6005, "mark_price": 0.60073481, "iv": 118.49, "instrument_name": "BTC-26MAR21-16000-C", "index_price": 37578.98, "direction": "buy", "amount": 0.1}, {"trade_seq": 1898, "trade_id": "114283522", "timestamp": 1609989690862, "tick_direction": 1, "price": 0.6005, "mark_price": 0.60056075, "iv": 119.1, "instrument_name": "BTC-26MAR21-16000-C", "index_price": 37559.01, "direction": "buy", "amount": 0.1}, {"trade_seq": 1897, "trade_id": "114283486", "timestamp": 1609989685689, "tick_direction": 1, "price": 0.6005, "mark_price": 0.60056729, "iv": 119.08, "instrument_name": "BTC-26MAR21-16000-C", "index_price": 37557.31, "direction": "buy", "amount": 0.1}, {"trade_seq": 1896, "trade_id": "114283485", "timestamp": 1609989685369, "tick_direction": 0, "price": 0.6005, "mark_price": 0.60056729, "iv": 119.08, "instrument_name": "BTC-26MAR21-16000-C", "index_price": 37557.31, "direction": "buy", "amount": 0.1}, {"trade_seq": 1895, "trade_id": "114279859", "timestamp": 1609989435392, "tick_direction": 0, "price": 0.5975, "mark_price": 0.59775935, "iv": 118.41, "instrument_name": "BTC-26MAR21-16000-C", "index_price": 37312.78, "direction": "buy", "amount": 0.2}, {"trade_seq": 1894, "trade_id": "114266233", "timestamp": 1609985010877, "tick_direction": 3, "price": 0.5955, "mark_price": 0.59597862, "iv": 118.96, "instrument_name": "BTC-26MAR21-16000-C", "index_price": 37117.22, "direction": "buy", "amount": 0.2}, {"trade_seq": 1893, "trade_id": "114266232", "timestamp": 1609985010733, "tick_direction": 3, "price": 0.5955, "mark_price": 0.59597862, "iv": 118.96, "instrument_name": "BTC-26MAR21-16000-C", "index_price": 37117.22, "direction": "buy", "amount": 0.2}, {"trade_seq": 1892, "trade_id": "114266200", "timestamp": 1609985010090, "tick_direction": 3, "price": 0.5955, "mark_price": 0.59593731, "iv": 119.1, "instrument_name": "BTC-26MAR21-16000-C", "index_price": 37084.2, "direction": "buy", "amount": 0.5}, {"trade_seq": 1891, "trade_id": "114259579", "timestamp": 1609982901929, "tick_direction": 3, "price": 0.5955, "mark_price": 0.59590741, "iv": 118.65, "instrument_name": "BTC-26MAR21-16000-C", "index_price": 37125.41, "direction": "buy", "amount": 0.1}, {"trade_seq": 1890, "trade_id": "114259565", "timestamp": 1609982901009, "tick_direction": 3, "price": 0.5955, "mark_price": 0.59589256, "iv": 118.65, "instrument_name": "BTC-26MAR21-16000-C", "index_price": 37125.41, "direction": "buy", "amount": 0.1}, {"trade_seq": 1889, "trade_id": "114259564", "timestamp": 1609982900914, "tick_direction": 3, "price": 0.5955, "mark_price": 0.59589256, "iv": 118.7, "instrument_name": "BTC-26MAR21-16000-C", "index_price": 37118.18, "direction": "buy", "amount": 0.1}, {"trade_seq": 1888, "trade_id": "114259561", "timestamp": 1609982900652, "tick_direction": 3, "price": 0.5955, "mark_price": 0.59589256, "iv": 118.7, "instrument_name": "BTC-26MAR21-16000-C", "index_price": 37118.18, "direction": "buy", "amount": 0.1}, {"trade_seq": 1887, "trade_id": "114255804", "timestamp": 1609982174233, "tick_direction": 2, "price": 0.5955, "mark_price": 0.59602141, "iv": 118.71, "instrument_name": "BTC-26MAR21-16000-C", "index_price": 37097.25, "direction": "buy", "amount": 0.1}, {"trade_seq": 1886, "trade_id": "114254387", "timestamp": 1609981969533, "tick_direction": 1, "price": 0.5965, "mark_price": 0.5970771, "iv": 118.68, "instrument_name": "BTC-26MAR21-16000-C", "index_price": 37204.5, "direction": "buy", "amount": 0.1}, {"trade_seq": 1885, "trade_id": "114250294", "timestamp": 1609981053002, "tick_direction": 1, "price": 0.5965, "mark_price": 0.59718905, "iv": 118.43, "instrument_name": "BTC-26MAR21-16000-C", "index_price": 37237.18, "direction": "buy", "amount": 0.1}, {"trade_seq": 1884, "trade_id": "114250292", "timestamp": 1609981052908, "tick_direction": 1, "price": 0.5965, "mark_price": 0.59718905, "iv": 118.48, "instrument_name": "BTC-26MAR21-16000-C", "index_price": 37229.57, "direction": "buy", "amount": 0.2}, {"trade_seq": 1883, "trade_id": "114250289", "timestamp": 1609981052328, "tick_direction": 1, "price": 0.5965, "mark_price": 0.59699737, "iv": 118.48, "instrument_name": "BTC-26MAR21-16000-C", "index_price": 37229.57, "direction": "buy", "amount": 0.2}, {"trade_seq": 1882, "trade_id": "114250286", "timestamp": 1609981052202, "tick_direction": 0, "price": 0.5965, "mark_price": 0.59699737, "iv": 118.48, "instrument_name": "BTC-26MAR21-16000-C", "index_price": 37229.57, "direction": "buy", "amount": 0.2}, {"trade_seq": 1881, "trade_id": "114249888", "timestamp": 1609980937918, "tick_direction": 3, "price": 0.5955, "mark_price": 0.59610472, "iv": 118.8, "instrument_name": "BTC-26MAR21-16000-C", "index_price": 37112.36, "direction": "buy", "amount": 0.1}, {"trade_seq": 1880, "trade_id": "114249886", "timestamp": 1609980937435, "tick_direction": 2, "price": 0.5955, "mark_price": 0.59610472, "iv": 118.8, "instrument_name": "BTC-26MAR21-16000-C", "index_price": 37112.36, "direction": "buy", "amount": 0.2}, {"trade_seq": 1879, "trade_id": "114246693", "timestamp": 1609980266259, "tick_direction": 1, "price": 0.5975, "mark_price": 0.59797769, "iv": 118.51, "instrument_name": "BTC-26MAR21-16000-C", "index_price": 37313.0, "direction": "buy", "amount": 0.2}, {"trade_seq": 1878, "trade_id": "114246687", "timestamp": 1609980265363, "tick_direction": 1, "price": 0.5975, "mark_price": 0.59798944, "iv": 118.51, "instrument_name": "BTC-26MAR21-16000-C", "index_price": 37313.0, "direction": "buy", "amount": 0.1}, {"trade_seq": 1877, "trade_id": "114246684", "timestamp": 1609980264800, "tick_direction": 1, "price": 0.5975, "mark_price": 0.59799584, "iv": 118.47, "instrument_name": "BTC-26MAR21-16000-C", "index_price": 37307.02, "direction": "buy", "amount": 0.1}, {"trade_seq": 1876, "trade_id": "114246661", "timestamp": 1609980256132, "tick_direction": 1, "price": 0.5975, "mark_price": 0.59768207, "iv": 119.22, "instrument_name": "BTC-26MAR21-16000-C", "index_price": 37283.63, "direction": "buy", "amount": 0.1}, {"trade_seq": 1875, "trade_id": "114246658", "timestamp": 1609980255916, "tick_direction": 1, "price": 0.5975, "mark_price": 0.59768207, "iv": 119.22, "instrument_name": "BTC-26MAR21-16000-C", "index_price": 37283.63, "direction": "buy", "amount": 0.1}, {"trade_seq": 1874, "trade_id": "114246657", "timestamp": 1609980255711, "tick_direction": 1, "price": 0.5975, "mark_price": 0.59768207, "iv": 119.22, "instrument_name": "BTC-26MAR21-16000-C", "index_price": 37283.63, "direction": "buy", "amount": 0.1}, {"trade_seq": 1873, "trade_id": "114246654", "timestamp": 1609980255558, "tick_direction": 1, "price": 0.5975, "mark_price": 0.59768207, "iv": 119.22, "instrument_name": "BTC-26MAR21-16000-C", "index_price": 37283.63, "direction": "buy", "amount": 0.1}, {"trade_seq": 1872, "trade_id": "114246648", "timestamp": 1609980255408, "tick_direction": 1, "price": 0.5975, "mark_price": 0.59768207, "iv": 119.22, "instrument_name": "BTC-26MAR21-16000-C", "index_price": 37283.63, "direction": "buy", "amount": 0.1}, {"trade_seq": 1871, "trade_id": "114246647", "timestamp": 1609980255023, "tick_direction": 1, "price": 0.5975, "mark_price": 0.59754398, "iv": 119.47, "instrument_name": "BTC-26MAR21-16000-C", "index_price": 37275.17, "direction": "buy", "amount": 0.1}, {"trade_seq": 1870, "trade_id": "114246643", "timestamp": 1609980254748, "tick_direction": 1, "price": 0.5975, "mark_price": 0.59754398, "iv": 119.47, "instrument_name": "BTC-26MAR21-16000-C", "index_price": 37275.17, "direction": "buy", "amount": 0.1}, {"trade_seq": 1869, "trade_id": "114246641", "timestamp": 1609980254425, "tick_direction": 0, "price": 0.5975, "mark_price": 0.59754398, "iv": 119.47, "instrument_name": "BTC-26MAR21-16000-C", "index_price": 37275.17, "direction": "buy", "amount": 0.1}, {"trade_seq": 1868, "trade_id": "114241652", "timestamp": 1609979430172, "tick_direction": 1, "price": 0.5965, "mark_price": 0.59668538, "iv": 119.06, "instrument_name": "BTC-26MAR21-16000-C", "index_price": 37218.67, "direction": "buy", "amount": 0.1}, {"trade_seq": 1867, "trade_id": "114241650", "timestamp": 1609979429929, "tick_direction": 1, "price": 0.5965, "mark_price": 0.59659312, "iv": 119.06, "instrument_name": "BTC-26MAR21-16000-C", "index_price": 37218.67, "direction": "buy", "amount": 0.2}, {"trade_seq": 1866, "trade_id": "114241646", "timestamp": 1609979429772, "tick_direction": 1, "price": 0.5965, "mark_price": 0.59659312, "iv": 119.06, "instrument_name": "BTC-26MAR21-16000-C", "index_price": 37218.67, "direction": "buy", "amount": 0.1}, {"trade_seq": 1865, "trade_id": "114230004", "timestamp": 1609977840432, "tick_direction": 1, "price": 0.5965, "mark_price": 0.59666368, "iv": 118.95, "instrument_name": "BTC-26MAR21-16000-C", "index_price": 37167.91, "direction": "buy", "amount": 0.1}, {"trade_seq": 1864, "trade_id": "114229976", "timestamp": 1609977839859, "tick_direction": 1, "price": 0.5965, "mark_price": 0.59666368, "iv": 119.02, "instrument_name": "BTC-26MAR21-16000-C", "index_price": 37160.26, "direction": "buy", "amount": 0.1}, {"trade_seq": 1863, "trade_id": "114229972", "timestamp": 1609977839720, "tick_direction": 1, "price": 0.5965, "mark_price": 0.59666368, "iv": 119.02, "instrument_name": "BTC-26MAR21-16000-C", "index_price": 37160.26, "direction": "buy", "amount": 0.2}, {"trade_seq": 1862, "trade_id": "114229940", "timestamp": 1609977838317, "tick_direction": 0, "price": 0.5965, "mark_price": 0.59649297, "iv": 119.0, "instrument_name": "BTC-26MAR21-16000-C", "index_price": 37158.83, "direction": "buy", "amount": 0.1}, {"trade_seq": 1861, "trade_id": "114221763", "timestamp": 1609976630321, "tick_direction": 1, "price": 0.5925, "mark_price": 0.59254447, "iv": 118.58, "instrument_name": "BTC-26MAR21-16000-C", "index_price": 36807.26, "direction": "buy", "amount": 0.2}, {"trade_seq": 1860, "trade_id": "114221749", "timestamp": 1609976629500, "tick_direction": 1, "price": 0.5925, "mark_price": 0.59252857, "iv": 119.06, "instrument_name": "BTC-26MAR21-16000-C", "index_price": 36801.9, "direction": "buy", "amount": 0.4}, {"trade_seq": 1859, "trade_id": "114221742", "timestamp": 1609976629304, "tick_direction": 1, "price": 0.5925, "mark_price": 0.59252857, "iv": 119.06, "instrument_name": "BTC-26MAR21-16000-C", "index_price": 36801.9, "direction": "buy", "amount": 0.5}, {"trade_seq": 1858, "trade_id": "114221707", "timestamp": 1609976627585, "tick_direction": 1, "price": 0.5925, "mark_price": 0.59252774, "iv": 119.11, "instrument_name": "BTC-26MAR21-16000-C", "index_price": 36787.27, "direction": "buy", "amount": 0.1}, {"trade_seq": 1857, "trade_id": "114221701", "timestamp": 1609976627019, "tick_direction": 1, "price": 0.5925, "mark_price": 0.59253258, "iv": 119.09, "instrument_name": "BTC-26MAR21-16000-C", "index_price": 36786.82, "direction": "buy", "amount": 0.1}, {"trade_seq": 1856, "trade_id": "114221696", "timestamp": 1609976626724, "tick_direction": 1, "price": 0.5925, "mark_price": 0.59253258, "iv": 119.09, "instrument_name": "BTC-26MAR21-16000-C", "index_price": 36786.82, "direction": "buy", "amount": 0.1}, {"trade_seq": 1855, "trade_id": "114221695", "timestamp": 1609976626682, "tick_direction": 1, "price": 0.5925, "mark_price": 0.59253258, "iv": 119.09, "instrument_name": "BTC-26MAR21-16000-C", "index_price": 36786.82, "direction": "buy", "amount": 0.2}, {"trade_seq": 1854, "trade_id": "114221691", "timestamp": 1609976625309, "tick_direction": 1, "price": 0.5925, "mark_price": 0.59241034, "iv": 119.61, "instrument_name": "BTC-26MAR21-16000-C", "index_price": 36780.56, "direction": "buy", "amount": 0.1}, {"trade_seq": 1853, "trade_id": "114221617", "timestamp": 1609976618532, "tick_direction": 1, "price": 0.5925, "mark_price": 0.59222004, "iv": 119.89, "instrument_name": "BTC-26MAR21-16000-C", "index_price": 36768.22, "direction": "buy", "amount": 0.1}, {"trade_seq": 1852, "trade_id": "114221616", "timestamp": 1609976618325, "tick_direction": 1, "price": 0.5925, "mark_price": 0.59222004, "iv": 119.89, "instrument_name": "BTC-26MAR21-16000-C", "index_price": 36768.22, "direction": "buy", "amount": 0.1}, {"trade_seq": 1851, "trade_id": "114221576", "timestamp": 1609976614497, "tick_direction": 1, "price": 0.5925, "mark_price": 0.59201993, "iv": 120.12, "instrument_name": "BTC-26MAR21-16000-C", "index_price": 36749.84, "direction": "buy", "amount": 0.1}, {"trade_seq": 1850, "trade_id": "114221575", "timestamp": 1609976614424, "tick_direction": 0, "price": 0.5925, "mark_price": 0.59201993, "iv": 120.12, "instrument_name": "BTC-26MAR21-16000-C", "index_price": 36749.84, "direction": "buy", "amount": 0.1}, {"trade_seq": 1849, "trade_id": "114221122", "timestamp": 1609976581633, "tick_direction": 0, "price": 0.5915, "mark_price": 0.59128893, "iv": 118.61, "instrument_name": "BTC-26MAR21-16000-C", "index_price": 36715.26, "direction": "buy", "amount": 0.2}, {"trade_seq": 1848, "trade_id": "114220443", "timestamp": 1609976534736, "tick_direction": 0, "price": 0.5895, "mark_price": 0.58959502, "iv": 118.82, "instrument_name": "BTC-26MAR21-16000-C", "index_price": 36545.73, "direction": "buy", "amount": 0.1}, {"trade_seq": 1847, "trade_id": "114218938", "timestamp": 1609976085371, "tick_direction": 1, "price": 0.5885, "mark_price": 0.58848992, "iv": 118.86, "instrument_name": "BTC-26MAR21-16000-C", "index_price": 36451.26, "direction": "buy", "amount": 0.1}, {"trade_seq": 1846, "trade_id": "114218937", "timestamp": 1609976085156, "tick_direction": 0, "price": 0.5885, "mark_price": 0.58848992, "iv": 118.86, "instrument_name": "BTC-26MAR21-16000-C", "index_price": 36451.26, "direction": "buy", "amount": 0.2}, {"trade_seq": 1845, "trade_id": "114205421", "timestamp": 1609971333985, "tick_direction": 2, "price": 0.58, "mark_price": 0.58576913, "iv": 96.49, "instrument_name": "BTC-26MAR21-16000-C", "index_price": 36228.03, "direction": "buy", "amount": 0.1}, {"trade_seq": 1844, "trade_id": "114192088", "timestamp": 1609968197798, "tick_direction": 2, "price": 0.5845, "mark_price": 0.58451555, "iv": 118.61, "instrument_name": "BTC-26MAR21-16000-C", "index_price": 36054.87, "direction": "buy", "amount": 0.1}, {"trade_seq": 1843, "trade_id": "114179178", "timestamp": 1609966760131, "tick_direction": 1, "price": 0.5855, "mark_price": 0.58533928, "iv": 118.73, "instrument_name": "BTC-26MAR21-16000-C", "index_price": 36114.2, "direction": "buy", "amount": 0.1}, {"trade_seq": 1842, "trade_id": "114179176", "timestamp": 1609966759834, "tick_direction": 0, "price": 0.5855, "mark_price": 0.585319, "iv": 118.73, "instrument_name": "BTC-26MAR21-16000-C", "index_price": 36114.2, "direction": "buy", "amount": 0.2}, {"trade_seq": 1841, "trade_id": "114172096", "timestamp": 1609966245005, "tick_direction": 1, "price": 0.5845, "mark_price": 0.58427533, "iv": 118.68, "instrument_name": "BTC-26MAR21-16000-C", "index_price": 36033.57, "direction": "buy", "amount": 0.1}, {"trade_seq": 1840, "trade_id": "114172092", "timestamp": 1609966244723, "tick_direction": 1, "price": 0.5845, "mark_price": 0.58427533, "iv": 118.73, "instrument_name": "BTC-26MAR21-16000-C", "index_price": 36023.74, "direction": "buy", "amount": 0.1}, {"trade_seq": 1839, "trade_id": "114172066", "timestamp": 1609966240122, "tick_direction": 0, "price": 0.5845, "mark_price": 0.58374191, "iv": 119.54, "instrument_name": "BTC-26MAR21-16000-C", "index_price": 35998.65, "direction": "buy", "amount": 0.1}, {"trade_seq": 1838, "trade_id": "114129116", "timestamp": 1609961162600, "tick_direction": 1, "price": 0.58, "mark_price": 0.58148591, "iv": 112.97, "instrument_name": "BTC-26MAR21-16000-C", "index_price": 35732.14, "direction": "buy", "amount": 4.2}, {"trade_seq": 1837, "trade_id": "114129115", "timestamp": 1609961162557, "tick_direction": 0, "price": 0.58, "mark_price": 0.58148591, "iv": 112.97, "instrument_name": "BTC-26MAR21-16000-C", "index_price": 35732.14, "direction": "buy", "amount": 0.8}, {"trade_seq": 1836, "trade_id": "113953149", "timestamp": 1609919894381, "tick_direction": 0, "price": 0.5705, "mark_price": 0.5697388, "iv": 115.68, "instrument_name": "BTC-26MAR21-16000-C", "index_price": 34781.99, "direction": "buy", "amount": 49.8}, {"trade_seq": 1835, "trade_id": "113953006", "timestamp": 1609919849097, "tick_direction": 1, "price": 0.5695, "mark_price": 0.56938996, "iv": 113.79, "instrument_name": "BTC-26MAR21-16000-C", "index_price": 34763.47, "direction": "buy", "amount": 0.1}, {"trade_seq": 1834, "trade_id": "113953005", "timestamp": 1609919848891, "tick_direction": 0, "price": 0.5695, "mark_price": 0.56938996, "iv": 113.78, "instrument_name": "BTC-26MAR21-16000-C", "index_price": 34757.82, "direction": "buy", "amount": 0.1}, {"trade_seq": 1833, "trade_id": "113793220", "timestamp": 1609885049305, "tick_direction": 1, "price": 0.558, "mark_price": 0.55901076, "iv": 107.74, "instrument_name": "BTC-26MAR21-16000-C", "index_price": 34211.94, "direction": "buy", "amount": 1.6}, {"trade_seq": 1832, "trade_id": "113793219", "timestamp": 1609885049241, "tick_direction": 1, "price": 0.558, "mark_price": 0.55901076, "iv": 107.74, "instrument_name": "BTC-26MAR21-16000-C", "index_price": 34211.94, "direction": "buy", "amount": 0.1}, {"trade_seq": 1831, "trade_id": "113793218", "timestamp": 1609885048993, "tick_direction": 1, "price": 0.558, "mark_price": 0.55901076, "iv": 107.74, "instrument_name": "BTC-26MAR21-16000-C", "index_price": 34211.94, "direction": "buy", "amount": 0.1}, {"trade_seq": 1830, "trade_id": "113793209", "timestamp": 1609885048627, "tick_direction": 1, "price": 0.558, "mark_price": 0.55901076, "iv": 107.74, "instrument_name": "BTC-26MAR21-16000-C", "index_price": 34211.94, "direction": "buy", "amount": 0.3}, {"trade_seq": 1829, "trade_id": "113793187", "timestamp": 1609885048117, "tick_direction": 1, "price": 0.558, "mark_price": 0.55899059, "iv": 107.8, "instrument_name": "BTC-26MAR21-16000-C", "index_price": 34209.75, "direction": "buy", "amount": 0.1}, {"trade_seq": 1828, "trade_id": "113793183", "timestamp": 1609885047724, "tick_direction": 1, "price": 0.558, "mark_price": 0.55899059, "iv": 107.8, "instrument_name": "BTC-26MAR21-16000-C", "index_price": 34209.75, "direction": "buy", "amount": 0.1}, {"trade_seq": 1827, "trade_id": "113793169", "timestamp": 1609885046365, "tick_direction": 1, "price": 0.558, "mark_price": 0.55894729, "iv": 107.93, "instrument_name": "BTC-26MAR21-16000-C", "index_price": 34204.76, "direction": "buy", "amount": 0.1}, {"trade_seq": 1826, "trade_id": "113793159", "timestamp": 1609885045743, "tick_direction": 1, "price": 0.558, "mark_price": 0.55894729, "iv": 107.93, "instrument_name": "BTC-26MAR21-16000-C", "index_price": 34204.76, "direction": "buy", "amount": 0.1}, {"trade_seq": 1825, "trade_id": "113793151", "timestamp": 1609885045120, "tick_direction": 1, "price": 0.558, "mark_price": 0.55891213, "iv": 108.03, "instrument_name": "BTC-26MAR21-16000-C", "index_price": 34205.18, "direction": "buy", "amount": 0.1}, {"trade_seq": 1824, "trade_id": "113793147", "timestamp": 1609885044855, "tick_direction": 1, "price": 0.558, "mark_price": 0.55891213, "iv": 108.03, "instrument_name": "BTC-26MAR21-16000-C", "index_price": 34205.18, "direction": "buy", "amount": 0.1}, {"trade_seq": 1823, "trade_id": "113793136", "timestamp": 1609885043411, "tick_direction": 1, "price": 0.558, "mark_price": 0.55885024, "iv": 108.21, "instrument_name": "BTC-26MAR21-16000-C", "index_price": 34197.11, "direction": "buy", "amount": 0.1}, {"trade_seq": 1822, "trade_id": "113793131", "timestamp": 1609885042699, "tick_direction": 1, "price": 0.558, "mark_price": 0.55885024, "iv": 108.21, "instrument_name": "BTC-26MAR21-16000-C", "index_price": 34197.11, "direction": "buy", "amount": 0.1}, {"trade_seq": 1821, "trade_id": "113793130", "timestamp": 1609885042539, "tick_direction": 1, "price": 0.558, "mark_price": 0.55882843, "iv": 108.21, "instrument_name": "BTC-26MAR21-16000-C", "index_price": 34197.11, "direction": "buy", "amount": 0.2}, {"trade_seq": 1820, "trade_id": "113793129", "timestamp": 1609885042304, "tick_direction": 1, "price": 0.558, "mark_price": 0.55882843, "iv": 108.21, "instrument_name": "BTC-26MAR21-16000-C", "index_price": 34195.37, "direction": "buy", "amount": 0.1}, {"trade_seq": 1819, "trade_id": "113793113", "timestamp": 1609885035637, "tick_direction": 1, "price": 0.558, "mark_price": 0.55868984, "iv": 108.67, "instrument_name": "BTC-26MAR21-16000-C", "index_price": 34189.24, "direction": "buy", "amount": 0.1}, {"trade_seq": 1818, "trade_id": "113793112", "timestamp": 1609885034750, "tick_direction": 1, "price": 0.558, "mark_price": 0.55866953, "iv": 108.73, "instrument_name": "BTC-26MAR21-16000-C", "index_price": 34187.61, "direction": "buy", "amount": 0.1}, {"trade_seq": 1817, "trade_id": "113793111", "timestamp": 1609885034645, "tick_direction": 1, "price": 0.558, "mark_price": 0.55866953, "iv": 108.73, "instrument_name": "BTC-26MAR21-16000-C", "index_price": 34187.61, "direction": "buy", "amount": 0.1}, {"trade_seq": 1816, "trade_id": "113793108", "timestamp": 1609885034313, "tick_direction": 1, "price": 0.558, "mark_price": 0.55863279, "iv": 108.83, "instrument_name": "BTC-26MAR21-16000-C", "index_price": 34186.73, "direction": "buy", "amount": 0.1}, {"trade_seq": 1815, "trade_id": "113793101", "timestamp": 1609885032796, "tick_direction": 1, "price": 0.558, "mark_price": 0.55859398, "iv": 108.94, "instrument_name": "BTC-26MAR21-16000-C", "index_price": 34186.34, "direction": "buy", "amount": 0.1}, {"trade_seq": 1814, "trade_id": "113793098", "timestamp": 1609885030032, "tick_direction": 1, "price": 0.558, "mark_price": 0.55849345, "iv": 109.23, "instrument_name": "BTC-26MAR21-16000-C", "index_price": 34185.36, "direction": "buy", "amount": 0.1}, {"trade_seq": 1813, "trade_id": "113793081", "timestamp": 1609885028968, "tick_direction": 1, "price": 0.558, "mark_price": 0.55846963, "iv": 109.29, "instrument_name": "BTC-26MAR21-16000-C", "index_price": 34183.81, "direction": "buy", "amount": 0.1}, {"trade_seq": 1812, "trade_id": "113793080", "timestamp": 1609885028768, "tick_direction": 1, "price": 0.558, "mark_price": 0.55846963, "iv": 109.29, "instrument_name": "BTC-26MAR21-16000-C", "index_price": 34183.81, "direction": "buy", "amount": 0.1}, {"trade_seq": 1811, "trade_id": "113793075", "timestamp": 1609885028580, "tick_direction": 1, "price": 0.558, "mark_price": 0.55846963, "iv": 109.29, "instrument_name": "BTC-26MAR21-16000-C", "index_price": 34183.81, "direction": "buy", "amount": 0.1}, {"trade_seq": 1810, "trade_id": "113793072", "timestamp": 1609885025689, "tick_direction": 1, "price": 0.558, "mark_price": 0.5584057, "iv": 109.47, "instrument_name": "BTC-26MAR21-16000-C", "index_price": 34178.84, "direction": "buy", "amount": 0.1}, {"trade_seq": 1809, "trade_id": "113793071", "timestamp": 1609885025188, "tick_direction": 1, "price": 0.558, "mark_price": 0.55838268, "iv": 109.54, "instrument_name": "BTC-26MAR21-16000-C", "index_price": 34177.77, "direction": "buy", "amount": 0.2}, {"trade_seq": 1808, "trade_id": "113793070", "timestamp": 1609885025075, "tick_direction": 1, "price": 0.558, "mark_price": 0.55838268, "iv": 109.54, "instrument_name": "BTC-26MAR21-16000-C", "index_price": 34177.77, "direction": "buy", "amount": 0.4}, {"trade_seq": 1807, "trade_id": "113792388", "timestamp": 1609884688593, "tick_direction": 1, "price": 0.558, "mark_price": 0.55849972, "iv": 109.14, "instrument_name": "BTC-26MAR21-16000-C", "index_price": 34168.26, "direction": "buy", "amount": 0.1}, {"trade_seq": 1806, "trade_id": "113792387", "timestamp": 1609884687205, "tick_direction": 1, "price": 0.558, "mark_price": 0.55845848, "iv": 109.27, "instrument_name": "BTC-26MAR21-16000-C", "index_price": 34168.32, "direction": "buy", "amount": 0.2}, {"trade_seq": 1805, "trade_id": "113792386", "timestamp": 1609884686997, "tick_direction": 1, "price": 0.558, "mark_price": 0.55845118, "iv": 109.27, "instrument_name": "BTC-26MAR21-16000-C", "index_price": 34168.32, "direction": "buy", "amount": 0.5}, {"trade_seq": 1804, "trade_id": "113792311", "timestamp": 1609884656616, "tick_direction": 1, "price": 0.558, "mark_price": 0.5582807, "iv": 109.73, "instrument_name": "BTC-26MAR21-16000-C", "index_price": 34161.77, "direction": "buy", "amount": 0.1}, {"trade_seq": 1803, "trade_id": "113792309", "timestamp": 1609884656566, "tick_direction": 1, "price": 0.558, "mark_price": 0.5582807, "iv": 109.73, "instrument_name": "BTC-26MAR21-16000-C", "index_price": 34161.77, "direction": "buy", "amount": 0.1}, {"trade_seq": 1802, "trade_id": "113749263", "timestamp": 1609875120028, "tick_direction": 1, "price": 0.558, "mark_price": 0.55879259, "iv": 106.64, "instrument_name": "BTC-26MAR21-16000-C", "index_price": 34256.36, "direction": "buy", "amount": 0.3}, {"trade_seq": 1801, "trade_id": "113749254", "timestamp": 1609875119443, "tick_direction": 1, "price": 0.558, "mark_price": 0.55862868, "iv": 107.13, "instrument_name": "BTC-26MAR21-16000-C", "index_price": 34249.24, "direction": "buy", "amount": 0.3}, {"trade_seq": 1800, "trade_id": "113749243", "timestamp": 1609875118915, "tick_direction": 1, "price": 0.558, "mark_price": 0.55862868, "iv": 107.13, "instrument_name": "BTC-26MAR21-16000-C", "index_price": 34249.24, "direction": "buy", "amount": 0.1}, {"trade_seq": 1799, "trade_id": "113749242", "timestamp": 1609875118518, "tick_direction": 1, "price": 0.558, "mark_price": 0.55853674, "iv": 107.13, "instrument_name": "BTC-26MAR21-16000-C", "index_price": 34241.98, "direction": "buy", "amount": 0.2}, {"trade_seq": 1798, "trade_id": "113749201", "timestamp": 1609875114325, "tick_direction": 1, "price": 0.558, "mark_price": 0.55862833, "iv": 107.12, "instrument_name": "BTC-26MAR21-16000-C", "index_price": 34243.42, "direction": "buy", "amount": 0.1}, {"trade_seq": 1797, "trade_id": "113749200", "timestamp": 1609875114131, "tick_direction": 1, "price": 0.558, "mark_price": 0.55862833, "iv": 107.12, "instrument_name": "BTC-26MAR21-16000-C", "index_price": 34243.42, "direction": "buy", "amount": 7.3}, {"trade_seq": 1796, "trade_id": "113749198", "timestamp": 1609875113541, "tick_direction": 1, "price": 0.558, "mark_price": 0.55841162, "iv": 107.12, "instrument_name": "BTC-26MAR21-16000-C", "index_price": 34243.42, "direction": "buy", "amount": 0.1}, {"trade_seq": 1795, "trade_id": "113749195", "timestamp": 1609875112817, "tick_direction": 1, "price": 0.558, "mark_price": 0.55841162, "iv": 107.76, "instrument_name": "BTC-26MAR21-16000-C", "index_price": 34238.95, "direction": "buy", "amount": 0.1}, {"trade_seq": 1794, "trade_id": "113749194", "timestamp": 1609875112708, "tick_direction": 1, "price": 0.558, "mark_price": 0.55841162, "iv": 107.76, "instrument_name": "BTC-26MAR21-16000-C", "index_price": 34238.95, "direction": "buy", "amount": 0.2}, {"trade_seq": 1793, "trade_id": "113749174", "timestamp": 1609875112030, "tick_direction": 1, "price": 0.558, "mark_price": 0.55842554, "iv": 107.72, "instrument_name": "BTC-26MAR21-16000-C", "index_price": 34222.71, "direction": "buy", "amount": 0.1}, {"trade_seq": 1792, "trade_id": "113749173", "timestamp": 1609875111897, "tick_direction": 1, "price": 0.558, "mark_price": 0.55842554, "iv": 107.72, "instrument_name": "BTC-26MAR21-16000-C", "index_price": 34222.71, "direction": "buy", "amount": 0.3}, {"trade_seq": 1791, "trade_id": "113748870", "timestamp": 1609875094499, "tick_direction": 0, "price": 0.558, "mark_price": 0.55840473, "iv": 107.39, "instrument_name": "BTC-26MAR21-16000-C", "index_price": 34251.32, "direction": "buy", "amount": 0.1}, {"trade_seq": 1790, "trade_id": "113713618", "timestamp": 1609867217426, "tick_direction": 0, "price": 0.53, "mark_price": 0.53481746, "iv": 93.95, "instrument_name": "BTC-26MAR21-16000-C", "index_price": 32463.08, "direction": "buy", "amount": 0.1}, {"trade_seq": 1789, "trade_id": "113375977", "timestamp": 1609778468388, "tick_direction": 0, "price": 0.513, "mark_price": 0.51310547, "iv": 105.79, "instrument_name": "BTC-26MAR21-16000-C", "index_price": 30800.21, "direction": "buy", "amount": 0.1}, {"trade_seq": 1788, "trade_id": "113375923", "timestamp": 1609778462800, "tick_direction": 2, "price": 0.512, "mark_price": 0.51278357, "iv": 104.6, "instrument_name": "BTC-26MAR21-16000-C", "index_price": 30774.33, "direction": "buy", "amount": 0.1}, {"trade_seq": 1787, "trade_id": "113364550", "timestamp": 1609776902786, "tick_direction": 2, "price": 0.518, "mark_price": 0.51914231, "iv": 103.58, "instrument_name": "BTC-26MAR21-16000-C", "index_price": 31239.36, "direction": "buy", "amount": 0.1}, {"trade_seq": 1786, "trade_id": "113337387", "timestamp": 1609771833319, "tick_direction": 0, "price": 0.528, "mark_price": 0.52806522, "iv": 105.8, "instrument_name": "BTC-26MAR21-16000-C", "index_price": 31888.72, "direction": "buy", "amount": 0.1}, {"trade_seq": 1785, "trade_id": "113335896", "timestamp": 1609771549788, "tick_direction": 0, "price": 0.5275, "mark_price": 0.5281529, "iv": 104.5, "instrument_name": "BTC-26MAR21-16000-C", "index_price": 31898.45, "direction": "buy", "amount": 0.1}, {"trade_seq": 1784, "trade_id": "113327667", "timestamp": 1609770066965, "tick_direction": 0, "price": 0.525, "mark_price": 0.52559051, "iv": 104.46, "instrument_name": "BTC-26MAR21-16000-C", "index_price": 31730.63, "direction": "buy", "amount": 0.1}, {"trade_seq": 1783, "trade_id": "113319791", "timestamp": 1609768811496, "tick_direction": 1, "price": 0.521, "mark_price": 0.52332758, "iv": 100.4, "instrument_name": "BTC-26MAR21-16000-C", "index_price": 31523.85, "direction": "buy", "amount": 6.7}, {"trade_seq": 1782, "trade_id": "113319790", "timestamp": 1609768811485, "tick_direction": 1, "price": 0.521, "mark_price": 0.52332758, "iv": 100.4, "instrument_name": "BTC-26MAR21-16000-C", "index_price": 31523.85, "direction": "buy", "amount": 14.2}, {"trade_seq": 1781, "trade_id": "113319789", "timestamp": 1609768811480, "tick_direction": 1, "price": 0.521, "mark_price": 0.52332758, "iv": 100.4, "instrument_name": "BTC-26MAR21-16000-C", "index_price": 31523.85, "direction": "buy", "amount": 14.0}, {"trade_seq": 1780, "trade_id": "113319788", "timestamp": 1609768811478, "tick_direction": 0, "price": 0.521, "mark_price": 0.52332758, "iv": 100.4, "instrument_name": "BTC-26MAR21-16000-C", "index_price": 31523.85, "direction": "buy", "amount": 14.0}, {"trade_seq": 1779, "trade_id": "113220804", "timestamp": 1609757174894, "tick_direction": 0, "price": 0.502, "mark_price": 0.50326671, "iv": 100.36, "instrument_name": "BTC-26MAR21-16000-C", "index_price": 29941.78, "direction": "buy", "amount": 0.1}, {"trade_seq": 1778, "trade_id": "113175986", "timestamp": 1609755416207, "tick_direction": 2, "price": 0.4745, "mark_price": 0.47187002, "iv": 110.1, "instrument_name": "BTC-26MAR21-16000-C", "index_price": 27944.66, "direction": "sell", "amount": 0.1}, {"trade_seq": 1777, "trade_id": "113174930", "timestamp": 1609755406124, "tick_direction": 3, "price": 0.4755, "mark_price": 0.47314972, "iv": 110.18, "instrument_name": "BTC-26MAR21-16000-C", "index_price": 27988.76, "direction": "sell", "amount": 0.1}, {"trade_seq": 1776, "trade_id": "113174929", "timestamp": 1609755406124, "tick_direction": 2, "price": 0.4755, "mark_price": 0.47314972, "iv": 110.18, "instrument_name": "BTC-26MAR21-16000-C", "index_price": 27988.76, "direction": "sell", "amount": 0.1}, {"trade_seq": 1775, "trade_id": "113174266", "timestamp": 1609755402107, "tick_direction": 2, "price": 0.477, "mark_price": 0.49081553, "iv": 110.36, "instrument_name": "BTC-26MAR21-16000-C", "index_price": 28028.5, "direction": "sell", "amount": 0.1}, {"trade_seq": 1774, "trade_id": "113174028", "timestamp": 1609755400093, "tick_direction": 2, "price": 0.4775, "mark_price": 0.49081553, "iv": 110.32, "instrument_name": "BTC-26MAR21-16000-C", "index_price": 28041.14, "direction": "sell", "amount": 0.1}, {"trade_seq": 1773, "trade_id": "113173391", "timestamp": 1609755395059, "tick_direction": 3, "price": 0.479, "mark_price": 0.49081553, "iv": 110.12, "instrument_name": "BTC-26MAR21-16000-C", "index_price": 28086.95, "direction": "sell", "amount": 0.1}, {"trade_seq": 1772, "trade_id": "113173390", "timestamp": 1609755395059, "tick_direction": 2, "price": 0.479, "mark_price": 0.49081553, "iv": 110.12, "instrument_name": "BTC-26MAR21-16000-C", "index_price": 28086.95, "direction": "sell", "amount": 0.1}, {"trade_seq": 1771, "trade_id": "113173228", "timestamp": 1609755393043, "tick_direction": 3, "price": 0.4795, "mark_price": 0.49081553, "iv": 110.26, "instrument_name": "BTC-26MAR21-16000-C", "index_price": 28104.45, "direction": "sell", "amount": 0.1}, {"trade_seq": 1770, "trade_id": "113173227", "timestamp": 1609755393043, "tick_direction": 2, "price": 0.4795, "mark_price": 0.49081553, "iv": 110.26, "instrument_name": "BTC-26MAR21-16000-C", "index_price": 28104.45, "direction": "sell", "amount": 0.1}, {"trade_seq": 1769, "trade_id": "113172311", "timestamp": 1609755381988, "tick_direction": 3, "price": 0.4845, "mark_price": 0.49081553, "iv": 110.25, "instrument_name": "BTC-26MAR21-16000-C", "index_price": 28381.48, "direction": "sell", "amount": 0.1}, {"trade_seq": 1768, "trade_id": "113172310", "timestamp": 1609755381988, "tick_direction": 2, "price": 0.4845, "mark_price": 0.49081553, "iv": 110.25, "instrument_name": "BTC-26MAR21-16000-C", "index_price": 28381.48, "direction": "sell", "amount": 0.1}, {"trade_seq": 1767, "trade_id": "113109812", "timestamp": 1609751644798, "tick_direction": 2, "price": 0.5165, "mark_price": 0.5296513, "iv": 0.0, "instrument_name": "BTC-26MAR21-16000-C", "index_price": 31680.07, "direction": "sell", "amount": 0.6}, {"trade_seq": 1766, "trade_id": "112982892", "timestamp": 1609719519712, "tick_direction": 0, "price": 0.5455, "mark_price": 0.54598954, "iv": 104.46, "instrument_name": "BTC-26MAR21-16000-C", "index_price": 33051.25, "direction": "buy", "amount": 0.1}, {"trade_seq": 1765, "trade_id": "112974017", "timestamp": 1609718187582, "tick_direction": 2, "price": 0.54, "mark_price": 0.54381546, "iv": 94.35, "instrument_name": "BTC-26MAR21-16000-C", "index_price": 32935.19, "direction": "buy", "amount": 1.0}, {"trade_seq": 1764, "trade_id": "112941405", "timestamp": 1609707358316, "tick_direction": 2, "price": 0.553, "mark_price": 0.55409185, "iv": 103.97, "instrument_name": "BTC-26MAR21-16000-C", "index_price": 33747.76, "direction": "buy", "amount": 0.1}, {"trade_seq": 1763, "trade_id": "112787963", "timestamp": 1609670785272, "tick_direction": 1, "price": 0.556, "mark_price": 0.55695933, "iv": 103.53, "instrument_name": "BTC-26MAR21-16000-C", "index_price": 33995.8, "direction": "buy", "amount": 0.1}, {"trade_seq": 1762, "trade_id": "112787904", "timestamp": 1609670783115, "tick_direction": 1, "price": 0.556, "mark_price": 0.55675988, "iv": 104.16, "instrument_name": "BTC-26MAR21-16000-C", "index_price": 33982.32, "direction": "buy", "amount": 0.1}, {"trade_seq": 1761, "trade_id": "112787899", "timestamp": 1609670782892, "tick_direction": 1, "price": 0.556, "mark_price": 0.55660162, "iv": 104.16, "instrument_name": "BTC-26MAR21-16000-C", "index_price": 33982.32, "direction": "buy", "amount": 0.1}, {"trade_seq": 1760, "trade_id": "112787892", "timestamp": 1609670782708, "tick_direction": 1, "price": 0.556, "mark_price": 0.55660162, "iv": 104.16, "instrument_name": "BTC-26MAR21-16000-C", "index_price": 33982.32, "direction": "buy", "amount": 0.2}, {"trade_seq": 1759, "trade_id": "112787890", "timestamp": 1609670782557, "tick_direction": 1, "price": 0.556, "mark_price": 0.55660162, "iv": 104.16, "instrument_name": "BTC-26MAR21-16000-C", "index_price": 33982.32, "direction": "buy", "amount": 0.2}, {"trade_seq": 1758, "trade_id": "112787864", "timestamp": 1609670781900, "tick_direction": 0, "price": 0.556, "mark_price": 0.55659856, "iv": 104.64, "instrument_name": "BTC-26MAR21-16000-C", "index_price": 33973.33, "direction": "buy", "amount": 0.1}, {"trade_seq": 1757, "trade_id": "112786911", "timestamp": 1609670345592, "tick_direction": 1, "price": 0.555, "mark_price": 0.55585534, "iv": 103.58, "instrument_name": "BTC-26MAR21-16000-C", "index_price": 33916.29, "direction": "buy", "amount": 0.2}, {"trade_seq": 1756, "trade_id": "112786903", "timestamp": 1609670344770, "tick_direction": 0, "price": 0.555, "mark_price": 0.55582203, "iv": 103.68, "instrument_name": "BTC-26MAR21-16000-C", "index_price": 33913.2, "direction": "buy", "amount": 0.3}, {"trade_seq": 1755, "trade_id": "112785433", "timestamp": 1609669930171, "tick_direction": 3, "price": 0.5515, "mark_price": 0.5517766, "iv": 105.0, "instrument_name": "BTC-26MAR21-16000-C", "index_price": 33641.73, "direction": "buy", "amount": 0.4}, {"trade_seq": 1754, "trade_id": "112785431", "timestamp": 1609669929935, "tick_direction": 2, "price": 0.5515, "mark_price": 0.5517766, "iv": 105.18, "instrument_name": "BTC-26MAR21-16000-C", "index_price": 33628.33, "direction": "buy", "amount": 0.1}, {"trade_seq": 1753, "trade_id": "112784384", "timestamp": 1609669713289, "tick_direction": 3, "price": 0.5525, "mark_price": 0.55252833, "iv": 105.69, "instrument_name": "BTC-26MAR21-16000-C", "index_price": 33703.51, "direction": "buy", "amount": 0.1}, {"trade_seq": 1752, "trade_id": "112784373", "timestamp": 1609669712645, "tick_direction": 2, "price": 0.5525, "mark_price": 0.55252833, "iv": 105.69, "instrument_name": "BTC-26MAR21-16000-C", "index_price": 33703.51, "direction": "buy", "amount": 0.1}, {"trade_seq": 1751, "trade_id": "112780101", "timestamp": 1609669159059, "tick_direction": 3, "price": 0.554, "mark_price": 0.5547662, "iv": 103.63, "instrument_name": "BTC-26MAR21-16000-C", "index_price": 33878.42, "direction": "buy", "amount": 0.1}, {"trade_seq": 1750, "trade_id": "112780099", "timestamp": 1609669158620, "tick_direction": 2, "price": 0.554, "mark_price": 0.5547662, "iv": 103.66, "instrument_name": "BTC-26MAR21-16000-C", "index_price": 33863.98, "direction": "buy", "amount": 0.2}, {"trade_seq": 1749, "trade_id": "112775692", "timestamp": 1609668183611, "tick_direction": 0, "price": 0.56, "mark_price": 0.56070644, "iv": 103.46, "instrument_name": "BTC-26MAR21-16000-C", "index_price": 34351.85, "direction": "buy", "amount": 0.1}, {"trade_seq": 1748, "trade_id": "112772930", "timestamp": 1609667112554, "tick_direction": 3, "price": 0.557, "mark_price": 0.55788134, "iv": 103.5, "instrument_name": "BTC-26MAR21-16000-C", "index_price": 34120.99, "direction": "buy", "amount": 0.3}, {"trade_seq": 1747, "trade_id": "112772927", "timestamp": 1609667112058, "tick_direction": 3, "price": 0.557, "mark_price": 0.55788134, "iv": 103.51, "instrument_name": "BTC-26MAR21-16000-C", "index_price": 34117.72, "direction": "buy", "amount": 0.1}, {"trade_seq": 1746, "trade_id": "112772917", "timestamp": 1609667111664, "tick_direction": 3, "price": 0.557, "mark_price": 0.55788134, "iv": 103.51, "instrument_name": "BTC-26MAR21-16000-C", "index_price": 34117.72, "direction": "buy", "amount": 0.1}, {"trade_seq": 1745, "trade_id": "112772906", "timestamp": 1609667111473, "tick_direction": 3, "price": 0.557, "mark_price": 0.55771655, "iv": 103.51, "instrument_name": "BTC-26MAR21-16000-C", "index_price": 34117.72, "direction": "buy", "amount": 0.1}, {"trade_seq": 1744, "trade_id": "112772898", "timestamp": 1609667111245, "tick_direction": 3, "price": 0.557, "mark_price": 0.55771655, "iv": 103.51, "instrument_name": "BTC-26MAR21-16000-C", "index_price": 34117.72, "direction": "buy", "amount": 0.1}, {"trade_seq": 1743, "trade_id": "112772886", "timestamp": 1609667109379, "tick_direction": 3, "price": 0.557, "mark_price": 0.55755722, "iv": 104.02, "instrument_name": "BTC-26MAR21-16000-C", "index_price": 34103.48, "direction": "buy", "amount": 0.2}, {"trade_seq": 1742, "trade_id": "112772885", "timestamp": 1609667108946, "tick_direction": 3, "price": 0.557, "mark_price": 0.55755722, "iv": 104.49, "instrument_name": "BTC-26MAR21-16000-C", "index_price": 34098.99, "direction": "buy", "amount": 0.2}, {"trade_seq": 1741, "trade_id": "112772884", "timestamp": 1609667108822, "tick_direction": 3, "price": 0.557, "mark_price": 0.55755722, "iv": 104.49, "instrument_name": "BTC-26MAR21-16000-C", "index_price": 34098.99, "direction": "buy", "amount": 0.1}, {"trade_seq": 1740, "trade_id": "112772878", "timestamp": 1609667108706, "tick_direction": 3, "price": 0.557, "mark_price": 0.55755722, "iv": 104.49, "instrument_name": "BTC-26MAR21-16000-C", "index_price": 34098.99, "direction": "buy", "amount": 0.3}, {"trade_seq": 1739, "trade_id": "112772869", "timestamp": 1609667107671, "tick_direction": 3, "price": 0.557, "mark_price": 0.55754282, "iv": 104.49, "instrument_name": "BTC-26MAR21-16000-C", "index_price": 34090.58, "direction": "buy", "amount": 0.2}, {"trade_seq": 1738, "trade_id": "112772863", "timestamp": 1609667106943, "tick_direction": 3, "price": 0.557, "mark_price": 0.55737505, "iv": 105.04, "instrument_name": "BTC-26MAR21-16000-C", "index_price": 34083.59, "direction": "buy", "amount": 0.3}, {"trade_seq": 1737, "trade_id": "112772861", "timestamp": 1609667106622, "tick_direction": 2, "price": 0.557, "mark_price": 0.55737505, "iv": 105.04, "instrument_name": "BTC-26MAR21-16000-C", "index_price": 34083.59, "direction": "buy", "amount": 0.2}, {"trade_seq": 1736, "trade_id": "112770866", "timestamp": 1609666484552, "tick_direction": 1, "price": 0.558, "mark_price": 0.55837602, "iv": 105.21, "instrument_name": "BTC-26MAR21-16000-C", "index_price": 34164.2, "direction": "buy", "amount": 0.3}, {"trade_seq": 1735, "trade_id": "112770865", "timestamp": 1609666484237, "tick_direction": 1, "price": 0.558, "mark_price": 0.55837602, "iv": 105.21, "instrument_name": "BTC-26MAR21-16000-C", "index_price": 34164.2, "direction": "buy", "amount": 0.1}, {"trade_seq": 1734, "trade_id": "112770654", "timestamp": 1609666432165, "tick_direction": 1, "price": 0.558, "mark_price": 0.55875159, "iv": 104.06, "instrument_name": "BTC-26MAR21-16000-C", "index_price": 34172.56, "direction": "buy", "amount": 0.1}, {"trade_seq": 1733, "trade_id": "112770653", "timestamp": 1609666431420, "tick_direction": 1, "price": 0.558, "mark_price": 0.55876346, "iv": 104.06, "instrument_name": "BTC-26MAR21-16000-C", "index_price": 34172.56, "direction": "buy", "amount": 0.5}, {"trade_seq": 1732, "trade_id": "112770646", "timestamp": 1609666430468, "tick_direction": 0, "price": 0.558, "mark_price": 0.55873383, "iv": 104.02, "instrument_name": "BTC-26MAR21-16000-C", "index_price": 34168.39, "direction": "buy", "amount": 0.3}, {"trade_seq": 1731, "trade_id": "112769020", "timestamp": 1609666194615, "tick_direction": 3, "price": 0.556, "mark_price": 0.55697683, "iv": 103.52, "instrument_name": "BTC-26MAR21-16000-C", "index_price": 34034.12, "direction": "buy", "amount": 0.3}, {"trade_seq": 1730, "trade_id": "112769018", "timestamp": 1609666194264, "tick_direction": 3, "price": 0.556, "mark_price": 0.55692738, "iv": 103.57, "instrument_name": "BTC-26MAR21-16000-C", "index_price": 34030.61, "direction": "buy", "amount": 0.1}, {"trade_seq": 1729, "trade_id": "112769012", "timestamp": 1609666192375, "tick_direction": 3, "price": 0.556, "mark_price": 0.5569375, "iv": 103.73, "instrument_name": "BTC-26MAR21-16000-C", "index_price": 34024.11, "direction": "buy", "amount": 0.2}, {"trade_seq": 1728, "trade_id": "112769010", "timestamp": 1609666189620, "tick_direction": 3, "price": 0.556, "mark_price": 0.55694963, "iv": 103.63, "instrument_name": "BTC-26MAR21-16000-C", "index_price": 34026.61, "direction": "buy", "amount": 0.1}, {"trade_seq": 1727, "trade_id": "112769007", "timestamp": 1609666189056, "tick_direction": 3, "price": 0.556, "mark_price": 0.55676435, "iv": 103.66, "instrument_name": "BTC-26MAR21-16000-C", "index_price": 34025.52, "direction": "buy", "amount": 0.2}, {"trade_seq": 1726, "trade_id": "112769006", "timestamp": 1609666188915, "tick_direction": 3, "price": 0.556, "mark_price": 0.55676435, "iv": 103.66, "instrument_name": "BTC-26MAR21-16000-C", "index_price": 34025.52, "direction": "buy", "amount": 0.1}, {"trade_seq": 1725, "trade_id": "112768978", "timestamp": 1609666180028, "tick_direction": 3, "price": 0.556, "mark_price": 0.55674931, "iv": 103.94, "instrument_name": "BTC-26MAR21-16000-C", "index_price": 34018.79, "direction": "buy", "amount": 0.3}, {"trade_seq": 1724, "trade_id": "112768971", "timestamp": 1609666178762, "tick_direction": 3, "price": 0.556, "mark_price": 0.55673407, "iv": 104.27, "instrument_name": "BTC-26MAR21-16000-C", "index_price": 34015.07, "direction": "buy", "amount": 0.1}, {"trade_seq": 1723, "trade_id": "112768970", "timestamp": 1609666178693, "tick_direction": 2, "price": 0.556, "mark_price": 0.55673407, "iv": 104.27, "instrument_name": "BTC-26MAR21-16000-C", "index_price": 34015.07, "direction": "buy", "amount": 0.2}, {"trade_seq": 1722, "trade_id": "112767548", "timestamp": 1609665891238, "tick_direction": 1, "price": 0.559, "mark_price": 0.55999557, "iv": 103.49, "instrument_name": "BTC-26MAR21-16000-C", "index_price": 34280.77, "direction": "buy", "amount": 0.1}, {"trade_seq": 1721, "trade_id": "112767545", "timestamp": 1609665891059, "tick_direction": 1, "price": 0.559, "mark_price": 0.55999557, "iv": 103.49, "instrument_name": "BTC-26MAR21-16000-C", "index_price": 34280.77, "direction": "buy", "amount": 0.2}, {"trade_seq": 1720, "trade_id": "112767544", "timestamp": 1609665890339, "tick_direction": 1, "price": 0.559, "mark_price": 0.55997273, "iv": 103.56, "instrument_name": "BTC-26MAR21-16000-C", "index_price": 34279.66, "direction": "buy", "amount": 0.4}, {"trade_seq": 1719, "trade_id": "112767541", "timestamp": 1609665890083, "tick_direction": 1, "price": 0.559, "mark_price": 0.55997273, "iv": 103.56, "instrument_name": "BTC-26MAR21-16000-C", "index_price": 34279.66, "direction": "buy", "amount": 0.2}, {"trade_seq": 1718, "trade_id": "112767519", "timestamp": 1609665888166, "tick_direction": 1, "price": 0.559, "mark_price": 0.55982564, "iv": 104.01, "instrument_name": "BTC-26MAR21-16000-C", "index_price": 34272.73, "direction": "buy", "amount": 0.1}, {"trade_seq": 1717, "trade_id": "112767517", "timestamp": 1609665887742, "tick_direction": 1, "price": 0.559, "mark_price": 0.55982404, "iv": 104.01, "instrument_name": "BTC-26MAR21-16000-C", "index_price": 34272.73, "direction": "buy", "amount": 0.2}, {"trade_seq": 1716, "trade_id": "112767516", "timestamp": 1609665887644, "tick_direction": 1, "price": 0.559, "mark_price": 0.55982404, "iv": 104.01, "instrument_name": "BTC-26MAR21-16000-C", "index_price": 34272.73, "direction": "buy", "amount": 0.2}, {"trade_seq": 1715, "trade_id": "112767513", "timestamp": 1609665887308, "tick_direction": 1, "price": 0.559, "mark_price": 0.55982404, "iv": 104.02, "instrument_name": "BTC-26MAR21-16000-C", "index_price": 34269.38, "direction": "buy", "amount": 0.2}, {"trade_seq": 1714, "trade_id": "112767510", "timestamp": 1609665886752, "tick_direction": 1, "price": 0.559, "mark_price": 0.55979904, "iv": 104.02, "instrument_name": "BTC-26MAR21-16000-C", "index_price": 34269.38, "direction": "buy", "amount": 0.4}, {"trade_seq": 1713, "trade_id": "112767501", "timestamp": 1609665884938, "tick_direction": 1, "price": 0.559, "mark_price": 0.55979345, "iv": 104.11, "instrument_name": "BTC-26MAR21-16000-C", "index_price": 34266.72, "direction": "buy", "amount": 0.1}, {"trade_seq": 1712, "trade_id": "112767499", "timestamp": 1609665883573, "tick_direction": 1, "price": 0.559, "mark_price": 0.55976424, "iv": 104.15, "instrument_name": "BTC-26MAR21-16000-C", "index_price": 34265.61, "direction": "buy", "amount": 0.1}, {"trade_seq": 1711, "trade_id": "112767486", "timestamp": 1609665881047, "tick_direction": 1, "price": 0.559, "mark_price": 0.55976038, "iv": 104.21, "instrument_name": "BTC-26MAR21-16000-C", "index_price": 34261.81, "direction": "buy", "amount": 0.1}, {"trade_seq": 1710, "trade_id": "112767485", "timestamp": 1609665880868, "tick_direction": 1, "price": 0.559, "mark_price": 0.55974509, "iv": 104.21, "instrument_name": "BTC-26MAR21-16000-C", "index_price": 34261.81, "direction": "buy", "amount": 0.1}, {"trade_seq": 1709, "trade_id": "112767484", "timestamp": 1609665879615, "tick_direction": 1, "price": 0.559, "mark_price": 0.55972888, "iv": 104.25, "instrument_name": "BTC-26MAR21-16000-C", "index_price": 34263.81, "direction": "buy", "amount": 0.1}, {"trade_seq": 1708, "trade_id": "112767483", "timestamp": 1609665878382, "tick_direction": 1, "price": 0.559, "mark_price": 0.55976577, "iv": 104.3, "instrument_name": "BTC-26MAR21-16000-C", "index_price": 34262.3, "direction": "buy", "amount": 0.1}, {"trade_seq": 1707, "trade_id": "112767353", "timestamp": 1609665823025, "tick_direction": 1, "price": 0.559, "mark_price": 0.55969614, "iv": 104.4, "instrument_name": "BTC-26MAR21-16000-C", "index_price": 34252.89, "direction": "buy", "amount": 0.1}, {"trade_seq": 1706, "trade_id": "112767352", "timestamp": 1609665822741, "tick_direction": 1, "price": 0.559, "mark_price": 0.55968619, "iv": 104.35, "instrument_name": "BTC-26MAR21-16000-C", "index_price": 34248.87, "direction": "buy", "amount": 0.2}, {"trade_seq": 1705, "trade_id": "112767350", "timestamp": 1609665822633, "tick_direction": 1, "price": 0.559, "mark_price": 0.55968619, "iv": 104.35, "instrument_name": "BTC-26MAR21-16000-C", "index_price": 34248.87, "direction": "buy", "amount": 0.1}, {"trade_seq": 1704, "trade_id": "112767313", "timestamp": 1609665815881, "tick_direction": 1, "price": 0.559, "mark_price": 0.55953443, "iv": 104.83, "instrument_name": "BTC-26MAR21-16000-C", "index_price": 34244.91, "direction": "buy", "amount": 0.1}, {"trade_seq": 1703, "trade_id": "112767268", "timestamp": 1609665813049, "tick_direction": 1, "price": 0.559, "mark_price": 0.55939, "iv": 105.19, "instrument_name": "BTC-26MAR21-16000-C", "index_price": 34244.06, "direction": "buy", "amount": 0.4}, {"trade_seq": 1702, "trade_id": "112767267", "timestamp": 1609665813014, "tick_direction": 1, "price": 0.559, "mark_price": 0.55939, "iv": 105.19, "instrument_name": "BTC-26MAR21-16000-C", "index_price": 34244.06, "direction": "buy", "amount": 0.4}, {"trade_seq": 1701, "trade_id": "112767250", "timestamp": 1609665812332, "tick_direction": 1, "price": 0.559, "mark_price": 0.55935726, "iv": 105.26, "instrument_name": "BTC-26MAR21-16000-C", "index_price": 34236.43, "direction": "buy", "amount": 0.3}, {"trade_seq": 1700, "trade_id": "112767234", "timestamp": 1609665810720, "tick_direction": 1, "price": 0.559, "mark_price": 0.55934155, "iv": 105.36, "instrument_name": "BTC-26MAR21-16000-C", "index_price": 34233.61, "direction": "buy", "amount": 0.1}, {"trade_seq": 1699, "trade_id": "112767230", "timestamp": 1609665809956, "tick_direction": 1, "price": 0.559, "mark_price": 0.55934155, "iv": 105.36, "instrument_name": "BTC-26MAR21-16000-C", "index_price": 34233.61, "direction": "buy", "amount": 0.2}, {"trade_seq": 1698, "trade_id": "112767229", "timestamp": 1609665808538, "tick_direction": 1, "price": 0.559, "mark_price": 0.55930023, "iv": 105.5, "instrument_name": "BTC-26MAR21-16000-C", "index_price": 34232.46, "direction": "buy", "amount": 0.3}, {"trade_seq": 1697, "trade_id": "112767217", "timestamp": 1609665803486, "tick_direction": 1, "price": 0.559, "mark_price": 0.5592732, "iv": 105.6, "instrument_name": "BTC-26MAR21-16000-C", "index_price": 34235.21, "direction": "buy", "amount": 0.1}, {"trade_seq": 1696, "trade_id": "112767214", "timestamp": 1609665802286, "tick_direction": 1, "price": 0.559, "mark_price": 0.55920335, "iv": 105.6, "instrument_name": "BTC-26MAR21-16000-C", "index_price": 34230.92, "direction": "buy", "amount": 0.1}, {"trade_seq": 1695, "trade_id": "112767211", "timestamp": 1609665801491, "tick_direction": 0, "price": 0.559, "mark_price": 0.55918648, "iv": 105.8, "instrument_name": "BTC-26MAR21-16000-C", "index_price": 34229.28, "direction": "buy", "amount": 0.1}, {"trade_seq": 1694, "trade_id": "112767107", "timestamp": 1609665795900, "tick_direction": 1, "price": 0.5585, "mark_price": 0.55886317, "iv": 105.1, "instrument_name": "BTC-26MAR21-16000-C", "index_price": 34214.25, "direction": "buy", "amount": 0.1}, {"trade_seq": 1693, "trade_id": "112767092", "timestamp": 1609665795289, "tick_direction": 1, "price": 0.5585, "mark_price": 0.55886317, "iv": 105.1, "instrument_name": "BTC-26MAR21-16000-C", "index_price": 34209.27, "direction": "buy", "amount": 0.1}, {"trade_seq": 1692, "trade_id": "112767091", "timestamp": 1609665795182, "tick_direction": 1, "price": 0.5585, "mark_price": 0.55886317, "iv": 105.1, "instrument_name": "BTC-26MAR21-16000-C", "index_price": 34209.27, "direction": "buy", "amount": 0.3}, {"trade_seq": 1691, "trade_id": "112767083", "timestamp": 1609665794424, "tick_direction": 1, "price": 0.5585, "mark_price": 0.55886295, "iv": 105.33, "instrument_name": "BTC-26MAR21-16000-C", "index_price": 34207.06, "direction": "buy", "amount": 0.1}, {"trade_seq": 1690, "trade_id": "112767079", "timestamp": 1609665793699, "tick_direction": 1, "price": 0.5585, "mark_price": 0.55877163, "iv": 105.33, "instrument_name": "BTC-26MAR21-16000-C", "index_price": 34202.53, "direction": "buy", "amount": 0.2}, {"trade_seq": 1689, "trade_id": "112767074", "timestamp": 1609665793181, "tick_direction": 1, "price": 0.5585, "mark_price": 0.55877163, "iv": 105.53, "instrument_name": "BTC-26MAR21-16000-C", "index_price": 34202.53, "direction": "buy", "amount": 0.4}, {"trade_seq": 1688, "trade_id": "112767073", "timestamp": 1609665792974, "tick_direction": 1, "price": 0.5585, "mark_price": 0.55877163, "iv": 105.53, "instrument_name": "BTC-26MAR21-16000-C", "index_price": 34202.53, "direction": "buy", "amount": 0.1}