{"trades": [{"trade_seq": 232, "trade_id": "3143744", "timestamp": 1513956240127, "tick_direction": 2, "price": 0.5825, "mark_price": 0.57692315, "iv": 369.92, "instrument_name": "BTC-29DEC17-5500-C", "index_price": 13008.97, "direction": "sell", "amount": 0.1}, {"trade_seq": 231, "trade_id": "2969876", "timestamp": 1513717928827, "tick_direction": 2, "price": 0.6878, "mark_price": 0.69066367, "iv": 0.0, "instrument_name": "BTC-29DEC17-5500-C", "index_price": 17448.72, "direction": "buy", "amount": 1.5}, {"trade_seq": 230, "trade_id": "2850833", "timestamp": 1513557250753, "tick_direction": 2, "price": 0.7062, "mark_price": 0.70890199, "iv": 0.0, "instrument_name": "BTC-29DEC17-5500-C", "index_price": 18620.9, "direction": "sell", "amount": 1.0}, {"trade_seq": 229, "trade_id": "2751984", "timestamp": 1513429010473, "tick_direction": 0, "price": 0.7207, "mark_price": 0.71264937, "iv": 404.96, "instrument_name": "BTC-29DEC17-5500-C", "index_price": 18113.81, "direction": "buy", "amount": 1.0}, {"trade_seq": 228, "trade_id": "2729831", "timestamp": 1513364944322, "tick_direction": 2, "price": 0.7135, "mark_price": 0.70482497, "iv": 391.77, "instrument_name": "BTC-29DEC17-5500-C", "index_price": 17798.9, "direction": "buy", "amount": 0.8}, {"trade_seq": 227, "trade_id": "2726033", "timestamp": 1513359413595, "tick_direction": 0, "price": 0.7141, "mark_price": 0.70556765, "iv": 390.24, "instrument_name": "BTC-29DEC17-5500-C", "index_price": 17675.46, "direction": "buy", "amount": 0.1}, {"trade_seq": 226, "trade_id": "2719383", "timestamp": 1513336387179, "tick_direction": 0, "price": 0.712, "mark_price": 0.70590823, "iv": 361.52, "instrument_name": "BTC-29DEC17-5500-C", "index_price": 17624.37, "direction": "sell", "amount": 0.1}, {"trade_seq": 225, "trade_id": "2642865", "timestamp": 1513184769033, "tick_direction": 0, "price": 0.69, "mark_price": 0.68528903, "iv": 307.78, "instrument_name": "BTC-29DEC17-5500-C", "index_price": 16714.6, "direction": "sell", "amount": 0.1}, {"trade_seq": 224, "trade_id": "2557917", "timestamp": 1512989587366, "tick_direction": 0, "price": 0.6882, "mark_price": 0.68229901, "iv": 297.72, "instrument_name": "BTC-29DEC17-5500-C", "index_price": 16678.54, "direction": "sell", "amount": 1.0}, {"trade_seq": 223, "trade_id": "2181925", "timestamp": 1512647703534, "tick_direction": 3, "price": 0.6275, "mark_price": 0.62194372, "iv": 228.76, "instrument_name": "BTC-29DEC17-5500-C", "index_price": 14709.78, "direction": "sell", "amount": 0.1}, {"trade_seq": 222, "trade_id": "2181873", "timestamp": 1512647689441, "tick_direction": 2, "price": 0.6275, "mark_price": 0.62352237, "iv": 216.02, "instrument_name": "BTC-29DEC17-5500-C", "index_price": 14701.16, "direction": "sell", "amount": 0.1}, {"trade_seq": 221, "trade_id": "2177629", "timestamp": 1512644710205, "tick_direction": 2, "price": 0.6435, "mark_price": 0.62911569, "iv": 285.81, "instrument_name": "BTC-29DEC17-5500-C", "index_price": 15016.01, "direction": "buy", "amount": 1.0}, {"trade_seq": 220, "trade_id": "2177442", "timestamp": 1512644678571, "tick_direction": 0, "price": 0.6438, "mark_price": 0.62992319, "iv": 283.87, "instrument_name": "BTC-29DEC17-5500-C", "index_price": 14998.17, "direction": "buy", "amount": 1.0}, {"trade_seq": 219, "trade_id": "2168971", "timestamp": 1512634912124, "tick_direction": 0, "price": 0.6376, "mark_price": 0.62362557, "iv": 279.3, "instrument_name": "BTC-29DEC17-5500-C", "index_price": 14550.86, "direction": "buy", "amount": 0.2}, {"trade_seq": 218, "trade_id": "2168944", "timestamp": 1512634886399, "tick_direction": 1, "price": 0.6218, "mark_price": 0.62362351, "iv": 0.0, "instrument_name": "BTC-29DEC17-5500-C", "index_price": 14547.66, "direction": "buy", "amount": 1.5}, {"trade_seq": 217, "trade_id": "2168935", "timestamp": 1512634874945, "tick_direction": 0, "price": 0.6218, "mark_price": 0.62318562, "iv": 0.0, "instrument_name": "BTC-29DEC17-5500-C", "index_price": 14452.13, "direction": "buy", "amount": 1.0}, {"trade_seq": 216, "trade_id": "2165448", "timestamp": 1512625348663, "tick_direction": 0, "price": 0.6151, "mark_price": 0.61626135, "iv": 0.0, "instrument_name": "BTC-29DEC17-5500-C", "index_price": 14257.79, "direction": "buy", "amount": 0.5}, {"trade_seq": 215, "trade_id": "2164880", "timestamp": 1512624226025, "tick_direction": 0, "price": 0.6132, "mark_price": 0.61399637, "iv": 0.0, "instrument_name": "BTC-29DEC17-5500-C", "index_price": 14198.96, "direction": "sell", "amount": 0.5}, {"trade_seq": 214, "trade_id": "2164714", "timestamp": 1512624148240, "tick_direction": 2, "price": 0.6131, "mark_price": 0.61375324, "iv": 0.0, "instrument_name": "BTC-29DEC17-5500-C", "index_price": 14156.05, "direction": "sell", "amount": 0.3}, {"trade_seq": 213, "trade_id": "2164579", "timestamp": 1512624051411, "tick_direction": 2, "price": 0.6135, "mark_price": 0.61428167, "iv": 0.0, "instrument_name": "BTC-29DEC17-5500-C", "index_price": 14172.69, "direction": "sell", "amount": 0.5}, {"trade_seq": 212, "trade_id": "2164524", "timestamp": 1512623975888, "tick_direction": 0, "price": 0.6163, "mark_price": 0.61612586, "iv": 140.33, "instrument_name": "BTC-29DEC17-5500-C", "index_price": 14222.67, "direction": "sell", "amount": 0.5}, {"trade_seq": 211, "trade_id": "2164419", "timestamp": 1512623791861, "tick_direction": 0, "price": 0.6158, "mark_price": 0.61557534, "iv": 143.69, "instrument_name": "BTC-29DEC17-5500-C", "index_price": 14022.98, "direction": "buy", "amount": 0.5}, {"trade_seq": 210, "trade_id": "2155804", "timestamp": 1512612351863, "tick_direction": 0, "price": 0.6125, "mark_price": 0.61225319, "iv": 143.44, "instrument_name": "BTC-29DEC17-5500-C", "index_price": 14094.98, "direction": "sell", "amount": 0.1}, {"trade_seq": 209, "trade_id": "2143977", "timestamp": 1512601361431, "tick_direction": 1, "price": 0.5997, "mark_price": 0.58740513, "iv": 245.92, "instrument_name": "BTC-29DEC17-5500-C", "index_price": 12927.04, "direction": "sell", "amount": 1.0}, {"trade_seq": 208, "trade_id": "2143974", "timestamp": 1512601361355, "tick_direction": 0, "price": 0.5997, "mark_price": 0.58740513, "iv": 245.92, "instrument_name": "BTC-29DEC17-5500-C", "index_price": 13685.26, "direction": "sell", "amount": 1.0}, {"trade_seq": 207, "trade_id": "2139703", "timestamp": 1512598396850, "tick_direction": 0, "price": 0.5925, "mark_price": 0.59135432, "iv": 162.38, "instrument_name": "BTC-29DEC17-5500-C", "index_price": 13318.54, "direction": "sell", "amount": 0.1}, {"trade_seq": 206, "trade_id": "2132804", "timestamp": 1512591166012, "tick_direction": 0, "price": 0.589, "mark_price": 0.58464987, "iv": 196.4, "instrument_name": "BTC-29DEC17-5500-C", "index_price": 13129.14, "direction": "sell", "amount": 1.1}, {"trade_seq": 205, "trade_id": "2100632", "timestamp": 1512522259013, "tick_direction": 0, "price": 0.545, "mark_price": 0.54442249, "iv": 130.64, "instrument_name": "BTC-29DEC17-5500-C", "index_price": 11854.86, "direction": "buy", "amount": 0.1}, {"trade_seq": 204, "trade_id": "2037641", "timestamp": 1512341946117, "tick_direction": 2, "price": 0.521, "mark_price": 0.51162741, "iv": 181.0, "instrument_name": "BTC-29DEC17-5500-C", "index_price": 11101.57, "direction": "buy", "amount": 0.5}, {"trade_seq": 203, "trade_id": "2010729", "timestamp": 1512317571072, "tick_direction": 0, "price": 0.548, "mark_price": 0.54003293, "iv": 185.91, "instrument_name": "BTC-29DEC17-5500-C", "index_price": 11726.65, "direction": "buy", "amount": 0.5}, {"trade_seq": 202, "trade_id": "1963162", "timestamp": 1512203199723, "tick_direction": 2, "price": 0.51, "mark_price": 0.50954525, "iv": 112.48, "instrument_name": "BTC-29DEC17-5500-C", "index_price": 10956.79, "direction": "buy", "amount": 0.1}, {"trade_seq": 201, "trade_id": "1951745", "timestamp": 1512179714656, "tick_direction": 0, "price": 0.5223, "mark_price": 0.51349354, "iv": 173.3, "instrument_name": "BTC-29DEC17-5500-C", "index_price": 11063.42, "direction": "buy", "amount": 0.3}, {"trade_seq": 200, "trade_id": "1896510", "timestamp": 1512084037664, "tick_direction": 0, "price": 0.4598, "mark_price": 0.46143762, "iv": 0.0, "instrument_name": "BTC-29DEC17-5500-C", "index_price": 10011.75, "direction": "buy", "amount": 0.1}, {"trade_seq": 199, "trade_id": "1855357", "timestamp": 1512039450554, "tick_direction": 2, "price": 0.4368, "mark_price": 0.43254499, "iv": 120.96, "instrument_name": "BTC-29DEC17-5500-C", "index_price": 9762.76, "direction": "sell", "amount": 0.1}, {"trade_seq": 198, "trade_id": "1810360", "timestamp": 1511987978817, "tick_direction": 0, "price": 0.4396, "mark_price": 0.43316284, "iv": 129.45, "instrument_name": "BTC-29DEC17-5500-C", "index_price": 9784.65, "direction": "sell", "amount": 0.1}, {"trade_seq": 197, "trade_id": "1803432", "timestamp": 1511984689744, "tick_direction": 1, "price": 0.4148, "mark_price": 0.41483227, "iv": 89.67, "instrument_name": "BTC-29DEC17-5500-C", "index_price": 9182.39, "direction": "buy", "amount": 0.9}, {"trade_seq": 196, "trade_id": "1803422", "timestamp": 1511984689337, "tick_direction": 0, "price": 0.4148, "mark_price": 0.41455921, "iv": 89.67, "instrument_name": "BTC-29DEC17-5500-C", "index_price": 9182.39, "direction": "buy", "amount": 1.5}, {"trade_seq": 195, "trade_id": "1803417", "timestamp": 1511984688910, "tick_direction": 0, "price": 0.4147, "mark_price": 0.41455921, "iv": 88.6, "instrument_name": "BTC-29DEC17-5500-C", "index_price": 9182.39, "direction": "buy", "amount": 0.1}, {"trade_seq": 194, "trade_id": "1802920", "timestamp": 1511984553507, "tick_direction": 2, "price": 0.4087, "mark_price": 0.40347537, "iv": 116.29, "instrument_name": "BTC-29DEC17-5500-C", "index_price": 9174.97, "direction": "buy", "amount": 0.1}, {"trade_seq": 193, "trade_id": "1800445", "timestamp": 1511984011453, "tick_direction": 2, "price": 0.4345, "mark_price": 0.42352453, "iv": 141.86, "instrument_name": "BTC-29DEC17-5500-C", "index_price": 9707.45, "direction": "sell", "amount": 0.1}, {"trade_seq": 192, "trade_id": "1797222", "timestamp": 1511983043578, "tick_direction": 2, "price": 0.4506, "mark_price": 0.44437602, "iv": 131.63, "instrument_name": "BTC-29DEC17-5500-C", "index_price": 10054.48, "direction": "sell", "amount": 0.1}, {"trade_seq": 191, "trade_id": "1774504", "timestamp": 1511964631860, "tick_direction": 0, "price": 0.5313, "mark_price": 0.52640243, "iv": 151.26, "instrument_name": "BTC-29DEC17-5500-C", "index_price": 11314.75, "direction": "sell", "amount": 0.3}, {"trade_seq": 190, "trade_id": "1774397", "timestamp": 1511964492057, "tick_direction": 0, "price": 0.5287, "mark_price": 0.52391014, "iv": 149.7, "instrument_name": "BTC-29DEC17-5500-C", "index_price": 11219.12, "direction": "buy", "amount": 0.2}, {"trade_seq": 189, "trade_id": "1774361", "timestamp": 1511964427072, "tick_direction": 0, "price": 0.5286, "mark_price": 0.52388917, "iv": 149.23, "instrument_name": "BTC-29DEC17-5500-C", "index_price": 11226.6, "direction": "buy", "amount": 0.4}, {"trade_seq": 188, "trade_id": "1758412", "timestamp": 1511933857610, "tick_direction": 2, "price": 0.4977, "mark_price": 0.49451088, "iv": 128.49, "instrument_name": "BTC-29DEC17-5500-C", "index_price": 9895.43, "direction": "sell", "amount": 1.5}, {"trade_seq": 187, "trade_id": "1757949", "timestamp": 1511933762372, "tick_direction": 0, "price": 0.5082, "mark_price": 0.50642117, "iv": 120.28, "instrument_name": "BTC-29DEC17-5500-C", "index_price": 10766.62, "direction": "buy", "amount": 0.5}, {"trade_seq": 186, "trade_id": "1756474", "timestamp": 1511932854112, "tick_direction": 1, "price": 0.4989, "mark_price": 0.49683871, "iv": 120.08, "instrument_name": "BTC-29DEC17-5500-C", "index_price": 10655.35, "direction": "buy", "amount": 0.2}, {"trade_seq": 185, "trade_id": "1756473", "timestamp": 1511932851618, "tick_direction": 0, "price": 0.4989, "mark_price": 0.49683871, "iv": 120.08, "instrument_name": "BTC-29DEC17-5500-C", "index_price": 10655.35, "direction": "buy", "amount": 0.2}, {"trade_seq": 184, "trade_id": "1754778", "timestamp": 1511930915654, "tick_direction": 0, "price": 0.4888, "mark_price": 0.48645881, "iv": 119.69, "instrument_name": "BTC-29DEC17-5500-C", "index_price": 10423.56, "direction": "buy", "amount": 0.1}, {"trade_seq": 183, "trade_id": "1754248", "timestamp": 1511929710680, "tick_direction": 0, "price": 0.4874, "mark_price": 0.48496846, "iv": 119.95, "instrument_name": "BTC-29DEC17-5500-C", "index_price": 9895.43, "direction": "sell", "amount": 0.2}, {"trade_seq": 182, "trade_id": "1753377", "timestamp": 1511927068622, "tick_direction": 2, "price": 0.4833, "mark_price": 0.48061621, "iv": 120.18, "instrument_name": "BTC-29DEC17-5500-C", "index_price": 10335.04, "direction": "buy", "amount": 0.2}, {"trade_seq": 181, "trade_id": "1753084", "timestamp": 1511926695573, "tick_direction": 0, "price": 0.4868, "mark_price": 0.48504798, "iv": 113.63, "instrument_name": "BTC-29DEC17-5500-C", "index_price": 10345.37, "direction": "buy", "amount": 0.2}, {"trade_seq": 180, "trade_id": "1720151", "timestamp": 1511779450302, "tick_direction": 0, "price": 0.432, "mark_price": 0.43254068, "iv": 53.56, "instrument_name": "BTC-29DEC17-5500-C", "index_price": 9563.91, "direction": "buy", "amount": 1.0}, {"trade_seq": 179, "trade_id": "1720094", "timestamp": 1511779370451, "tick_direction": 0, "price": 0.43, "mark_price": 0.43206119, "iv": 0.0, "instrument_name": "BTC-29DEC17-5500-C", "index_price": 9546.36, "direction": "buy", "amount": 1.0}, {"trade_seq": 178, "trade_id": "1716034", "timestamp": 1511768103728, "tick_direction": 2, "price": 0.4088, "mark_price": 0.44058314, "iv": 0.0, "instrument_name": "BTC-29DEC17-5500-C", "index_price": 9617.23, "direction": "sell", "amount": 0.2}, {"trade_seq": 177, "trade_id": "1710086", "timestamp": 1511751207641, "tick_direction": 0, "price": 0.4337, "mark_price": 0.43584547, "iv": 0.0, "instrument_name": "BTC-29DEC17-5500-C", "index_price": 9518.29, "direction": "sell", "amount": 0.1}, {"trade_seq": 176, "trade_id": "1690838", "timestamp": 1511716554551, "tick_direction": 1, "price": 0.4302, "mark_price": 0.41909724, "iv": 133.03, "instrument_name": "BTC-29DEC17-5500-C", "index_price": 9346.38, "direction": "sell", "amount": 1.1}, {"trade_seq": 175, "trade_id": "1690837", "timestamp": 1511716554496, "tick_direction": 0, "price": 0.4302, "mark_price": 0.41909724, "iv": 133.03, "instrument_name": "BTC-29DEC17-5500-C", "index_price": 9346.38, "direction": "sell", "amount": 0.5}, {"trade_seq": 174, "trade_id": "1690515", "timestamp": 1511716018095, "tick_direction": 0, "price": 0.421, "mark_price": 0.41367644, "iv": 119.9, "instrument_name": "BTC-29DEC17-5500-C", "index_price": 9276.05, "direction": "buy", "amount": 0.5}, {"trade_seq": 173, "trade_id": "1676915", "timestamp": 1511661778275, "tick_direction": 0, "price": 0.4005, "mark_price": 0.38572853, "iv": 131.39, "instrument_name": "BTC-29DEC17-5500-C", "index_price": 8842.6, "direction": "buy", "amount": 1.0}, {"trade_seq": 172, "trade_id": "1662213", "timestamp": 1511597302555, "tick_direction": 0, "price": 0.3577, "mark_price": 0.35781071, "iv": 77.37, "instrument_name": "BTC-29DEC17-5500-C", "index_price": 8340.17, "direction": "buy", "amount": 0.1}, {"trade_seq": 171, "trade_id": "1661762", "timestamp": 1511597128350, "tick_direction": 0, "price": 0.3509, "mark_price": 0.35070801, "iv": 78.97, "instrument_name": "BTC-29DEC17-5500-C", "index_price": 8303.74, "direction": "buy", "amount": 0.1}, {"trade_seq": 170, "trade_id": "1650081", "timestamp": 1511514550595, "tick_direction": 0, "price": 0.3356, "mark_price": 0.33160304, "iv": 92.05, "instrument_name": "BTC-29DEC17-5500-C", "index_price": 8207.95, "direction": "buy", "amount": 0.2}, {"trade_seq": 169, "trade_id": "1646271", "timestamp": 1511503811238, "tick_direction": 3, "price": 0.3191, "mark_price": 0.32594119, "iv": 72.94, "instrument_name": "BTC-29DEC17-5500-C", "index_price": 8125.7, "direction": "sell", "amount": 0.1}, {"trade_seq": 168, "trade_id": "1645158", "timestamp": 1511496118260, "tick_direction": 2, "price": 0.3191, "mark_price": 0.31971968, "iv": 91.61, "instrument_name": "BTC-29DEC17-5500-C", "index_price": 8077.41, "direction": "sell", "amount": 0.1}, {"trade_seq": 167, "trade_id": "1644448", "timestamp": 1511493926443, "tick_direction": 2, "price": 0.3207, "mark_price": 0.32350496, "iv": 86.16, "instrument_name": "BTC-29DEC17-5500-C", "index_price": 8114.44, "direction": "sell", "amount": 0.1}, {"trade_seq": 166, "trade_id": "1566764", "timestamp": 1511209936187, "tick_direction": 0, "price": 0.3436, "mark_price": 0.3498756, "iv": 71.12, "instrument_name": "BTC-29DEC17-5500-C", "index_price": 8246.75, "direction": "sell", "amount": 0.3}, {"trade_seq": 165, "trade_id": "1549875", "timestamp": 1511115884307, "tick_direction": 0, "price": 0.331, "mark_price": 0.33607963, "iv": 82.19, "instrument_name": "BTC-29DEC17-5500-C", "index_price": 7972.65, "direction": "sell", "amount": 0.1}, {"trade_seq": 164, "trade_id": "1546045", "timestamp": 1511101075235, "tick_direction": 0, "price": 0.33, "mark_price": 0.32051513, "iv": 109.81, "instrument_name": "BTC-29DEC17-5500-C", "index_price": 7790.68, "direction": "sell", "amount": 0.1}, {"trade_seq": 163, "trade_id": "1510447", "timestamp": 1510932830276, "tick_direction": 0, "price": 0.3246, "mark_price": 0.3277623, "iv": 84.56, "instrument_name": "BTC-29DEC17-5500-C", "index_price": 7825.39, "direction": "buy", "amount": 1.0}, {"trade_seq": 162, "trade_id": "1498830", "timestamp": 1510904354801, "tick_direction": 2, "price": 0.303, "mark_price": 0.30544749, "iv": 86.92, "instrument_name": "BTC-29DEC17-5500-C", "index_price": 7691.44, "direction": "sell", "amount": 0.9}, {"trade_seq": 161, "trade_id": "1487127", "timestamp": 1510868909768, "tick_direction": 0, "price": 0.3462, "mark_price": 0.32586283, "iv": 122.29, "instrument_name": "BTC-29DEC17-5500-C", "index_price": 7860.2, "direction": "sell", "amount": 0.1}, {"trade_seq": 160, "trade_id": "1487123", "timestamp": 1510868896452, "tick_direction": 0, "price": 0.3456, "mark_price": 0.32548799, "iv": 121.93, "instrument_name": "BTC-29DEC17-5500-C", "index_price": 7857.98, "direction": "buy", "amount": 0.1}, {"trade_seq": 159, "trade_id": "1487100", "timestamp": 1510868825101, "tick_direction": 2, "price": 0.3449, "mark_price": 0.32482921, "iv": 121.77, "instrument_name": "BTC-29DEC17-5500-C", "index_price": 7844.52, "direction": "buy", "amount": 0.1}, {"trade_seq": 158, "trade_id": "1487050", "timestamp": 1510868763276, "tick_direction": 2, "price": 0.348, "mark_price": 0.3267306, "iv": 123.69, "instrument_name": "BTC-29DEC17-5500-C", "index_price": 7880.13, "direction": "buy", "amount": 0.1}, {"trade_seq": 157, "trade_id": "1487020", "timestamp": 1510868611015, "tick_direction": 2, "price": 0.3497, "mark_price": 0.32805768, "iv": 124.41, "instrument_name": "BTC-29DEC17-5500-C", "index_price": 7878.53, "direction": "buy", "amount": 0.1}, {"trade_seq": 156, "trade_id": "1487010", "timestamp": 1510868597922, "tick_direction": 0, "price": 0.3501, "mark_price": 0.32865504, "iv": 124.24, "instrument_name": "BTC-29DEC17-5500-C", "index_price": 7878.86, "direction": "buy", "amount": 0.1}, {"trade_seq": 155, "trade_id": "1487005", "timestamp": 1510868560186, "tick_direction": 0, "price": 0.3494, "mark_price": 0.32807597, "iv": 123.98, "instrument_name": "BTC-29DEC17-5500-C", "index_price": 7876.17, "direction": "buy", "amount": 0.1}, {"trade_seq": 154, "trade_id": "1486985", "timestamp": 1510868499887, "tick_direction": 2, "price": 0.3481, "mark_price": 0.32712079, "iv": 123.36, "instrument_name": "BTC-29DEC17-5500-C", "index_price": 7866.46, "direction": "buy", "amount": 0.1}, {"trade_seq": 153, "trade_id": "1486904", "timestamp": 1510868375192, "tick_direction": 0, "price": 0.3484, "mark_price": 0.32724324, "iv": 123.62, "instrument_name": "BTC-29DEC17-5500-C", "index_price": 7873.73, "direction": "buy", "amount": 0.1}, {"trade_seq": 152, "trade_id": "1482261", "timestamp": 1510856624632, "tick_direction": 0, "price": 0.3283, "mark_price": 0.31742528, "iv": 107.98, "instrument_name": "BTC-29DEC17-5500-C", "index_price": 7769.34, "direction": "buy", "amount": 0.3}, {"trade_seq": 151, "trade_id": "1482243", "timestamp": 1510856597897, "tick_direction": 0, "price": 0.3271, "mark_price": 0.3164198, "iv": 107.6, "instrument_name": "BTC-29DEC17-5500-C", "index_price": 7768.78, "direction": "buy", "amount": 0.1}, {"trade_seq": 150, "trade_id": "1482225", "timestamp": 1510856561220, "tick_direction": 0, "price": 0.3267, "mark_price": 0.31678146, "iv": 106.54, "instrument_name": "BTC-29DEC17-5500-C", "index_price": 7761.43, "direction": "buy", "amount": 0.1}, {"trade_seq": 149, "trade_id": "1481880", "timestamp": 1510856337753, "tick_direction": 0, "price": 0.3219, "mark_price": 0.31056523, "iv": 107.97, "instrument_name": "BTC-29DEC17-5500-C", "index_price": 7692.28, "direction": "buy", "amount": 0.5}, {"trade_seq": 148, "trade_id": "1459897", "timestamp": 1510777330380, "tick_direction": 1, "price": 0.27, "mark_price": 0.27052841, "iv": 90.34, "instrument_name": "BTC-29DEC17-5500-C", "index_price": 7274.36, "direction": "buy", "amount": 0.4}, {"trade_seq": 147, "trade_id": "1459879", "timestamp": 1510777315141, "tick_direction": 0, "price": 0.27, "mark_price": 0.26853187, "iv": 90.85, "instrument_name": "BTC-29DEC17-5500-C", "index_price": 7273.58, "direction": "buy", "amount": 0.1}, {"trade_seq": 146, "trade_id": "1445629", "timestamp": 1510712490468, "tick_direction": 1, "price": 0.24, "mark_price": 0.24255, "iv": 87.88, "instrument_name": "BTC-29DEC17-5500-C", "index_price": 6888.84, "direction": "buy", "amount": 0.1}, {"trade_seq": 145, "trade_id": "1445530", "timestamp": 1510712450679, "tick_direction": 0, "price": 0.24, "mark_price": 0.24087464, "iv": 88.06, "instrument_name": "BTC-29DEC17-5500-C", "index_price": 6876.62, "direction": "buy", "amount": 0.1}, {"trade_seq": 144, "trade_id": "1327855", "timestamp": 1510408054931, "tick_direction": 2, "price": 0.204, "mark_price": null, "iv": 91.23, "instrument_name": "BTC-29DEC17-5500-C", "index_price": 6392.22, "direction": "sell", "amount": 0.5}, {"trade_seq": 143, "trade_id": "1327797", "timestamp": 1510407956127, "tick_direction": 0, "price": 0.2041, "mark_price": null, "iv": 89.96, "instrument_name": "BTC-29DEC17-5500-C", "index_price": 6411.58, "direction": "buy", "amount": 0.5}, {"trade_seq": 142, "trade_id": "1307493", "timestamp": 1510341971249, "tick_direction": 2, "price": 0.1864, "mark_price": null, "iv": 56.14, "instrument_name": "BTC-29DEC17-5500-C", "index_price": 6607.15, "direction": "sell", "amount": 0.5}, {"trade_seq": 141, "trade_id": "1284711", "timestamp": 1510185325401, "tick_direction": 0, "price": 0.28, "mark_price": null, "iv": 73.77, "instrument_name": "BTC-29DEC17-5500-C", "index_price": 7479.62, "direction": "buy", "amount": 0.1}, {"trade_seq": 140, "trade_id": "1276681", "timestamp": 1510168052831, "tick_direction": 2, "price": 0.2768, "mark_price": null, "iv": 94.0, "instrument_name": "BTC-29DEC17-5500-C", "index_price": 7230.01, "direction": "buy", "amount": 0.2}, {"trade_seq": 139, "trade_id": "1273253", "timestamp": 1510166120173, "tick_direction": 0, "price": 0.2921, "mark_price": null, "iv": 107.29, "instrument_name": "BTC-29DEC17-5500-C", "index_price": 7262.5, "direction": "sell", "amount": 0.1}, {"trade_seq": 138, "trade_id": "1268262", "timestamp": 1510162005980, "tick_direction": 0, "price": 0.285, "mark_price": null, "iv": 0.0, "instrument_name": "BTC-29DEC17-5500-C", "index_price": 7761.26, "direction": "buy", "amount": 1.0}, {"trade_seq": 137, "trade_id": "1265116", "timestamp": 1510151980281, "tick_direction": 0, "price": 0.2699, "mark_price": null, "iv": 25.7, "instrument_name": "BTC-29DEC17-5500-C", "index_price": 7533.1, "direction": "sell", "amount": 0.5}, {"trade_seq": 136, "trade_id": "1188385", "timestamp": 1509699668486, "tick_direction": 0, "price": 0.24, "mark_price": null, "iv": 0.0, "instrument_name": "BTC-29DEC17-5500-C", "index_price": 7403.27, "direction": "buy", "amount": 0.1}, {"trade_seq": 135, "trade_id": "1186801", "timestamp": 1509694695064, "tick_direction": 0, "price": 0.235, "mark_price": null, "iv": 0.0, "instrument_name": "BTC-29DEC17-5500-C", "index_price": 7295.22, "direction": "buy", "amount": 0.2}, {"trade_seq": 134, "trade_id": "1182760", "timestamp": 1509670987367, "tick_direction": 1, "price": 0.2348, "mark_price": null, "iv": 67.34, "instrument_name": "BTC-29DEC17-5500-C", "index_price": 6972.82, "direction": "buy", "amount": 1.0}, {"trade_seq": 133, "trade_id": "1182731", "timestamp": 1509670644446, "tick_direction": 0, "price": 0.2348, "mark_price": null, "iv": 64.95, "instrument_name": "BTC-29DEC17-5500-C", "index_price": 6997.08, "direction": "buy", "amount": 0.2}, {"trade_seq": 132, "trade_id": "1178221", "timestamp": 1509640212225, "tick_direction": 0, "price": 0.23, "mark_price": null, "iv": 52.0, "instrument_name": "BTC-29DEC17-5500-C", "index_price": 7052.88, "direction": "buy", "amount": 0.2}, {"trade_seq": 131, "trade_id": "1177652", "timestamp": 1509635445815, "tick_direction": 2, "price": 0.2219, "mark_price": null, "iv": 27.54, "instrument_name": "BTC-29DEC17-5500-C", "index_price": 7065.39, "direction": "sell", "amount": 1.3}, {"trade_seq": 130, "trade_id": "1177230", "timestamp": 1509632183647, "tick_direction": 2, "price": 0.23, "mark_price": null, "iv": 48.0, "instrument_name": "BTC-29DEC17-5500-C", "index_price": 7078.0, "direction": "buy", "amount": 0.3}, {"trade_seq": 129, "trade_id": "1173797", "timestamp": 1509621633731, "tick_direction": 0, "price": 0.2345, "mark_price": null, "iv": 0.0, "instrument_name": "BTC-29DEC17-5500-C", "index_price": 7206.48, "direction": "sell", "amount": 1.0}, {"trade_seq": 128, "trade_id": "1172310", "timestamp": 1509619675224, "tick_direction": 1, "price": 0.2299, "mark_price": null, "iv": 0.0, "instrument_name": "BTC-29DEC17-5500-C", "index_price": 7143.63, "direction": "sell", "amount": 0.1}, {"trade_seq": 127, "trade_id": "1172254", "timestamp": 1509619634755, "tick_direction": 1, "price": 0.2299, "mark_price": null, "iv": 0.0, "instrument_name": "BTC-29DEC17-5500-C", "index_price": 7147.71, "direction": "sell", "amount": 1.4}, {"trade_seq": 126, "trade_id": "1172241", "timestamp": 1509619623574, "tick_direction": 1, "price": 0.2299, "mark_price": null, "iv": 0.0, "instrument_name": "BTC-29DEC17-5500-C", "index_price": 7147.88, "direction": "sell", "amount": 1.4}, {"trade_seq": 125, "trade_id": "1172161", "timestamp": 1509619395911, "tick_direction": 0, "price": 0.2299, "mark_price": null, "iv": 48.97, "instrument_name": "BTC-29DEC17-5500-C", "index_price": 7070.8, "direction": "sell", "amount": 1.4}, {"trade_seq": 124, "trade_id": "1164946", "timestamp": 1509581931063, "tick_direction": 2, "price": 0.1862, "mark_price": null, "iv": 0.0, "instrument_name": "BTC-29DEC17-5500-C", "index_price": 6758.89, "direction": "sell", "amount": 1.4}, {"trade_seq": 123, "trade_id": "1164295", "timestamp": 1509579757898, "tick_direction": 2, "price": 0.2043, "mark_price": null, "iv": 59.99, "instrument_name": "BTC-29DEC17-5500-C", "index_price": 6707.99, "direction": "sell", "amount": 0.1}, {"trade_seq": 122, "trade_id": "1161271", "timestamp": 1509557599763, "tick_direction": 0, "price": 0.215, "mark_price": null, "iv": 78.28, "instrument_name": "BTC-29DEC17-5500-C", "index_price": 6596.37, "direction": "buy", "amount": 0.1}, {"trade_seq": 121, "trade_id": "1161262", "timestamp": 1509557586147, "tick_direction": 0, "price": 0.2148, "mark_price": null, "iv": 78.11, "instrument_name": "BTC-29DEC17-5500-C", "index_price": 6596.43, "direction": "buy", "amount": 1.0}, {"trade_seq": 120, "trade_id": "1156483", "timestamp": 1509531135185, "tick_direction": 0, "price": 0.195, "mark_price": null, "iv": 66.95, "instrument_name": "BTC-29DEC17-5500-C", "index_price": 6519.16, "direction": "buy", "amount": 0.3}, {"trade_seq": 119, "trade_id": "1109456", "timestamp": 1509197277031, "tick_direction": 2, "price": 0.1396, "mark_price": null, "iv": 75.02, "instrument_name": "BTC-29DEC17-5500-C", "index_price": 5709.4, "direction": "sell", "amount": 0.2}, {"trade_seq": 118, "trade_id": "1109090", "timestamp": 1509194552976, "tick_direction": 2, "price": 0.1438, "mark_price": null, "iv": 77.58, "instrument_name": "BTC-29DEC17-5500-C", "index_price": 5711.02, "direction": "buy", "amount": 1.6}, {"trade_seq": 117, "trade_id": "1108066", "timestamp": 1509187269911, "tick_direction": 2, "price": 0.16, "mark_price": null, "iv": 84.84, "instrument_name": "BTC-29DEC17-5500-C", "index_price": 5768.97, "direction": "sell", "amount": 0.1}, {"trade_seq": 116, "trade_id": "1105813", "timestamp": 1509149733573, "tick_direction": 2, "price": 0.17, "mark_price": null, "iv": 87.42, "instrument_name": "BTC-29DEC17-5500-C", "index_price": 5838.04, "direction": "buy", "amount": 0.1}, {"trade_seq": 115, "trade_id": "1096037", "timestamp": 1509065106437, "tick_direction": 2, "price": 0.1895, "mark_price": null, "iv": 95.51, "instrument_name": "BTC-29DEC17-5500-C", "index_price": 5912.44, "direction": "buy", "amount": 1.3}, {"trade_seq": 114, "trade_id": "1095840", "timestamp": 1509060537457, "tick_direction": 0, "price": 0.1905, "mark_price": null, "iv": 96.72, "instrument_name": "BTC-29DEC17-5500-C", "index_price": 5900.53, "direction": "buy", "amount": 1.3}, {"trade_seq": 113, "trade_id": "1095732", "timestamp": 1509059382253, "tick_direction": 2, "price": 0.1889, "mark_price": null, "iv": 95.68, "instrument_name": "BTC-29DEC17-5500-C", "index_price": 5900.38, "direction": "buy", "amount": 0.8}, {"trade_seq": 112, "trade_id": "1095723", "timestamp": 1509059133380, "tick_direction": 0, "price": 0.1894, "mark_price": null, "iv": 96.62, "instrument_name": "BTC-29DEC17-5500-C", "index_price": 5887.95, "direction": "buy", "amount": 0.5}, {"trade_seq": 111, "trade_id": "1095722", "timestamp": 1509059133380, "tick_direction": 0, "price": 0.1892, "mark_price": null, "iv": 96.49, "instrument_name": "BTC-29DEC17-5500-C", "index_price": 5887.95, "direction": "buy", "amount": 0.8}, {"trade_seq": 110, "trade_id": "1095719", "timestamp": 1509059117766, "tick_direction": 0, "price": 0.1881, "mark_price": null, "iv": 95.79, "instrument_name": "BTC-29DEC17-5500-C", "index_price": 5887.8, "direction": "buy", "amount": 0.8}, {"trade_seq": 109, "trade_id": "1075580", "timestamp": 1508918348561, "tick_direction": 2, "price": 0.16, "mark_price": null, "iv": 91.56, "instrument_name": "BTC-29DEC17-5500-C", "index_price": 5588.29, "direction": "buy", "amount": 0.2}, {"trade_seq": 108, "trade_id": "1066005", "timestamp": 1508860986194, "tick_direction": 0, "price": 0.1864, "mark_price": null, "iv": 102.58, "instrument_name": "BTC-29DEC17-5500-C", "index_price": 5688.01, "direction": "buy", "amount": 1.0}, {"trade_seq": 107, "trade_id": "1065335", "timestamp": 1508856792263, "tick_direction": 3, "price": 0.117, "mark_price": null, "iv": 62.84, "instrument_name": "BTC-29DEC17-5500-C", "index_price": 5632.68, "direction": "sell", "amount": 0.2}, {"trade_seq": 106, "trade_id": "1065334", "timestamp": 1508856792263, "tick_direction": 2, "price": 0.117, "mark_price": null, "iv": 62.84, "instrument_name": "BTC-29DEC17-5500-C", "index_price": 5632.68, "direction": "sell", "amount": 0.1}, {"trade_seq": 105, "trade_id": "1061563", "timestamp": 1508831512279, "tick_direction": 2, "price": 0.1912, "mark_price": null, "iv": 102.73, "instrument_name": "BTC-29DEC17-5500-C", "index_price": 5742.77, "direction": "buy", "amount": 0.5}, {"trade_seq": 104, "trade_id": "1036889", "timestamp": 1508729511114, "tick_direction": 1, "price": 0.22, "mark_price": null, "iv": 109.85, "instrument_name": "BTC-29DEC17-5500-C", "index_price": 5956.67, "direction": "sell", "amount": 0.2}, {"trade_seq": 103, "trade_id": "1036881", "timestamp": 1508729268489, "tick_direction": 1, "price": 0.22, "mark_price": null, "iv": 109.81, "instrument_name": "BTC-29DEC17-5500-C", "index_price": 5957.54, "direction": "sell", "amount": 0.2}, {"trade_seq": 102, "trade_id": "1036878", "timestamp": 1508729133472, "tick_direction": 1, "price": 0.22, "mark_price": null, "iv": 109.82, "instrument_name": "BTC-29DEC17-5500-C", "index_price": 5957.26, "direction": "sell", "amount": 0.1}, {"trade_seq": 101, "trade_id": "1036861", "timestamp": 1508728801704, "tick_direction": 1, "price": 0.22, "mark_price": null, "iv": 109.96, "instrument_name": "BTC-29DEC17-5500-C", "index_price": 5954.15, "direction": "sell", "amount": 0.1}, {"trade_seq": 100, "trade_id": "1036839", "timestamp": 1508728764178, "tick_direction": 1, "price": 0.22, "mark_price": null, "iv": 109.43, "instrument_name": "BTC-29DEC17-5500-C", "index_price": 5965.49, "direction": "sell", "amount": 0.1}, {"trade_seq": 99, "trade_id": "1036836", "timestamp": 1508728715829, "tick_direction": 1, "price": 0.22, "mark_price": null, "iv": 109.34, "instrument_name": "BTC-29DEC17-5500-C", "index_price": 5967.55, "direction": "sell", "amount": 0.2}, {"trade_seq": 98, "trade_id": "1036612", "timestamp": 1508726574658, "tick_direction": 0, "price": 0.22, "mark_price": null, "iv": 107.76, "instrument_name": "BTC-29DEC17-5500-C", "index_price": 6000.78, "direction": "buy", "amount": 0.1}, {"trade_seq": 97, "trade_id": "1022806", "timestamp": 1508645685335, "tick_direction": 3, "price": 0.1892, "mark_price": null, "iv": 93.59, "instrument_name": "BTC-29DEC17-5500-C", "index_price": 5876.62, "direction": "sell", "amount": 0.1}, {"trade_seq": 96, "trade_id": "1022717", "timestamp": 1508645611479, "tick_direction": 3, "price": 0.1892, "mark_price": null, "iv": 94.01, "instrument_name": "BTC-29DEC17-5500-C", "index_price": 5867.7, "direction": "sell", "amount": 0.2}, {"trade_seq": 95, "trade_id": "1022639", "timestamp": 1508645552333, "tick_direction": 3, "price": 0.1892, "mark_price": null, "iv": 93.55, "instrument_name": "BTC-29DEC17-5500-C", "index_price": 5877.43, "direction": "sell", "amount": 0.2}, {"trade_seq": 94, "trade_id": "1022493", "timestamp": 1508645363336, "tick_direction": 2, "price": 0.1892, "mark_price": null, "iv": 93.43, "instrument_name": "BTC-29DEC17-5500-C", "index_price": 5879.79, "direction": "sell", "amount": 0.1}, {"trade_seq": 93, "trade_id": "1015452", "timestamp": 1508613418164, "tick_direction": 1, "price": 0.2198, "mark_price": null, "iv": 105.36, "instrument_name": "BTC-29DEC17-5500-C", "index_price": 6027.23, "direction": "buy", "amount": 0.1}, {"trade_seq": 92, "trade_id": "1015438", "timestamp": 1508613229802, "tick_direction": 0, "price": 0.2198, "mark_price": null, "iv": 105.68, "instrument_name": "BTC-29DEC17-5500-C", "index_price": 6020.45, "direction": "buy", "amount": 0.5}, {"trade_seq": 91, "trade_id": "1006332", "timestamp": 1508559772480, "tick_direction": 0, "price": 0.21, "mark_price": null, "iv": 93.37, "instrument_name": "BTC-29DEC17-5500-C", "index_price": 6136.96, "direction": "buy", "amount": 0.1}, {"trade_seq": 90, "trade_id": "986636", "timestamp": 1508425758710, "tick_direction": 2, "price": 0.1669, "mark_price": null, "iv": 99.55, "instrument_name": "BTC-29DEC17-5500-C", "index_price": 5413.36, "direction": "buy", "amount": 0.1}, {"trade_seq": 89, "trade_id": "978886", "timestamp": 1508366570353, "tick_direction": 2, "price": 0.1867, "mark_price": null, "iv": 103.91, "instrument_name": "BTC-29DEC17-5500-C", "index_price": 5566.79, "direction": "buy", "amount": 0.3}, {"trade_seq": 88, "trade_id": "936873", "timestamp": 1508060054162, "tick_direction": 0, "price": 0.2, "mark_price": null, "iv": 109.5, "instrument_name": "BTC-29DEC17-5500-C", "index_price": 5555.91, "direction": "buy", "amount": 0.1}, {"trade_seq": 87, "trade_id": "927727", "timestamp": 1507991982431, "tick_direction": 0, "price": 0.186, "mark_price": null, "iv": 94.78, "instrument_name": "BTC-29DEC17-5500-C", "index_price": 5699.93, "direction": "buy", "amount": 2.0}, {"trade_seq": 86, "trade_id": "924452", "timestamp": 1507968892037, "tick_direction": 3, "price": 0.178, "mark_price": null, "iv": 94.7, "instrument_name": "BTC-29DEC17-5500-C", "index_price": 5592.13, "direction": "buy", "amount": 0.1}, {"trade_seq": 85, "trade_id": "924045", "timestamp": 1507962487030, "tick_direction": 3, "price": 0.178, "mark_price": null, "iv": 94.74, "instrument_name": "BTC-29DEC17-5500-C", "index_price": 5590.09, "direction": "buy", "amount": 0.2}, {"trade_seq": 84, "trade_id": "924042", "timestamp": 1507962409395, "tick_direction": 2, "price": 0.178, "mark_price": null, "iv": 94.71, "instrument_name": "BTC-29DEC17-5500-C", "index_price": 5590.9, "direction": "buy", "amount": 0.1}, {"trade_seq": 83, "trade_id": "923795", "timestamp": 1507957777341, "tick_direction": 2, "price": 0.179, "mark_price": null, "iv": 94.45, "instrument_name": "BTC-29DEC17-5500-C", "index_price": 5609.28, "direction": "buy", "amount": 0.1}, {"trade_seq": 82, "trade_id": "923688", "timestamp": 1507957171879, "tick_direction": 0, "price": 0.182, "mark_price": null, "iv": 94.78, "instrument_name": "BTC-29DEC17-5500-C", "index_price": 5641.32, "direction": "buy", "amount": 0.1}, {"trade_seq": 81, "trade_id": "921039", "timestamp": 1507929301329, "tick_direction": 2, "price": 0.178, "mark_price": null, "iv": 94.96, "instrument_name": "BTC-29DEC17-5500-C", "index_price": 5579.28, "direction": "buy", "amount": 1.0}, {"trade_seq": 80, "trade_id": "916965", "timestamp": 1507912698435, "tick_direction": 2, "price": 0.1786, "mark_price": null, "iv": 90.76, "instrument_name": "BTC-29DEC17-5500-C", "index_price": 5682.07, "direction": "sell", "amount": 0.1}, {"trade_seq": 79, "trade_id": "916953", "timestamp": 1507912596919, "tick_direction": 3, "price": 0.179, "mark_price": null, "iv": 90.85, "instrument_name": "BTC-29DEC17-5500-C", "index_price": 5685.3, "direction": "buy", "amount": 0.2}, {"trade_seq": 78, "trade_id": "916943", "timestamp": 1507912550820, "tick_direction": 2, "price": 0.179, "mark_price": null, "iv": 90.81, "instrument_name": "BTC-29DEC17-5500-C", "index_price": 5686.23, "direction": "sell", "amount": 0.1}, {"trade_seq": 77, "trade_id": "913390", "timestamp": 1507897740630, "tick_direction": 1, "price": 0.1791, "mark_price": null, "iv": 94.93, "instrument_name": "BTC-29DEC17-5500-C", "index_price": 5589.33, "direction": "buy", "amount": 1.3}, {"trade_seq": 76, "trade_id": "913233", "timestamp": 1507897065572, "tick_direction": 0, "price": 0.1791, "mark_price": null, "iv": 94.88, "instrument_name": "BTC-29DEC17-5500-C", "index_price": 5590.4, "direction": "buy", "amount": 1.3}, {"trade_seq": 75, "trade_id": "913050", "timestamp": 1507896042562, "tick_direction": 0, "price": 0.1787, "mark_price": null, "iv": 93.0, "instrument_name": "BTC-29DEC17-5500-C", "index_price": 5628.9, "direction": "buy", "amount": 0.1}, {"trade_seq": 74, "trade_id": "903725", "timestamp": 1507864887278, "tick_direction": 0, "price": 0.1726, "mark_price": null, "iv": 86.08, "instrument_name": "BTC-29DEC17-5500-C", "index_price": 5703.81, "direction": "sell", "amount": 0.5}, {"trade_seq": 73, "trade_id": "900148", "timestamp": 1507860822845, "tick_direction": 2, "price": 0.17, "mark_price": null, "iv": 89.61, "instrument_name": "BTC-29DEC17-5500-C", "index_price": 5587.95, "direction": "buy", "amount": 0.1}, {"trade_seq": 72, "trade_id": "893030", "timestamp": 1507830975214, "tick_direction": 0, "price": 0.1716, "mark_price": null, "iv": 103.82, "instrument_name": "BTC-29DEC17-5500-C", "index_price": 5261.65, "direction": "buy", "amount": 0.1}, {"trade_seq": 71, "trade_id": "891594", "timestamp": 1507825668427, "tick_direction": 1, "price": 0.145, "mark_price": null, "iv": 86.36, "instrument_name": "BTC-29DEC17-5500-C", "index_price": 5331.1, "direction": "buy", "amount": 0.6}, {"trade_seq": 70, "trade_id": "891572", "timestamp": 1507825576943, "tick_direction": 1, "price": 0.145, "mark_price": null, "iv": 86.81, "instrument_name": "BTC-29DEC17-5500-C", "index_price": 5320.1, "direction": "buy", "amount": 0.2}, {"trade_seq": 69, "trade_id": "891560", "timestamp": 1507825556799, "tick_direction": 1, "price": 0.145, "mark_price": null, "iv": 87.07, "instrument_name": "BTC-29DEC17-5500-C", "index_price": 5313.78, "direction": "buy", "amount": 0.1}, {"trade_seq": 68, "trade_id": "891555", "timestamp": 1507825524104, "tick_direction": 0, "price": 0.145, "mark_price": null, "iv": 87.4, "instrument_name": "BTC-29DEC17-5500-C", "index_price": 5305.84, "direction": "buy", "amount": 0.1}, {"trade_seq": 67, "trade_id": "883925", "timestamp": 1507796416623, "tick_direction": 0, "price": 0.1275, "mark_price": null, "iv": 85.44, "instrument_name": "BTC-29DEC17-5500-C", "index_price": 5115.17, "direction": "buy", "amount": 0.1}, {"trade_seq": 66, "trade_id": "883234", "timestamp": 1507795817710, "tick_direction": 0, "price": 0.12, "mark_price": null, "iv": 84.35, "instrument_name": "BTC-29DEC17-5500-C", "index_price": 5040.35, "direction": "buy", "amount": 0.1}, {"trade_seq": 65, "trade_id": "883137", "timestamp": 1507795659291, "tick_direction": 0, "price": 0.1159, "mark_price": null, "iv": 83.34, "instrument_name": "BTC-29DEC17-5500-C", "index_price": 5009.68, "direction": "sell", "amount": 1.0}, {"trade_seq": 64, "trade_id": "876760", "timestamp": 1507730012242, "tick_direction": 2, "price": 0.114, "mark_price": null, "iv": 91.24, "instrument_name": "BTC-29DEC17-5500-C", "index_price": 4768.92, "direction": "buy", "amount": 0.5}, {"trade_seq": 63, "trade_id": "876756", "timestamp": 1507729742378, "tick_direction": 0, "price": 0.115, "mark_price": null, "iv": 91.71, "instrument_name": "BTC-29DEC17-5500-C", "index_price": 4770.87, "direction": "buy", "amount": 0.5}, {"trade_seq": 62, "trade_id": "863154", "timestamp": 1507596468580, "tick_direction": 2, "price": 0.1036, "mark_price": null, "iv": 82.77, "instrument_name": "BTC-29DEC17-5500-C", "index_price": 4821.08, "direction": "sell", "amount": 1.1}, {"trade_seq": 61, "trade_id": "852454", "timestamp": 1507477703173, "tick_direction": 0, "price": 0.1108, "mark_price": null, "iv": 95.58, "instrument_name": "BTC-29DEC17-5500-C", "index_price": 4563.06, "direction": "buy", "amount": 0.1}, {"trade_seq": 60, "trade_id": "822710", "timestamp": 1506909561344, "tick_direction": 0, "price": 0.11, "mark_price": null, "iv": 97.51, "instrument_name": "BTC-29DEC17-5500-C", "index_price": 4396.05, "direction": "sell", "amount": 0.1}, {"trade_seq": 59, "trade_id": "812728", "timestamp": 1506687891882, "tick_direction": 3, "price": 0.1, "mark_price": null, "iv": 98.13, "instrument_name": "BTC-29DEC17-5500-C", "index_price": 4190.12, "direction": "buy", "amount": 0.1}, {"trade_seq": 58, "trade_id": "811547", "timestamp": 1506679446500, "tick_direction": 2, "price": 0.1, "mark_price": null, "iv": 101.29, "instrument_name": "BTC-29DEC17-5500-C", "index_price": 4098.39, "direction": "sell", "amount": 0.1}, {"trade_seq": 57, "trade_id": "811510", "timestamp": 1506675417687, "tick_direction": 0, "price": 0.1013, "mark_price": null, "iv": 101.58, "instrument_name": "BTC-29DEC17-5500-C", "index_price": 4108.92, "direction": "sell", "amount": 0.1}, {"trade_seq": 56, "trade_id": "811488", "timestamp": 1506674257388, "tick_direction": 0, "price": 0.1, "mark_price": null, "iv": 100.52, "instrument_name": "BTC-29DEC17-5500-C", "index_price": 4119.35, "direction": "sell", "amount": 0.1}, {"trade_seq": 55, "trade_id": "810012", "timestamp": 1506612702011, "tick_direction": 2, "price": 0.09, "mark_price": null, "iv": 94.23, "instrument_name": "BTC-29DEC17-5500-C", "index_price": 4136.27, "direction": "sell", "amount": 4.0}, {"trade_seq": 54, "trade_id": "807773", "timestamp": 1506538800804, "tick_direction": 0, "price": 0.11, "mark_price": null, "iv": 102.75, "instrument_name": "BTC-29DEC17-5500-C", "index_price": 4180.3, "direction": "buy", "amount": 2.0}, {"trade_seq": 53, "trade_id": "807043", "timestamp": 1506517932639, "tick_direction": 2, "price": 0.0973, "mark_price": null, "iv": 100.01, "instrument_name": "BTC-29DEC17-5500-C", "index_price": 4064.62, "direction": "sell", "amount": 0.1}, {"trade_seq": 52, "trade_id": "807042", "timestamp": 1506517927076, "tick_direction": 0, "price": 0.098, "mark_price": null, "iv": 100.39, "instrument_name": "BTC-29DEC17-5500-C", "index_price": 4064.44, "direction": "sell", "amount": 1.0}, {"trade_seq": 51, "trade_id": "806928", "timestamp": 1506513076780, "tick_direction": 2, "price": 0.0977, "mark_price": null, "iv": 100.03, "instrument_name": "BTC-29DEC17-5500-C", "index_price": 4069.38, "direction": "sell", "amount": 0.1}, {"trade_seq": 50, "trade_id": "806807", "timestamp": 1506510828090, "tick_direction": 3, "price": 0.11, "mark_price": null, "iv": 105.74, "instrument_name": "BTC-29DEC17-5500-C", "index_price": 4089.59, "direction": "buy", "amount": 2.0}, {"trade_seq": 49, "trade_id": "806783", "timestamp": 1506510656309, "tick_direction": 3, "price": 0.11, "mark_price": null, "iv": 106.05, "instrument_name": "BTC-29DEC17-5500-C", "index_price": 4080.68, "direction": "buy", "amount": 0.1}, {"trade_seq": 48, "trade_id": "806773", "timestamp": 1506510571171, "tick_direction": 3, "price": 0.11, "mark_price": null, "iv": 106.47, "instrument_name": "BTC-29DEC17-5500-C", "index_price": 4068.76, "direction": "buy", "amount": 0.1}, {"trade_seq": 47, "trade_id": "806771", "timestamp": 1506510557518, "tick_direction": 3, "price": 0.11, "mark_price": null, "iv": 106.46, "instrument_name": "BTC-29DEC17-5500-C", "index_price": 4068.81, "direction": "buy", "amount": 0.1}, {"trade_seq": 46, "trade_id": "806746", "timestamp": 1506510378269, "tick_direction": 3, "price": 0.11, "mark_price": null, "iv": 106.81, "instrument_name": "BTC-29DEC17-5500-C", "index_price": 4058.9, "direction": "buy", "amount": 0.2}, {"trade_seq": 45, "trade_id": "806677", "timestamp": 1506509157147, "tick_direction": 3, "price": 0.11, "mark_price": null, "iv": 107.5, "instrument_name": "BTC-29DEC17-5500-C", "index_price": 4039.1, "direction": "buy", "amount": 0.1}, {"trade_seq": 44, "trade_id": "806658", "timestamp": 1506509029726, "tick_direction": 3, "price": 0.11, "mark_price": null, "iv": 107.43, "instrument_name": "BTC-29DEC17-5500-C", "index_price": 4040.91, "direction": "buy", "amount": 0.2}, {"trade_seq": 43, "trade_id": "806650", "timestamp": 1506508910247, "tick_direction": 2, "price": 0.11, "mark_price": null, "iv": 107.42, "instrument_name": "BTC-29DEC17-5500-C", "index_price": 4041.32, "direction": "buy", "amount": 0.2}, {"trade_seq": 42, "trade_id": "800922", "timestamp": 1506356237994, "tick_direction": 0, "price": 0.1109, "mark_price": null, "iv": 116.47, "instrument_name": "BTC-29DEC17-5500-C", "index_price": 3767.52, "direction": "buy", "amount": 1.0}, {"trade_seq": 41, "trade_id": "800698", "timestamp": 1506350956124, "tick_direction": 0, "price": 0.1, "mark_price": null, "iv": 105.56, "instrument_name": "BTC-29DEC17-5500-C", "index_price": 3915.0, "direction": "buy", "amount": 1.0}, {"trade_seq": 40, "trade_id": "796998", "timestamp": 1506184997991, "tick_direction": 2, "price": 0.0812, "mark_price": null, "iv": 100.02, "instrument_name": "BTC-29DEC17-5500-C", "index_price": 3753.05, "direction": "sell", "amount": 0.1}, {"trade_seq": 39, "trade_id": "796875", "timestamp": 1506179156226, "tick_direction": 2, "price": 0.085, "mark_price": null, "iv": 101.55, "instrument_name": "BTC-29DEC17-5500-C", "index_price": 3767.74, "direction": "buy", "amount": 0.1}, {"trade_seq": 38, "trade_id": "791111", "timestamp": 1506035404525, "tick_direction": 0, "price": 0.0938, "mark_price": null, "iv": 109.81, "instrument_name": "BTC-29DEC17-5500-C", "index_price": 3638.53, "direction": "buy", "amount": 1.0}, {"trade_seq": 37, "trade_id": "789205", "timestamp": 1506021415852, "tick_direction": 2, "price": 0.09, "mark_price": null, "iv": 108.06, "instrument_name": "BTC-29DEC17-5500-C", "index_price": 3627.84, "direction": "sell", "amount": 0.4}, {"trade_seq": 36, "trade_id": "789085", "timestamp": 1506020356879, "tick_direction": 0, "price": 0.0974, "mark_price": null, "iv": 109.8, "instrument_name": "BTC-29DEC17-5500-C", "index_price": 3691.06, "direction": "buy", "amount": 0.1}, {"trade_seq": 35, "trade_id": "787051", "timestamp": 1506007135704, "tick_direction": 2, "price": 0.088, "mark_price": null, "iv": 102.94, "instrument_name": "BTC-29DEC17-5500-C", "index_price": 3743.81, "direction": "sell", "amount": 1.0}, {"trade_seq": 34, "trade_id": "759756", "timestamp": 1505670093084, "tick_direction": 0, "price": 0.0921, "mark_price": null, "iv": 110.3, "instrument_name": "BTC-29DEC17-5500-C", "index_price": 3530.41, "direction": "buy", "amount": 0.2}, {"trade_seq": 33, "trade_id": "759449", "timestamp": 1505666185141, "tick_direction": 0, "price": 0.089, "mark_price": null, "iv": 101.02, "instrument_name": "BTC-29DEC17-5500-C", "index_price": 3757.1, "direction": "sell", "amount": 0.2}, {"trade_seq": 32, "trade_id": "759228", "timestamp": 1505663535052, "tick_direction": 1, "price": 0.0855, "mark_price": null, "iv": 101.05, "instrument_name": "BTC-29DEC17-5500-C", "index_price": 3700.36, "direction": "sell", "amount": 0.2}, {"trade_seq": 31, "trade_id": "759226", "timestamp": 1505663428849, "tick_direction": 0, "price": 0.0855, "mark_price": null, "iv": 106.76, "instrument_name": "BTC-29DEC17-5500-C", "index_price": 3530.41, "direction": "buy", "amount": 0.1}, {"trade_seq": 30, "trade_id": "759225", "timestamp": 1505663375364, "tick_direction": 2, "price": 0.0854, "mark_price": null, "iv": 101.02, "instrument_name": "BTC-29DEC17-5500-C", "index_price": 3699.64, "direction": "sell", "amount": 0.1}, {"trade_seq": 29, "trade_id": "759177", "timestamp": 1505662903261, "tick_direction": 2, "price": 0.0863, "mark_price": null, "iv": 101.02, "instrument_name": "BTC-29DEC17-5500-C", "index_price": 3713.91, "direction": "sell", "amount": 0.2}, {"trade_seq": 28, "trade_id": "731927", "timestamp": 1505539092365, "tick_direction": 0, "price": 0.1206, "mark_price": null, "iv": 112.16, "instrument_name": "BTC-29DEC17-5500-C", "index_price": 3876.36, "direction": "buy", "amount": 0.2}, {"trade_seq": 27, "trade_id": "730122", "timestamp": 1505523165400, "tick_direction": 0, "price": 0.113, "mark_price": null, "iv": 112.14, "instrument_name": "BTC-29DEC17-5500-C", "index_price": 3763.33, "direction": "buy", "amount": 0.1}, {"trade_seq": 26, "trade_id": "729411", "timestamp": 1505518889293, "tick_direction": 3, "price": 0.09, "mark_price": null, "iv": 102.62, "instrument_name": "BTC-29DEC17-5500-C", "index_price": 3699.28, "direction": "buy", "amount": 1.0}, {"trade_seq": 25, "trade_id": "729406", "timestamp": 1505518877766, "tick_direction": 2, "price": 0.09, "mark_price": null, "iv": 102.61, "instrument_name": "BTC-29DEC17-5500-C", "index_price": 3699.76, "direction": "buy", "amount": 1.0}, {"trade_seq": 24, "trade_id": "704713", "timestamp": 1505482187792, "tick_direction": 0, "price": 0.0925, "mark_price": null, "iv": 116.47, "instrument_name": "BTC-29DEC17-5500-C", "index_price": 3322.58, "direction": "buy", "amount": 1.0}, {"trade_seq": 23, "trade_id": "702600", "timestamp": 1505479796512, "tick_direction": 0, "price": 0.0825, "mark_price": null, "iv": 108.75, "instrument_name": "BTC-29DEC17-5500-C", "index_price": 3391.31, "direction": "sell", "amount": 0.1}, {"trade_seq": 22, "trade_id": "699084", "timestamp": 1505478054201, "tick_direction": 0, "price": 0.0823, "mark_price": null, "iv": 116.44, "instrument_name": "BTC-29DEC17-5500-C", "index_price": 3164.47, "direction": "sell", "amount": 0.1}, {"trade_seq": 21, "trade_id": "698806", "timestamp": 1505477589453, "tick_direction": 0, "price": 0.0726, "mark_price": null, "iv": 112.62, "instrument_name": "BTC-29DEC17-5500-C", "index_price": 3117.59, "direction": "buy", "amount": 0.1}, {"trade_seq": 20, "trade_id": "681461", "timestamp": 1505433714661, "tick_direction": 2, "price": 0.06, "mark_price": null, "iv": 100.88, "instrument_name": "BTC-29DEC17-5500-C", "index_price": 3238.13, "direction": "sell", "amount": 2.0}, {"trade_seq": 19, "trade_id": "674857", "timestamp": 1505412216620, "tick_direction": 2, "price": 0.0647, "mark_price": null, "iv": 101.98, "instrument_name": "BTC-29DEC17-5500-C", "index_price": 3284.83, "direction": "buy", "amount": 0.4}, {"trade_seq": 18, "trade_id": "674112", "timestamp": 1505410778914, "tick_direction": 2, "price": 0.0676, "mark_price": null, "iv": 101.97, "instrument_name": "BTC-29DEC17-5500-C", "index_price": 3334.94, "direction": "buy", "amount": 0.5}, {"trade_seq": 17, "trade_id": "667645", "timestamp": 1505393653042, "tick_direction": 2, "price": 0.0816, "mark_price": null, "iv": 101.99, "instrument_name": "BTC-29DEC17-5500-C", "index_price": 3564.06, "direction": "buy", "amount": 0.1}, {"trade_seq": 16, "trade_id": "608199", "timestamp": 1505026665719, "tick_direction": 0, "price": 0.0976, "mark_price": null, "iv": 90.85, "instrument_name": "BTC-29DEC17-5500-C", "index_price": 4100.16, "direction": "sell", "amount": 0.1}, {"trade_seq": 15, "trade_id": "607470", "timestamp": 1505021875373, "tick_direction": 3, "price": 0.0959, "mark_price": null, "iv": 87.82, "instrument_name": "BTC-29DEC17-5500-C", "index_price": 4168.94, "direction": "sell", "amount": 0.1}, {"trade_seq": 14, "trade_id": "607468", "timestamp": 1505021859991, "tick_direction": 3, "price": 0.0959, "mark_price": null, "iv": 87.76, "instrument_name": "BTC-29DEC17-5500-C", "index_price": 4170.93, "direction": "sell", "amount": 0.1}, {"trade_seq": 13, "trade_id": "607465", "timestamp": 1505021843278, "tick_direction": 2, "price": 0.0959, "mark_price": null, "iv": 87.79, "instrument_name": "BTC-29DEC17-5500-C", "index_price": 4169.89, "direction": "sell", "amount": 0.1}, {"trade_seq": 12, "trade_id": "607462", "timestamp": 1505021825656, "tick_direction": 2, "price": 0.0962, "mark_price": null, "iv": 88.34, "instrument_name": "BTC-29DEC17-5500-C", "index_price": 4157.23, "direction": "sell", "amount": 0.1}, {"trade_seq": 11, "trade_id": "557746", "timestamp": 1504541643179, "tick_direction": 0, "price": 0.1163, "mark_price": null, "iv": 91.06, "instrument_name": "BTC-29DEC17-5500-C", "index_price": 4299.68, "direction": "buy", "amount": 1.0}, {"trade_seq": 10, "trade_id": "557111", "timestamp": 1504537811429, "tick_direction": 2, "price": 0.114, "mark_price": null, "iv": 90.59, "instrument_name": "BTC-29DEC17-5500-C", "index_price": 4280.59, "direction": "sell", "amount": 0.1}, {"trade_seq": 9, "trade_id": "523718", "timestamp": 1504081480090, "tick_direction": 3, "price": 0.13, "mark_price": null, "iv": 86.61, "instrument_name": "BTC-29DEC17-5500-C", "index_price": 4575.44, "direction": "sell", "amount": 0.9}, {"trade_seq": 8, "trade_id": "523692", "timestamp": 1504079022486, "tick_direction": 2, "price": 0.13, "mark_price": null, "iv": 86.53, "instrument_name": "BTC-29DEC17-5500-C", "index_price": 4577.81, "direction": "sell", "amount": 0.1}, {"trade_seq": 7, "trade_id": "523664", "timestamp": 1504077139406, "tick_direction": 1, "price": 0.135, "mark_price": null, "iv": 88.0, "instrument_name": "BTC-29DEC17-5500-C", "index_price": 4600.68, "direction": "sell", "amount": 0.9}, {"trade_seq": 6, "trade_id": "523482", "timestamp": 1504070710689, "tick_direction": 0, "price": 0.135, "mark_price": null, "iv": 87.86, "instrument_name": "BTC-29DEC17-5500-C", "index_price": 4604.56, "direction": "sell", "amount": 0.1}, {"trade_seq": 5, "trade_id": "448073", "timestamp": 1502988438153, "tick_direction": 2, "price": 0.08, "mark_price": null, "iv": 68.49, "instrument_name": "BTC-29DEC17-5500-C", "index_price": 4317.12, "direction": "buy", "amount": 0.1}, {"trade_seq": 4, "trade_id": "400214", "timestamp": 1502723583670, "tick_direction": 0, "price": 0.1057, "mark_price": null, "iv": 80.02, "instrument_name": "BTC-29DEC17-5500-C", "index_price": 4274.17, "direction": "sell", "amount": 1.0}, {"trade_seq": 3, "trade_id": "398581", "timestamp": 1502703918479, "tick_direction": 2, "price": 0.0987, "mark_price": null, "iv": 80.03, "instrument_name": "BTC-29DEC17-5500-C", "index_price": 4166.65, "direction": "buy", "amount": 0.3}, {"trade_seq": 2, "trade_id": "386139", "timestamp": 1502598499883, "tick_direction": 2, "price": 0.1231, "mark_price": null, "iv": 94.18, "instrument_name": "BTC-29DEC17-5500-C", "index_price": 4022.05, "direction": "buy", "amount": 0.1}, {"trade_seq": 1, "trade_id": "386125", "timestamp": 1502598328424, "tick_direction": 1, "price": 0.1232, "mark_price": null, "iv": 94.17, "instrument_name": "BTC-29DEC17-5500-C", "index_price": 4023.7, "direction": "buy", "amount": 0.1}], "has_more": false}