{"trades": [{"trade_seq": 764, "trade_id": "134315804", "timestamp": 1615202481380, "tick_direction": 0, "price": 0.781, "mark_price": 0.78185232, "iv": 0.0, "instrument_name": "BTC-26MAR21-11000-C", "index_price": 50037.98, "direction": "buy", "amount": 0.2}, {"trade_seq": 763, "trade_id": "130958278", "timestamp": 1614120633604, "tick_direction": 2, "price": 0.78, "mark_price": 0.77901198, "iv": 241.33, "instrument_name": "BTC-26MAR21-11000-C", "index_price": 48377.29, "direction": "sell", "amount": 1.0}, {"trade_seq": 762, "trade_id": "129090661", "timestamp": 1613756264748, "tick_direction": 2, "price": 0.801, "mark_price": 0.80662425, "iv": 0.0, "instrument_name": "BTC-26MAR21-11000-C", "index_price": 54540.99, "direction": "buy", "amount": 1.0}, {"trade_seq": 761, "trade_id": "128682703", "timestamp": 1613607535280, "tick_direction": 0, "price": 0.8015, "mark_price": 0.7994766, "iv": 251.96, "instrument_name": "BTC-26MAR21-11000-C", "index_price": 52391.05, "direction": "buy", "amount": 0.5}, {"trade_seq": 760, "trade_id": "128679008", "timestamp": 1613605740051, "tick_direction": 0, "price": 0.8, "mark_price": 0.79845927, "iv": 244.04, "instrument_name": "BTC-26MAR21-11000-C", "index_price": 52147.1, "direction": "sell", "amount": 0.1}, {"trade_seq": 759, "trade_id": "128447064", "timestamp": 1613543820095, "tick_direction": 1, "price": 0.785, "mark_price": 0.79054866, "iv": 0.0, "instrument_name": "BTC-26MAR21-11000-C", "index_price": 50159.37, "direction": "buy", "amount": 0.2}, {"trade_seq": 758, "trade_id": "128369310", "timestamp": 1613521066396, "tick_direction": 0, "price": 0.785, "mark_price": 0.78590057, "iv": 0.0, "instrument_name": "BTC-26MAR21-11000-C", "index_price": 49438.13, "direction": "buy", "amount": 3.5}, {"trade_seq": 757, "trade_id": "128353048", "timestamp": 1613513881113, "tick_direction": 0, "price": 0.7805, "mark_price": 0.78167392, "iv": 0.0, "instrument_name": "BTC-26MAR21-11000-C", "index_price": 48663.47, "direction": "buy", "amount": 0.1}, {"trade_seq": 756, "trade_id": "128352820", "timestamp": 1613513668963, "tick_direction": 2, "price": 0.78, "mark_price": 0.78147839, "iv": 0.0, "instrument_name": "BTC-26MAR21-11000-C", "index_price": 48620.76, "direction": "buy", "amount": 0.1}, {"trade_seq": 755, "trade_id": "128352512", "timestamp": 1613513196681, "tick_direction": 0, "price": 0.7805, "mark_price": 0.78146634, "iv": 0.0, "instrument_name": "BTC-26MAR21-11000-C", "index_price": 48610.84, "direction": "buy", "amount": 0.1}, {"trade_seq": 754, "trade_id": "128352499", "timestamp": 1613513195029, "tick_direction": 0, "price": 0.78, "mark_price": 0.78145655, "iv": 0.0, "instrument_name": "BTC-26MAR21-11000-C", "index_price": 48609.29, "direction": "buy", "amount": 0.1}, {"trade_seq": 753, "trade_id": "128034827", "timestamp": 1613436259711, "tick_direction": 2, "price": 0.777, "mark_price": 0.77775518, "iv": 163.0, "instrument_name": "BTC-26MAR21-11000-C", "index_price": 47636.76, "direction": "buy", "amount": 0.2}, {"trade_seq": 752, "trade_id": "127956641", "timestamp": 1613406189716, "tick_direction": 0, "price": 0.7815, "mark_price": 0.78247532, "iv": 0.0, "instrument_name": "BTC-26MAR21-11000-C", "index_price": 48490.64, "direction": "buy", "amount": 0.4}, {"trade_seq": 751, "trade_id": "127887453", "timestamp": 1613380076520, "tick_direction": 2, "price": 0.7705, "mark_price": 0.77712417, "iv": 0.0, "instrument_name": "BTC-26MAR21-11000-C", "index_price": 47598.35, "direction": "buy", "amount": 0.2}, {"trade_seq": 750, "trade_id": "127631542", "timestamp": 1613308839185, "tick_direction": 1, "price": 0.7885, "mark_price": 0.78769138, "iv": 217.23, "instrument_name": "BTC-26MAR21-11000-C", "index_price": 49215.06, "direction": "sell", "amount": 0.1}, {"trade_seq": 749, "trade_id": "127631496", "timestamp": 1613308829807, "tick_direction": 1, "price": 0.7885, "mark_price": 0.78773623, "iv": 216.26, "instrument_name": "BTC-26MAR21-11000-C", "index_price": 49223.87, "direction": "sell", "amount": 0.1}, {"trade_seq": 748, "trade_id": "127631437", "timestamp": 1613308810074, "tick_direction": 1, "price": 0.7885, "mark_price": 0.78780496, "iv": 215.53, "instrument_name": "BTC-26MAR21-11000-C", "index_price": 49238.17, "direction": "sell", "amount": 0.1}, {"trade_seq": 747, "trade_id": "127631377", "timestamp": 1613308800427, "tick_direction": 1, "price": 0.7885, "mark_price": 0.78788579, "iv": 213.4, "instrument_name": "BTC-26MAR21-11000-C", "index_price": 49262.72, "direction": "sell", "amount": 0.1}, {"trade_seq": 746, "trade_id": "127631327", "timestamp": 1613308787573, "tick_direction": 1, "price": 0.7885, "mark_price": 0.78795107, "iv": 212.21, "instrument_name": "BTC-26MAR21-11000-C", "index_price": 49270.23, "direction": "sell", "amount": 0.1}, {"trade_seq": 745, "trade_id": "127626059", "timestamp": 1613306530623, "tick_direction": 1, "price": 0.7885, "mark_price": 0.78808877, "iv": 209.2, "instrument_name": "BTC-26MAR21-11000-C", "index_price": 49319.56, "direction": "sell", "amount": 0.1}, {"trade_seq": 744, "trade_id": "127626025", "timestamp": 1613306511236, "tick_direction": 1, "price": 0.7885, "mark_price": 0.78817831, "iv": 207.24, "instrument_name": "BTC-26MAR21-11000-C", "index_price": 49335.4, "direction": "sell", "amount": 0.1}, {"trade_seq": 743, "trade_id": "127625527", "timestamp": 1613306342354, "tick_direction": 1, "price": 0.7885, "mark_price": 0.78801955, "iv": 210.53, "instrument_name": "BTC-26MAR21-11000-C", "index_price": 49291.05, "direction": "sell", "amount": 0.1}, {"trade_seq": 742, "trade_id": "127625400", "timestamp": 1613306265474, "tick_direction": 1, "price": 0.7885, "mark_price": 0.78796554, "iv": 213.18, "instrument_name": "BTC-26MAR21-11000-C", "index_price": 49261.48, "direction": "sell", "amount": 0.1}, {"trade_seq": 741, "trade_id": "127624783", "timestamp": 1613306164114, "tick_direction": 0, "price": 0.7885, "mark_price": 0.78800537, "iv": 211.39, "instrument_name": "BTC-26MAR21-11000-C", "index_price": 49292.67, "direction": "sell", "amount": 0.1}, {"trade_seq": 740, "trade_id": "127560343", "timestamp": 1613283723779, "tick_direction": 0, "price": 0.7865, "mark_price": 0.78650133, "iv": 193.67, "instrument_name": "BTC-26MAR21-11000-C", "index_price": 48975.0, "direction": "sell", "amount": 0.1}, {"trade_seq": 739, "trade_id": "127424337", "timestamp": 1613220200474, "tick_direction": 2, "price": 0.7755, "mark_price": 0.77515599, "iv": 197.77, "instrument_name": "BTC-26MAR21-11000-C", "index_price": 46931.93, "direction": "sell", "amount": 0.1}, {"trade_seq": 738, "trade_id": "127293716", "timestamp": 1613166793279, "tick_direction": 0, "price": 0.7795, "mark_price": 0.77931776, "iv": 195.52, "instrument_name": "BTC-26MAR21-11000-C", "index_price": 47849.39, "direction": "sell", "amount": 0.5}, {"trade_seq": 737, "trade_id": "124900949", "timestamp": 1612458200873, "tick_direction": 0, "price": 0.715, "mark_price": 0.71580241, "iv": 148.46, "instrument_name": "BTC-26MAR21-11000-C", "index_price": 37105.67, "direction": "buy", "amount": 2.0}, {"trade_seq": 736, "trade_id": "124889211", "timestamp": 1612454017444, "tick_direction": 0, "price": 0.712, "mark_price": 0.71267137, "iv": 150.17, "instrument_name": "BTC-26MAR21-11000-C", "index_price": 36663.84, "direction": "buy", "amount": 10.0}, {"trade_seq": 735, "trade_id": "124292316", "timestamp": 1612248049909, "tick_direction": 0, "price": 0.6925, "mark_price": 0.69033549, "iv": 175.69, "instrument_name": "BTC-26MAR21-11000-C", "index_price": 34161.82, "direction": "buy", "amount": 0.1}, {"trade_seq": 734, "trade_id": "124116927", "timestamp": 1612179227901, "tick_direction": 2, "price": 0.6865, "mark_price": 0.69057434, "iv": 0.0, "instrument_name": "BTC-26MAR21-11000-C", "index_price": 34166.0, "direction": "sell", "amount": 0.1}, {"trade_seq": 733, "trade_id": "122996169", "timestamp": 1611911111805, "tick_direction": 0, "price": 0.707, "mark_price": 0.70621721, "iv": 162.0, "instrument_name": "BTC-26MAR21-11000-C", "index_price": 35791.45, "direction": "sell", "amount": 0.1}, {"trade_seq": 732, "trade_id": "122992245", "timestamp": 1611911037721, "tick_direction": 1, "price": 0.7065, "mark_price": 0.70490062, "iv": 167.18, "instrument_name": "BTC-26MAR21-11000-C", "index_price": 35502.28, "direction": "sell", "amount": 0.1}, {"trade_seq": 731, "trade_id": "122991484", "timestamp": 1611911024928, "tick_direction": 0, "price": 0.7065, "mark_price": 0.70340426, "iv": 174.87, "instrument_name": "BTC-26MAR21-11000-C", "index_price": 35415.81, "direction": "sell", "amount": 0.1}, {"trade_seq": 730, "trade_id": "122957197", "timestamp": 1611910527783, "tick_direction": 1, "price": 0.7, "mark_price": 0.70087638, "iv": 141.7, "instrument_name": "BTC-26MAR21-11000-C", "index_price": 35508.67, "direction": "buy", "amount": 1.1}, {"trade_seq": 729, "trade_id": "122957194", "timestamp": 1611910527699, "tick_direction": 1, "price": 0.7, "mark_price": 0.70087638, "iv": 141.7, "instrument_name": "BTC-26MAR21-11000-C", "index_price": 35508.67, "direction": "buy", "amount": 0.2}, {"trade_seq": 728, "trade_id": "122957164", "timestamp": 1611910527214, "tick_direction": 1, "price": 0.7, "mark_price": 0.70088008, "iv": 145.41, "instrument_name": "BTC-26MAR21-11000-C", "index_price": 35466.07, "direction": "buy", "amount": 0.4}, {"trade_seq": 727, "trade_id": "122957158", "timestamp": 1611910526942, "tick_direction": 1, "price": 0.7, "mark_price": 0.70088008, "iv": 145.41, "instrument_name": "BTC-26MAR21-11000-C", "index_price": 35466.07, "direction": "buy", "amount": 0.1}, {"trade_seq": 726, "trade_id": "122957152", "timestamp": 1611910526712, "tick_direction": 1, "price": 0.7, "mark_price": 0.70088008, "iv": 145.41, "instrument_name": "BTC-26MAR21-11000-C", "index_price": 35466.07, "direction": "buy", "amount": 0.7}, {"trade_seq": 725, "trade_id": "122957100", "timestamp": 1611910525983, "tick_direction": 1, "price": 0.7, "mark_price": 0.70068342, "iv": 145.38, "instrument_name": "BTC-26MAR21-11000-C", "index_price": 35469.7, "direction": "buy", "amount": 1.1}, {"trade_seq": 724, "trade_id": "122957040", "timestamp": 1611910525276, "tick_direction": 1, "price": 0.7, "mark_price": 0.70067616, "iv": 147.51, "instrument_name": "BTC-26MAR21-11000-C", "index_price": 35451.32, "direction": "buy", "amount": 0.1}, {"trade_seq": 723, "trade_id": "122956969", "timestamp": 1611910524085, "tick_direction": 1, "price": 0.7, "mark_price": 0.70059136, "iv": 147.59, "instrument_name": "BTC-26MAR21-11000-C", "index_price": 35445.69, "direction": "buy", "amount": 0.5}, {"trade_seq": 722, "trade_id": "122956944", "timestamp": 1611910523878, "tick_direction": 1, "price": 0.7, "mark_price": 0.70059136, "iv": 147.59, "instrument_name": "BTC-26MAR21-11000-C", "index_price": 35445.69, "direction": "buy", "amount": 0.2}, {"trade_seq": 721, "trade_id": "122956923", "timestamp": 1611910523238, "tick_direction": 1, "price": 0.7, "mark_price": 0.70035036, "iv": 148.46, "instrument_name": "BTC-26MAR21-11000-C", "index_price": 35436.66, "direction": "buy", "amount": 0.5}, {"trade_seq": 720, "trade_id": "122956916", "timestamp": 1611910523123, "tick_direction": 1, "price": 0.7, "mark_price": 0.70035036, "iv": 148.46, "instrument_name": "BTC-26MAR21-11000-C", "index_price": 35436.66, "direction": "buy", "amount": 0.2}, {"trade_seq": 719, "trade_id": "122956883", "timestamp": 1611910522781, "tick_direction": 1, "price": 0.7, "mark_price": 0.70035036, "iv": 148.46, "instrument_name": "BTC-26MAR21-11000-C", "index_price": 35436.66, "direction": "buy", "amount": 0.5}, {"trade_seq": 718, "trade_id": "122956847", "timestamp": 1611910522326, "tick_direction": 1, "price": 0.7, "mark_price": 0.70035209, "iv": 150.83, "instrument_name": "BTC-26MAR21-11000-C", "index_price": 35412.57, "direction": "buy", "amount": 0.2}, {"trade_seq": 717, "trade_id": "122956845", "timestamp": 1611910522248, "tick_direction": 1, "price": 0.7, "mark_price": 0.70035209, "iv": 150.83, "instrument_name": "BTC-26MAR21-11000-C", "index_price": 35412.57, "direction": "buy", "amount": 0.4}, {"trade_seq": 716, "trade_id": "122956834", "timestamp": 1611910521984, "tick_direction": 1, "price": 0.7, "mark_price": 0.70035209, "iv": 150.83, "instrument_name": "BTC-26MAR21-11000-C", "index_price": 35412.57, "direction": "buy", "amount": 0.3}, {"trade_seq": 715, "trade_id": "122956804", "timestamp": 1611910521512, "tick_direction": 1, "price": 0.7, "mark_price": 0.70035209, "iv": 150.83, "instrument_name": "BTC-26MAR21-11000-C", "index_price": 35412.57, "direction": "buy", "amount": 0.3}, {"trade_seq": 714, "trade_id": "122956787", "timestamp": 1611910521346, "tick_direction": 1, "price": 0.7, "mark_price": 0.70038935, "iv": 150.81, "instrument_name": "BTC-26MAR21-11000-C", "index_price": 35406.61, "direction": "buy", "amount": 0.2}, {"trade_seq": 713, "trade_id": "122956777", "timestamp": 1611910521076, "tick_direction": 1, "price": 0.7, "mark_price": 0.70038935, "iv": 150.81, "instrument_name": "BTC-26MAR21-11000-C", "index_price": 35406.61, "direction": "buy", "amount": 0.1}, {"trade_seq": 712, "trade_id": "122956774", "timestamp": 1611910520969, "tick_direction": 1, "price": 0.7, "mark_price": 0.70038935, "iv": 150.81, "instrument_name": "BTC-26MAR21-11000-C", "index_price": 35406.61, "direction": "buy", "amount": 0.2}, {"trade_seq": 711, "trade_id": "122956742", "timestamp": 1611910520373, "tick_direction": 1, "price": 0.7, "mark_price": 0.70041229, "iv": 150.46, "instrument_name": "BTC-26MAR21-11000-C", "index_price": 35399.94, "direction": "buy", "amount": 0.4}, {"trade_seq": 710, "trade_id": "122956717", "timestamp": 1611910519969, "tick_direction": 1, "price": 0.7, "mark_price": 0.70041229, "iv": 150.46, "instrument_name": "BTC-26MAR21-11000-C", "index_price": 35399.94, "direction": "buy", "amount": 0.1}, {"trade_seq": 709, "trade_id": "122956638", "timestamp": 1611910518316, "tick_direction": 1, "price": 0.7, "mark_price": 0.70000291, "iv": 153.53, "instrument_name": "BTC-26MAR21-11000-C", "index_price": 35367.97, "direction": "buy", "amount": 0.1}, {"trade_seq": 708, "trade_id": "122956617", "timestamp": 1611910518018, "tick_direction": 1, "price": 0.7, "mark_price": 0.70000291, "iv": 153.53, "instrument_name": "BTC-26MAR21-11000-C", "index_price": 35367.97, "direction": "buy", "amount": 0.1}, {"trade_seq": 707, "trade_id": "122956607", "timestamp": 1611910517862, "tick_direction": 1, "price": 0.7, "mark_price": 0.70000291, "iv": 153.53, "instrument_name": "BTC-26MAR21-11000-C", "index_price": 35367.97, "direction": "buy", "amount": 0.2}, {"trade_seq": 706, "trade_id": "122956558", "timestamp": 1611910517138, "tick_direction": 1, "price": 0.7, "mark_price": 0.69996333, "iv": 153.98, "instrument_name": "BTC-26MAR21-11000-C", "index_price": 35366.75, "direction": "buy", "amount": 0.3}, {"trade_seq": 705, "trade_id": "122956550", "timestamp": 1611910517045, "tick_direction": 1, "price": 0.7, "mark_price": 0.69996333, "iv": 153.98, "instrument_name": "BTC-26MAR21-11000-C", "index_price": 35366.75, "direction": "buy", "amount": 0.4}, {"trade_seq": 704, "trade_id": "122956544", "timestamp": 1611910516984, "tick_direction": 1, "price": 0.7, "mark_price": 0.69996333, "iv": 153.98, "instrument_name": "BTC-26MAR21-11000-C", "index_price": 35366.75, "direction": "buy", "amount": 0.2}, {"trade_seq": 703, "trade_id": "122956404", "timestamp": 1611910514937, "tick_direction": 1, "price": 0.7, "mark_price": 0.6998485, "iv": 154.39, "instrument_name": "BTC-26MAR21-11000-C", "index_price": 35357.44, "direction": "buy", "amount": 0.2}, {"trade_seq": 702, "trade_id": "122956378", "timestamp": 1611910514650, "tick_direction": 1, "price": 0.7, "mark_price": 0.6998485, "iv": 154.39, "instrument_name": "BTC-26MAR21-11000-C", "index_price": 35357.44, "direction": "buy", "amount": 0.2}, {"trade_seq": 701, "trade_id": "122956374", "timestamp": 1611910514539, "tick_direction": 1, "price": 0.7, "mark_price": 0.6998485, "iv": 154.39, "instrument_name": "BTC-26MAR21-11000-C", "index_price": 35357.44, "direction": "buy", "amount": 0.1}, {"trade_seq": 700, "trade_id": "122956367", "timestamp": 1611910514328, "tick_direction": 1, "price": 0.7, "mark_price": 0.69954535, "iv": 155.29, "instrument_name": "BTC-26MAR21-11000-C", "index_price": 35344.68, "direction": "buy", "amount": 0.1}, {"trade_seq": 699, "trade_id": "122956290", "timestamp": 1611910513643, "tick_direction": 1, "price": 0.7, "mark_price": 0.69954535, "iv": 155.29, "instrument_name": "BTC-26MAR21-11000-C", "index_price": 35344.68, "direction": "buy", "amount": 0.1}, {"trade_seq": 698, "trade_id": "122956276", "timestamp": 1611910513562, "tick_direction": 1, "price": 0.7, "mark_price": 0.69954535, "iv": 155.29, "instrument_name": "BTC-26MAR21-11000-C", "index_price": 35344.68, "direction": "buy", "amount": 0.1}, {"trade_seq": 697, "trade_id": "122956168", "timestamp": 1611910512511, "tick_direction": 1, "price": 0.7, "mark_price": 0.69952305, "iv": 157.73, "instrument_name": "BTC-26MAR21-11000-C", "index_price": 35313.02, "direction": "buy", "amount": 0.3}, {"trade_seq": 696, "trade_id": "122956132", "timestamp": 1611910512378, "tick_direction": 1, "price": 0.7, "mark_price": 0.69952305, "iv": 157.73, "instrument_name": "BTC-26MAR21-11000-C", "index_price": 35313.02, "direction": "buy", "amount": 0.1}, {"trade_seq": 695, "trade_id": "122956127", "timestamp": 1611910512266, "tick_direction": 1, "price": 0.7, "mark_price": 0.69929441, "iv": 157.91, "instrument_name": "BTC-26MAR21-11000-C", "index_price": 35309.92, "direction": "buy", "amount": 0.1}, {"trade_seq": 694, "trade_id": "122956116", "timestamp": 1611910512093, "tick_direction": 1, "price": 0.7, "mark_price": 0.69929441, "iv": 157.91, "instrument_name": "BTC-26MAR21-11000-C", "index_price": 35309.92, "direction": "buy", "amount": 0.2}, {"trade_seq": 693, "trade_id": "122956099", "timestamp": 1611910511911, "tick_direction": 1, "price": 0.7, "mark_price": 0.69929441, "iv": 157.91, "instrument_name": "BTC-26MAR21-11000-C", "index_price": 35309.92, "direction": "buy", "amount": 0.1}, {"trade_seq": 692, "trade_id": "122956090", "timestamp": 1611910511781, "tick_direction": 1, "price": 0.7, "mark_price": 0.69929441, "iv": 157.91, "instrument_name": "BTC-26MAR21-11000-C", "index_price": 35309.92, "direction": "buy", "amount": 0.1}, {"trade_seq": 691, "trade_id": "122956082", "timestamp": 1611910511627, "tick_direction": 1, "price": 0.7, "mark_price": 0.69929441, "iv": 157.91, "instrument_name": "BTC-26MAR21-11000-C", "index_price": 35309.92, "direction": "buy", "amount": 0.2}, {"trade_seq": 690, "trade_id": "122956071", "timestamp": 1611910511531, "tick_direction": 1, "price": 0.7, "mark_price": 0.69929441, "iv": 157.91, "instrument_name": "BTC-26MAR21-11000-C", "index_price": 35309.92, "direction": "buy", "amount": 0.1}, {"trade_seq": 689, "trade_id": "122955991", "timestamp": 1611910509552, "tick_direction": 0, "price": 0.7, "mark_price": 0.69868927, "iv": 162.98, "instrument_name": "BTC-26MAR21-11000-C", "index_price": 35279.13, "direction": "buy", "amount": 0.1}, {"trade_seq": 688, "trade_id": "121852897", "timestamp": 1611619292438, "tick_direction": 2, "price": 0.6665, "mark_price": 0.66648068, "iv": 138.46, "instrument_name": "BTC-26MAR21-11000-C", "index_price": 31797.73, "direction": "sell", "amount": 0.1}, {"trade_seq": 687, "trade_id": "121805254", "timestamp": 1611609727465, "tick_direction": 0, "price": 0.6765, "mark_price": 0.67628804, "iv": 143.59, "instrument_name": "BTC-26MAR21-11000-C", "index_price": 32671.27, "direction": "sell", "amount": 0.1}, {"trade_seq": 686, "trade_id": "121264936", "timestamp": 1611410472826, "tick_direction": 0, "price": 0.6685, "mark_price": 0.66885891, "iv": 142.9, "instrument_name": "BTC-26MAR21-11000-C", "index_price": 31849.23, "direction": "sell", "amount": 0.1}, {"trade_seq": 685, "trade_id": "120672931", "timestamp": 1611275212478, "tick_direction": 1, "price": 0.645, "mark_price": 0.64447713, "iv": 150.86, "instrument_name": "BTC-26MAR21-11000-C", "index_price": 29626.41, "direction": "sell", "amount": 0.1}, {"trade_seq": 684, "trade_id": "120671634", "timestamp": 1611275183911, "tick_direction": 1, "price": 0.645, "mark_price": 0.64342962, "iv": 154.15, "instrument_name": "BTC-26MAR21-11000-C", "index_price": 29580.36, "direction": "sell", "amount": 0.1}, {"trade_seq": 683, "trade_id": "120671512", "timestamp": 1611275179027, "tick_direction": 0, "price": 0.645, "mark_price": 0.6437424, "iv": 152.97, "instrument_name": "BTC-26MAR21-11000-C", "index_price": 29603.53, "direction": "sell", "amount": 0.1}, {"trade_seq": 682, "trade_id": "120671276", "timestamp": 1611275174370, "tick_direction": 3, "price": 0.6445, "mark_price": 0.64466316, "iv": 147.61, "instrument_name": "BTC-26MAR21-11000-C", "index_price": 29667.41, "direction": "sell", "amount": 0.1}, {"trade_seq": 681, "trade_id": "120670189", "timestamp": 1611275150796, "tick_direction": 2, "price": 0.6445, "mark_price": 0.64490917, "iv": 147.44, "instrument_name": "BTC-26MAR21-11000-C", "index_price": 29703.27, "direction": "sell", "amount": 0.1}, {"trade_seq": 680, "trade_id": "120354463", "timestamp": 1611231183945, "tick_direction": 1, "price": 0.6665, "mark_price": 0.66520805, "iv": 155.54, "instrument_name": "BTC-26MAR21-11000-C", "index_price": 31560.57, "direction": "sell", "amount": 0.1}, {"trade_seq": 679, "trade_id": "120354316", "timestamp": 1611231177581, "tick_direction": 1, "price": 0.6665, "mark_price": 0.66524922, "iv": 154.45, "instrument_name": "BTC-26MAR21-11000-C", "index_price": 31584.5, "direction": "sell", "amount": 0.1}, {"trade_seq": 678, "trade_id": "120354241", "timestamp": 1611231172182, "tick_direction": 1, "price": 0.6665, "mark_price": 0.66493823, "iv": 156.32, "instrument_name": "BTC-26MAR21-11000-C", "index_price": 31549.39, "direction": "sell", "amount": 0.1}, {"trade_seq": 677, "trade_id": "120354131", "timestamp": 1611231165627, "tick_direction": 0, "price": 0.6665, "mark_price": 0.66523377, "iv": 155.43, "instrument_name": "BTC-26MAR21-11000-C", "index_price": 31575.48, "direction": "sell", "amount": 0.1}, {"trade_seq": 676, "trade_id": "120353788", "timestamp": 1611231151255, "tick_direction": 2, "price": 0.666, "mark_price": 0.66605445, "iv": 149.53, "instrument_name": "BTC-26MAR21-11000-C", "index_price": 31622.45, "direction": "sell", "amount": 0.1}, {"trade_seq": 675, "trade_id": "120351605", "timestamp": 1611230994796, "tick_direction": 2, "price": 0.6665, "mark_price": 0.66558736, "iv": 154.21, "instrument_name": "BTC-26MAR21-11000-C", "index_price": 31534.13, "direction": "sell", "amount": 0.1}, {"trade_seq": 674, "trade_id": "120346637", "timestamp": 1611230745492, "tick_direction": 3, "price": 0.67, "mark_price": 0.66844917, "iv": 156.77, "instrument_name": "BTC-26MAR21-11000-C", "index_price": 31848.0, "direction": "sell", "amount": 0.1}, {"trade_seq": 673, "trade_id": "120346457", "timestamp": 1611230737556, "tick_direction": 2, "price": 0.67, "mark_price": 0.66760038, "iv": 160.26, "instrument_name": "BTC-26MAR21-11000-C", "index_price": 31769.14, "direction": "sell", "amount": 0.1}, {"trade_seq": 672, "trade_id": "120346303", "timestamp": 1611230729422, "tick_direction": 3, "price": 0.671, "mark_price": 0.66753469, "iv": 163.92, "instrument_name": "BTC-26MAR21-11000-C", "index_price": 31761.7, "direction": "sell", "amount": 0.1}, {"trade_seq": 671, "trade_id": "120345513", "timestamp": 1611230708196, "tick_direction": 3, "price": 0.671, "mark_price": 0.66891208, "iv": 159.1, "instrument_name": "BTC-26MAR21-11000-C", "index_price": 31874.38, "direction": "sell", "amount": 0.1}, {"trade_seq": 670, "trade_id": "120345275", "timestamp": 1611230700501, "tick_direction": 3, "price": 0.671, "mark_price": 0.66913812, "iv": 158.74, "instrument_name": "BTC-26MAR21-11000-C", "index_price": 31888.35, "direction": "sell", "amount": 0.1}, {"trade_seq": 669, "trade_id": "120344783", "timestamp": 1611230689110, "tick_direction": 2, "price": 0.671, "mark_price": 0.67020049, "iv": 153.57, "instrument_name": "BTC-26MAR21-11000-C", "index_price": 31987.49, "direction": "sell", "amount": 0.1}, {"trade_seq": 668, "trade_id": "120219587", "timestamp": 1611214400792, "tick_direction": 3, "price": 0.7, "mark_price": 0.70085755, "iv": 153.51, "instrument_name": "BTC-26MAR21-11000-C", "index_price": 34980.37, "direction": "buy", "amount": 0.1}, {"trade_seq": 667, "trade_id": "120219581", "timestamp": 1611214400517, "tick_direction": 3, "price": 0.7, "mark_price": 0.70085755, "iv": 153.51, "instrument_name": "BTC-26MAR21-11000-C", "index_price": 34980.37, "direction": "buy", "amount": 0.1}, {"trade_seq": 666, "trade_id": "120219577", "timestamp": 1611214400319, "tick_direction": 3, "price": 0.7, "mark_price": 0.70085755, "iv": 153.55, "instrument_name": "BTC-26MAR21-11000-C", "index_price": 34980.37, "direction": "buy", "amount": 0.1}, {"trade_seq": 665, "trade_id": "120219531", "timestamp": 1611214394533, "tick_direction": 3, "price": 0.7, "mark_price": 0.70083303, "iv": 153.66, "instrument_name": "BTC-26MAR21-11000-C", "index_price": 34976.75, "direction": "buy", "amount": 0.1}, {"trade_seq": 664, "trade_id": "120219528", "timestamp": 1611214394274, "tick_direction": 3, "price": 0.7, "mark_price": 0.70083303, "iv": 153.7, "instrument_name": "BTC-26MAR21-11000-C", "index_price": 34976.75, "direction": "buy", "amount": 0.1}, {"trade_seq": 663, "trade_id": "120219525", "timestamp": 1611214394004, "tick_direction": 3, "price": 0.7, "mark_price": 0.70083303, "iv": 153.7, "instrument_name": "BTC-26MAR21-11000-C", "index_price": 34976.75, "direction": "buy", "amount": 0.1}, {"trade_seq": 662, "trade_id": "120219517", "timestamp": 1611214393659, "tick_direction": 3, "price": 0.7, "mark_price": 0.70082142, "iv": 153.69, "instrument_name": "BTC-26MAR21-11000-C", "index_price": 34975.93, "direction": "buy", "amount": 0.1}, {"trade_seq": 661, "trade_id": "120219494", "timestamp": 1611214391849, "tick_direction": 3, "price": 0.7, "mark_price": 0.70079993, "iv": 153.73, "instrument_name": "BTC-26MAR21-11000-C", "index_price": 34973.92, "direction": "buy", "amount": 0.1}, {"trade_seq": 660, "trade_id": "120219490", "timestamp": 1611214391625, "tick_direction": 3, "price": 0.7, "mark_price": 0.70079993, "iv": 153.73, "instrument_name": "BTC-26MAR21-11000-C", "index_price": 34973.92, "direction": "buy", "amount": 0.1}, {"trade_seq": 659, "trade_id": "120219480", "timestamp": 1611214391416, "tick_direction": 3, "price": 0.7, "mark_price": 0.70079993, "iv": 153.73, "instrument_name": "BTC-26MAR21-11000-C", "index_price": 34973.92, "direction": "buy", "amount": 0.1}, {"trade_seq": 658, "trade_id": "120219478", "timestamp": 1611214391065, "tick_direction": 3, "price": 0.7, "mark_price": 0.70079993, "iv": 153.73, "instrument_name": "BTC-26MAR21-11000-C", "index_price": 34973.92, "direction": "buy", "amount": 0.1}, {"trade_seq": 657, "trade_id": "120219413", "timestamp": 1611214384160, "tick_direction": 3, "price": 0.7, "mark_price": 0.70090221, "iv": 153.24, "instrument_name": "BTC-26MAR21-11000-C", "index_price": 34981.24, "direction": "buy", "amount": 0.1}, {"trade_seq": 656, "trade_id": "120219407", "timestamp": 1611214383569, "tick_direction": 3, "price": 0.7, "mark_price": 0.70096527, "iv": 152.83, "instrument_name": "BTC-26MAR21-11000-C", "index_price": 34980.07, "direction": "buy", "amount": 0.1}, {"trade_seq": 655, "trade_id": "120219405", "timestamp": 1611214383162, "tick_direction": 3, "price": 0.7, "mark_price": 0.70096527, "iv": 152.83, "instrument_name": "BTC-26MAR21-11000-C", "index_price": 34980.07, "direction": "buy", "amount": 0.1}, {"trade_seq": 654, "trade_id": "120219383", "timestamp": 1611214382032, "tick_direction": 3, "price": 0.7, "mark_price": 0.70096941, "iv": 152.8, "instrument_name": "BTC-26MAR21-11000-C", "index_price": 34988.04, "direction": "buy", "amount": 0.1}, {"trade_seq": 653, "trade_id": "120219382", "timestamp": 1611214381949, "tick_direction": 3, "price": 0.7, "mark_price": 0.70096941, "iv": 152.8, "instrument_name": "BTC-26MAR21-11000-C", "index_price": 34988.04, "direction": "buy", "amount": 0.2}, {"trade_seq": 652, "trade_id": "120219380", "timestamp": 1611214381580, "tick_direction": 3, "price": 0.7, "mark_price": 0.700984, "iv": 152.7, "instrument_name": "BTC-26MAR21-11000-C", "index_price": 34989.36, "direction": "buy", "amount": 0.3}, {"trade_seq": 651, "trade_id": "120219336", "timestamp": 1611214372174, "tick_direction": 3, "price": 0.7, "mark_price": 0.70094722, "iv": 152.93, "instrument_name": "BTC-26MAR21-11000-C", "index_price": 34988.35, "direction": "buy", "amount": 0.2}, {"trade_seq": 650, "trade_id": "120219332", "timestamp": 1611214371919, "tick_direction": 3, "price": 0.7, "mark_price": 0.70094722, "iv": 152.93, "instrument_name": "BTC-26MAR21-11000-C", "index_price": 34988.35, "direction": "buy", "amount": 0.1}, {"trade_seq": 649, "trade_id": "120219330", "timestamp": 1611214371773, "tick_direction": 3, "price": 0.7, "mark_price": 0.70093317, "iv": 152.93, "instrument_name": "BTC-26MAR21-11000-C", "index_price": 34988.35, "direction": "buy", "amount": 0.3}, {"trade_seq": 648, "trade_id": "120219298", "timestamp": 1611214370664, "tick_direction": 3, "price": 0.7, "mark_price": 0.7009224, "iv": 152.95, "instrument_name": "BTC-26MAR21-11000-C", "index_price": 34988.21, "direction": "buy", "amount": 0.1}, {"trade_seq": 647, "trade_id": "120219296", "timestamp": 1611214370421, "tick_direction": 3, "price": 0.7, "mark_price": 0.7009224, "iv": 153.09, "instrument_name": "BTC-26MAR21-11000-C", "index_price": 34988.21, "direction": "buy", "amount": 0.1}, {"trade_seq": 646, "trade_id": "120219293", "timestamp": 1611214369552, "tick_direction": 3, "price": 0.7, "mark_price": 0.70088204, "iv": 153.34, "instrument_name": "BTC-26MAR21-11000-C", "index_price": 34985.58, "direction": "buy", "amount": 0.3}, {"trade_seq": 645, "trade_id": "120219279", "timestamp": 1611214369188, "tick_direction": 3, "price": 0.7, "mark_price": 0.70088204, "iv": 153.34, "instrument_name": "BTC-26MAR21-11000-C", "index_price": 34985.58, "direction": "buy", "amount": 0.2}, {"trade_seq": 644, "trade_id": "120219276", "timestamp": 1611214368671, "tick_direction": 3, "price": 0.7, "mark_price": 0.70088182, "iv": 153.34, "instrument_name": "BTC-26MAR21-11000-C", "index_price": 34980.71, "direction": "buy", "amount": 0.1}, {"trade_seq": 643, "trade_id": "120219275", "timestamp": 1611214367631, "tick_direction": 3, "price": 0.7, "mark_price": 0.70088409, "iv": 153.33, "instrument_name": "BTC-26MAR21-11000-C", "index_price": 34981.02, "direction": "buy", "amount": 0.1}, {"trade_seq": 642, "trade_id": "120219273", "timestamp": 1611214367057, "tick_direction": 3, "price": 0.7, "mark_price": 0.70088409, "iv": 153.33, "instrument_name": "BTC-26MAR21-11000-C", "index_price": 34981.02, "direction": "buy", "amount": 0.1}, {"trade_seq": 641, "trade_id": "120219271", "timestamp": 1611214365755, "tick_direction": 3, "price": 0.7, "mark_price": 0.70088862, "iv": 153.37, "instrument_name": "BTC-26MAR21-11000-C", "index_price": 34982.42, "direction": "buy", "amount": 0.1}, {"trade_seq": 640, "trade_id": "120219270", "timestamp": 1611214365578, "tick_direction": 3, "price": 0.7, "mark_price": 0.70088862, "iv": 153.3, "instrument_name": "BTC-26MAR21-11000-C", "index_price": 34980.02, "direction": "buy", "amount": 0.2}, {"trade_seq": 639, "trade_id": "120219267", "timestamp": 1611214363430, "tick_direction": 3, "price": 0.7, "mark_price": 0.70087684, "iv": 153.37, "instrument_name": "BTC-26MAR21-11000-C", "index_price": 34979.75, "direction": "buy", "amount": 0.2}, {"trade_seq": 638, "trade_id": "120219258", "timestamp": 1611214363204, "tick_direction": 3, "price": 0.7, "mark_price": 0.70087684, "iv": 153.37, "instrument_name": "BTC-26MAR21-11000-C", "index_price": 34979.75, "direction": "buy", "amount": 0.1}, {"trade_seq": 637, "trade_id": "120219256", "timestamp": 1611214362394, "tick_direction": 3, "price": 0.7, "mark_price": 0.70090151, "iv": 153.21, "instrument_name": "BTC-26MAR21-11000-C", "index_price": 34982.64, "direction": "buy", "amount": 0.1}, {"trade_seq": 636, "trade_id": "120219210", "timestamp": 1611214358856, "tick_direction": 3, "price": 0.7, "mark_price": 0.70091726, "iv": 153.1, "instrument_name": "BTC-26MAR21-11000-C", "index_price": 34987.75, "direction": "buy", "amount": 0.1}, {"trade_seq": 635, "trade_id": "120219209", "timestamp": 1611214358677, "tick_direction": 3, "price": 0.7, "mark_price": 0.70091671, "iv": 153.1, "instrument_name": "BTC-26MAR21-11000-C", "index_price": 34987.75, "direction": "buy", "amount": 0.3}, {"trade_seq": 634, "trade_id": "120219205", "timestamp": 1611214357176, "tick_direction": 3, "price": 0.7, "mark_price": 0.70091819, "iv": 153.09, "instrument_name": "BTC-26MAR21-11000-C", "index_price": 34983.71, "direction": "buy", "amount": 0.1}, {"trade_seq": 633, "trade_id": "120219203", "timestamp": 1611214356860, "tick_direction": 3, "price": 0.7, "mark_price": 0.70091819, "iv": 153.09, "instrument_name": "BTC-26MAR21-11000-C", "index_price": 34983.71, "direction": "buy", "amount": 0.2}, {"trade_seq": 632, "trade_id": "120219200", "timestamp": 1611214356354, "tick_direction": 3, "price": 0.7, "mark_price": 0.70085168, "iv": 153.52, "instrument_name": "BTC-26MAR21-11000-C", "index_price": 34984.05, "direction": "buy", "amount": 0.3}, {"trade_seq": 631, "trade_id": "120219196", "timestamp": 1611214355304, "tick_direction": 3, "price": 0.7, "mark_price": 0.70084926, "iv": 153.53, "instrument_name": "BTC-26MAR21-11000-C", "index_price": 34975.67, "direction": "buy", "amount": 0.2}, {"trade_seq": 630, "trade_id": "120219195", "timestamp": 1611214354959, "tick_direction": 3, "price": 0.7, "mark_price": 0.70084926, "iv": 153.53, "instrument_name": "BTC-26MAR21-11000-C", "index_price": 34975.67, "direction": "buy", "amount": 0.1}, {"trade_seq": 629, "trade_id": "120219130", "timestamp": 1611214352613, "tick_direction": 3, "price": 0.7, "mark_price": 0.70093409, "iv": 152.98, "instrument_name": "BTC-26MAR21-11000-C", "index_price": 34985.89, "direction": "buy", "amount": 0.2}, {"trade_seq": 628, "trade_id": "120219121", "timestamp": 1611214352169, "tick_direction": 3, "price": 0.7, "mark_price": 0.70093409, "iv": 152.98, "instrument_name": "BTC-26MAR21-11000-C", "index_price": 34985.89, "direction": "buy", "amount": 0.1}, {"trade_seq": 627, "trade_id": "120219120", "timestamp": 1611214352049, "tick_direction": 3, "price": 0.7, "mark_price": 0.70093409, "iv": 152.98, "instrument_name": "BTC-26MAR21-11000-C", "index_price": 34985.89, "direction": "buy", "amount": 0.3}, {"trade_seq": 626, "trade_id": "120219105", "timestamp": 1611214351299, "tick_direction": 3, "price": 0.7, "mark_price": 0.70093439, "iv": 152.98, "instrument_name": "BTC-26MAR21-11000-C", "index_price": 34985.93, "direction": "buy", "amount": 0.1}, {"trade_seq": 625, "trade_id": "120219102", "timestamp": 1611214351065, "tick_direction": 3, "price": 0.7, "mark_price": 0.70093439, "iv": 152.98, "instrument_name": "BTC-26MAR21-11000-C", "index_price": 34985.93, "direction": "buy", "amount": 0.2}, {"trade_seq": 624, "trade_id": "120219086", "timestamp": 1611214350641, "tick_direction": 3, "price": 0.7, "mark_price": 0.70093547, "iv": 152.98, "instrument_name": "BTC-26MAR21-11000-C", "index_price": 34985.93, "direction": "buy", "amount": 0.1}, {"trade_seq": 623, "trade_id": "120219078", "timestamp": 1611214350445, "tick_direction": 3, "price": 0.7, "mark_price": 0.70093547, "iv": 152.97, "instrument_name": "BTC-26MAR21-11000-C", "index_price": 34986.14, "direction": "buy", "amount": 0.3}, {"trade_seq": 622, "trade_id": "120219066", "timestamp": 1611214350282, "tick_direction": 3, "price": 0.7, "mark_price": 0.70093547, "iv": 152.97, "instrument_name": "BTC-26MAR21-11000-C", "index_price": 34986.14, "direction": "buy", "amount": 0.4}, {"trade_seq": 621, "trade_id": "120219009", "timestamp": 1611214348778, "tick_direction": 3, "price": 0.7, "mark_price": 0.70068674, "iv": 154.38, "instrument_name": "BTC-26MAR21-11000-C", "index_price": 34975.7, "direction": "buy", "amount": 0.2}, {"trade_seq": 620, "trade_id": "120219006", "timestamp": 1611214348419, "tick_direction": 3, "price": 0.7, "mark_price": 0.70068674, "iv": 154.55, "instrument_name": "BTC-26MAR21-11000-C", "index_price": 34959.77, "direction": "buy", "amount": 0.1}, {"trade_seq": 619, "trade_id": "120218948", "timestamp": 1611214348013, "tick_direction": 3, "price": 0.7, "mark_price": 0.70068674, "iv": 154.55, "instrument_name": "BTC-26MAR21-11000-C", "index_price": 34959.77, "direction": "buy", "amount": 0.1}, {"trade_seq": 618, "trade_id": "120218935", "timestamp": 1611214347937, "tick_direction": 3, "price": 0.7, "mark_price": 0.70068674, "iv": 154.55, "instrument_name": "BTC-26MAR21-11000-C", "index_price": 34959.77, "direction": "buy", "amount": 0.3}, {"trade_seq": 617, "trade_id": "120218924", "timestamp": 1611214347757, "tick_direction": 3, "price": 0.7, "mark_price": 0.70063744, "iv": 154.55, "instrument_name": "BTC-26MAR21-11000-C", "index_price": 34959.77, "direction": "buy", "amount": 0.1}, {"trade_seq": 616, "trade_id": "120218866", "timestamp": 1611214346608, "tick_direction": 3, "price": 0.7, "mark_price": 0.70062903, "iv": 154.85, "instrument_name": "BTC-26MAR21-11000-C", "index_price": 34957.37, "direction": "buy", "amount": 0.1}, {"trade_seq": 615, "trade_id": "120218863", "timestamp": 1611214346503, "tick_direction": 3, "price": 0.7, "mark_price": 0.70062903, "iv": 154.9, "instrument_name": "BTC-26MAR21-11000-C", "index_price": 34954.2, "direction": "buy", "amount": 0.1}, {"trade_seq": 614, "trade_id": "120218714", "timestamp": 1611214298600, "tick_direction": 3, "price": 0.7, "mark_price": 0.70052079, "iv": 155.49, "instrument_name": "BTC-26MAR21-11000-C", "index_price": 34938.38, "direction": "buy", "amount": 0.1}, {"trade_seq": 613, "trade_id": "120218456", "timestamp": 1611214233000, "tick_direction": 3, "price": 0.7, "mark_price": 0.70052101, "iv": 155.42, "instrument_name": "BTC-26MAR21-11000-C", "index_price": 34940.75, "direction": "buy", "amount": 0.1}, {"trade_seq": 612, "trade_id": "120218410", "timestamp": 1611214224802, "tick_direction": 3, "price": 0.7, "mark_price": 0.70045928, "iv": 155.79, "instrument_name": "BTC-26MAR21-11000-C", "index_price": 34929.55, "direction": "buy", "amount": 0.1}, {"trade_seq": 611, "trade_id": "120218405", "timestamp": 1611214224435, "tick_direction": 2, "price": 0.7, "mark_price": 0.70040417, "iv": 156.12, "instrument_name": "BTC-26MAR21-11000-C", "index_price": 34927.38, "direction": "buy", "amount": 0.2}, {"trade_seq": 610, "trade_id": "119581188", "timestamp": 1611044547580, "tick_direction": 0, "price": 0.7135, "mark_price": 0.72506272, "iv": 0.0, "instrument_name": "BTC-26MAR21-11000-C", "index_price": 37385.98, "direction": "sell", "amount": 1.8}, {"trade_seq": 609, "trade_id": "118500821", "timestamp": 1610726665036, "tick_direction": 2, "price": 0.707, "mark_price": 0.70656983, "iv": 165.51, "instrument_name": "BTC-26MAR21-11000-C", "index_price": 34851.39, "direction": "sell", "amount": 0.1}, {"trade_seq": 608, "trade_id": "118488909", "timestamp": 1610726118250, "tick_direction": 1, "price": 0.7135, "mark_price": 0.71131653, "iv": 172.55, "instrument_name": "BTC-26MAR21-11000-C", "index_price": 35430.75, "direction": "sell", "amount": 0.1}, {"trade_seq": 607, "trade_id": "118488847", "timestamp": 1610726111182, "tick_direction": 1, "price": 0.7135, "mark_price": 0.71139775, "iv": 172.21, "instrument_name": "BTC-26MAR21-11000-C", "index_price": 35439.3, "direction": "sell", "amount": 0.1}, {"trade_seq": 606, "trade_id": "118488800", "timestamp": 1610726107582, "tick_direction": 1, "price": 0.7135, "mark_price": 0.7115452, "iv": 172.0, "instrument_name": "BTC-26MAR21-11000-C", "index_price": 35445.98, "direction": "sell", "amount": 0.1}, {"trade_seq": 605, "trade_id": "118488644", "timestamp": 1610726101135, "tick_direction": 1, "price": 0.7135, "mark_price": 0.71198171, "iv": 169.73, "instrument_name": "BTC-26MAR21-11000-C", "index_price": 35513.54, "direction": "sell", "amount": 0.1}, {"trade_seq": 604, "trade_id": "118488630", "timestamp": 1610726098247, "tick_direction": 0, "price": 0.7135, "mark_price": 0.71194935, "iv": 169.87, "instrument_name": "BTC-26MAR21-11000-C", "index_price": 35517.47, "direction": "sell", "amount": 0.1}, {"trade_seq": 603, "trade_id": "118488534", "timestamp": 1610726090861, "tick_direction": 3, "price": 0.713, "mark_price": 0.71190338, "iv": 167.83, "instrument_name": "BTC-26MAR21-11000-C", "index_price": 35505.69, "direction": "sell", "amount": 0.1}, {"trade_seq": 602, "trade_id": "118488529", "timestamp": 1610726090090, "tick_direction": 2, "price": 0.713, "mark_price": 0.71194851, "iv": 167.8, "instrument_name": "BTC-26MAR21-11000-C", "index_price": 35507.47, "direction": "sell", "amount": 0.1}, {"trade_seq": 601, "trade_id": "118488465", "timestamp": 1610726086462, "tick_direction": 2, "price": 0.7135, "mark_price": 0.71197394, "iv": 169.8, "instrument_name": "BTC-26MAR21-11000-C", "index_price": 35513.95, "direction": "sell", "amount": 0.1}, {"trade_seq": 600, "trade_id": "118228648", "timestamp": 1610659121687, "tick_direction": 1, "price": 0.736, "mark_price": 0.73444994, "iv": 172.95, "instrument_name": "BTC-26MAR21-11000-C", "index_price": 38877.24, "direction": "sell", "amount": 0.1}, {"trade_seq": 599, "trade_id": "118228641", "timestamp": 1610659119973, "tick_direction": 1, "price": 0.736, "mark_price": 0.73455239, "iv": 172.42, "instrument_name": "BTC-26MAR21-11000-C", "index_price": 38889.5, "direction": "sell", "amount": 0.1}, {"trade_seq": 598, "trade_id": "118228623", "timestamp": 1610659117563, "tick_direction": 0, "price": 0.736, "mark_price": 0.73456526, "iv": 172.56, "instrument_name": "BTC-26MAR21-11000-C", "index_price": 38888.92, "direction": "sell", "amount": 0.1}, {"trade_seq": 597, "trade_id": "118228608", "timestamp": 1610659115544, "tick_direction": 0, "price": 0.7355, "mark_price": 0.73465823, "iv": 169.19, "instrument_name": "BTC-26MAR21-11000-C", "index_price": 38895.26, "direction": "sell", "amount": 0.1}, {"trade_seq": 596, "trade_id": "117729431", "timestamp": 1610531196906, "tick_direction": 0, "price": 0.694, "mark_price": 0.6990245, "iv": 119.63, "instrument_name": "BTC-26MAR21-11000-C", "index_price": 34305.59, "direction": "sell", "amount": 0.1}, {"trade_seq": 595, "trade_id": "117569484", "timestamp": 1610497617208, "tick_direction": 2, "price": 0.69, "mark_price": 0.68897256, "iv": 162.57, "instrument_name": "BTC-26MAR21-11000-C", "index_price": 33001.33, "direction": "sell", "amount": 0.1}, {"trade_seq": 594, "trade_id": "117350161", "timestamp": 1610459023088, "tick_direction": 2, "price": 0.6975, "mark_price": 0.6963313, "iv": 160.58, "instrument_name": "BTC-26MAR21-11000-C", "index_price": 33892.33, "direction": "sell", "amount": 0.1}, {"trade_seq": 593, "trade_id": "117349720", "timestamp": 1610458991499, "tick_direction": 3, "price": 0.698, "mark_price": 0.69681839, "iv": 160.48, "instrument_name": "BTC-26MAR21-11000-C", "index_price": 33954.95, "direction": "sell", "amount": 0.1}, {"trade_seq": 592, "trade_id": "117349719", "timestamp": 1610458991499, "tick_direction": 2, "price": 0.698, "mark_price": 0.69681839, "iv": 160.48, "instrument_name": "BTC-26MAR21-11000-C", "index_price": 33954.95, "direction": "sell", "amount": 0.1}, {"trade_seq": 591, "trade_id": "117270846", "timestamp": 1610444780265, "tick_direction": 3, "price": 0.714, "mark_price": 0.71409142, "iv": 158.1, "instrument_name": "BTC-26MAR21-11000-C", "index_price": 36121.38, "direction": "buy", "amount": 0.2}, {"trade_seq": 590, "trade_id": "117269075", "timestamp": 1610444151085, "tick_direction": 3, "price": 0.714, "mark_price": 0.71406459, "iv": 157.95, "instrument_name": "BTC-26MAR21-11000-C", "index_price": 36129.79, "direction": "buy", "amount": 0.1}, {"trade_seq": 589, "trade_id": "117269067", "timestamp": 1610444148912, "tick_direction": 3, "price": 0.714, "mark_price": 0.71399908, "iv": 158.22, "instrument_name": "BTC-26MAR21-11000-C", "index_price": 36121.94, "direction": "buy", "amount": 0.1}, {"trade_seq": 588, "trade_id": "117269066", "timestamp": 1610444148262, "tick_direction": 3, "price": 0.714, "mark_price": 0.71399908, "iv": 158.22, "instrument_name": "BTC-26MAR21-11000-C", "index_price": 36121.94, "direction": "buy", "amount": 0.1}, {"trade_seq": 587, "trade_id": "117269062", "timestamp": 1610444148117, "tick_direction": 3, "price": 0.714, "mark_price": 0.71399908, "iv": 158.22, "instrument_name": "BTC-26MAR21-11000-C", "index_price": 36121.94, "direction": "buy", "amount": 0.1}, {"trade_seq": 586, "trade_id": "117269052", "timestamp": 1610444147573, "tick_direction": 3, "price": 0.714, "mark_price": 0.7139985, "iv": 158.22, "instrument_name": "BTC-26MAR21-11000-C", "index_price": 36115.82, "direction": "buy", "amount": 0.1}, {"trade_seq": 585, "trade_id": "117269040", "timestamp": 1610444146469, "tick_direction": 3, "price": 0.714, "mark_price": 0.71393199, "iv": 158.3, "instrument_name": "BTC-26MAR21-11000-C", "index_price": 36113.4, "direction": "buy", "amount": 0.1}, {"trade_seq": 584, "trade_id": "117269033", "timestamp": 1610444145780, "tick_direction": 2, "price": 0.714, "mark_price": 0.71393339, "iv": 158.55, "instrument_name": "BTC-26MAR21-11000-C", "index_price": 36106.07, "direction": "buy", "amount": 0.1}, {"trade_seq": 583, "trade_id": "115661928", "timestamp": 1610231554475, "tick_direction": 2, "price": 0.739, "mark_price": 0.74293902, "iv": 121.93, "instrument_name": "BTC-26MAR21-11000-C", "index_price": 40511.68, "direction": "buy", "amount": 0.2}, {"trade_seq": 582, "trade_id": "115583401", "timestamp": 1610208597683, "tick_direction": 3, "price": 0.742, "mark_price": 0.74148534, "iv": 154.93, "instrument_name": "BTC-26MAR21-11000-C", "index_price": 40606.53, "direction": "sell", "amount": 0.1}, {"trade_seq": 581, "trade_id": "115583400", "timestamp": 1610208597683, "tick_direction": 3, "price": 0.742, "mark_price": 0.74148534, "iv": 154.93, "instrument_name": "BTC-26MAR21-11000-C", "index_price": 40606.53, "direction": "sell", "amount": 0.1}, {"trade_seq": 580, "trade_id": "115583399", "timestamp": 1610208597683, "tick_direction": 3, "price": 0.742, "mark_price": 0.74148534, "iv": 154.93, "instrument_name": "BTC-26MAR21-11000-C", "index_price": 40606.53, "direction": "sell", "amount": 0.1}, {"trade_seq": 579, "trade_id": "115583398", "timestamp": 1610208597683, "tick_direction": 2, "price": 0.742, "mark_price": 0.74148534, "iv": 154.93, "instrument_name": "BTC-26MAR21-11000-C", "index_price": 40606.53, "direction": "sell", "amount": 0.1}, {"trade_seq": 578, "trade_id": "115583211", "timestamp": 1610208521377, "tick_direction": 0, "price": 0.7425, "mark_price": 0.74157034, "iv": 157.33, "instrument_name": "BTC-26MAR21-11000-C", "index_price": 40631.16, "direction": "sell", "amount": 0.1}, {"trade_seq": 577, "trade_id": "115582776", "timestamp": 1610208369162, "tick_direction": 0, "price": 0.7415, "mark_price": 0.74083447, "iv": 155.65, "instrument_name": "BTC-26MAR21-11000-C", "index_price": 40524.97, "direction": "sell", "amount": 0.1}, {"trade_seq": 576, "trade_id": "115355628", "timestamp": 1610155837270, "tick_direction": 0, "price": 0.73, "mark_price": 0.73948448, "iv": 0.0, "instrument_name": "BTC-26MAR21-11000-C", "index_price": 40211.18, "direction": "sell", "amount": 15.0}, {"trade_seq": 575, "trade_id": "113056926", "timestamp": 1609745057141, "tick_direction": 2, "price": 0.6765, "mark_price": 0.67577724, "iv": 124.14, "instrument_name": "BTC-26MAR21-11000-C", "index_price": 32075.65, "direction": "buy", "amount": 0.2}, {"trade_seq": 574, "trade_id": "112881678", "timestamp": 1609693245942, "tick_direction": 2, "price": 0.6795, "mark_price": 0.67910881, "iv": 119.53, "instrument_name": "BTC-26MAR21-11000-C", "index_price": 32574.78, "direction": "sell", "amount": 0.1}, {"trade_seq": 573, "trade_id": "112881425", "timestamp": 1609693237302, "tick_direction": 0, "price": 0.681, "mark_price": 0.68003093, "iv": 124.46, "instrument_name": "BTC-26MAR21-11000-C", "index_price": 32641.19, "direction": "sell", "amount": 0.1}, {"trade_seq": 572, "trade_id": "112635415", "timestamp": 1609630094623, "tick_direction": 0, "price": 0.6625, "mark_price": 0.671379, "iv": 0.0, "instrument_name": "BTC-26MAR21-11000-C", "index_price": 32003.48, "direction": "sell", "amount": 0.2}, {"trade_seq": 571, "trade_id": "109422366", "timestamp": 1608416521263, "tick_direction": 0, "price": 0.563, "mark_price": 0.56529689, "iv": 71.0, "instrument_name": "BTC-26MAR21-11000-C", "index_price": 23916.68, "direction": "sell", "amount": 0.1}, {"trade_seq": 570, "trade_id": "108902560", "timestamp": 1608220880203, "tick_direction": 0, "price": 0.5535, "mark_price": 0.55334625, "iv": 84.89, "instrument_name": "BTC-26MAR21-11000-C", "index_price": 23319.11, "direction": "sell", "amount": 0.1}, {"trade_seq": 569, "trade_id": "108667386", "timestamp": 1608174345941, "tick_direction": 0, "price": 0.525, "mark_price": 0.52538545, "iv": 77.25, "instrument_name": "BTC-26MAR21-11000-C", "index_price": 22087.73, "direction": "buy", "amount": 0.1}, {"trade_seq": 568, "trade_id": "108660653", "timestamp": 1608172970283, "tick_direction": 0, "price": 0.523, "mark_price": 0.52344781, "iv": 76.77, "instrument_name": "BTC-26MAR21-11000-C", "index_price": 22001.16, "direction": "buy", "amount": 0.1}, {"trade_seq": 567, "trade_id": "108635841", "timestamp": 1608167504396, "tick_direction": 0, "price": 0.52, "mark_price": 0.52110948, "iv": 73.97, "instrument_name": "BTC-26MAR21-11000-C", "index_price": 21775.38, "direction": "buy", "amount": 0.1}, {"trade_seq": 566, "trade_id": "108632670", "timestamp": 1608167372895, "tick_direction": 0, "price": 0.517, "mark_price": 0.5181251, "iv": 73.68, "instrument_name": "BTC-26MAR21-11000-C", "index_price": 21655.18, "direction": "buy", "amount": 0.1}, {"trade_seq": 565, "trade_id": "108569996", "timestamp": 1608155173079, "tick_direction": 0, "price": 0.5055, "mark_price": 0.50590611, "iv": 75.39, "instrument_name": "BTC-26MAR21-11000-C", "index_price": 21083.92, "direction": "buy", "amount": 0.2}, {"trade_seq": 564, "trade_id": "108474595", "timestamp": 1608128789994, "tick_direction": 2, "price": 0.493, "mark_price": 0.49469952, "iv": 74.14, "instrument_name": "BTC-26MAR21-11000-C", "index_price": 20627.36, "direction": "buy", "amount": 0.1}, {"trade_seq": 563, "trade_id": "108462775", "timestamp": 1608128080739, "tick_direction": 0, "price": 0.496, "mark_price": 0.49769647, "iv": 73.55, "instrument_name": "BTC-26MAR21-11000-C", "index_price": 20752.87, "direction": "buy", "amount": 0.1}, {"trade_seq": 562, "trade_id": "108455610", "timestamp": 1608127860372, "tick_direction": 0, "price": 0.49, "mark_price": 0.49073371, "iv": 74.87, "instrument_name": "BTC-26MAR21-11000-C", "index_price": 20473.16, "direction": "buy", "amount": 0.1}, {"trade_seq": 561, "trade_id": "108444033", "timestamp": 1608126782807, "tick_direction": 0, "price": 0.4875, "mark_price": 0.48638029, "iv": 79.17, "instrument_name": "BTC-26MAR21-11000-C", "index_price": 20329.8, "direction": "buy", "amount": 0.2}, {"trade_seq": 560, "trade_id": "108441966", "timestamp": 1608126652920, "tick_direction": 0, "price": 0.4865, "mark_price": 0.48541278, "iv": 78.96, "instrument_name": "BTC-26MAR21-11000-C", "index_price": 20272.85, "direction": "buy", "amount": 0.2}, {"trade_seq": 559, "trade_id": "106840575", "timestamp": 1607408283152, "tick_direction": 2, "price": 0.4495, "mark_price": 0.45359426, "iv": 66.82, "instrument_name": "BTC-26MAR21-11000-C", "index_price": 19131.94, "direction": "sell", "amount": 0.2}, {"trade_seq": 558, "trade_id": "106632190", "timestamp": 1607274935570, "tick_direction": 2, "price": 0.4525, "mark_price": 0.45482251, "iv": 72.95, "instrument_name": "BTC-26MAR21-11000-C", "index_price": 19141.54, "direction": "sell", "amount": 0.1}, {"trade_seq": 557, "trade_id": "106166594", "timestamp": 1607003243602, "tick_direction": 1, "price": 0.464, "mark_price": 0.46189255, "iv": 80.39, "instrument_name": "BTC-26MAR21-11000-C", "index_price": 19313.82, "direction": "sell", "amount": 0.5}, {"trade_seq": 556, "trade_id": "106166593", "timestamp": 1607003243594, "tick_direction": 0, "price": 0.464, "mark_price": 0.46189255, "iv": 80.39, "instrument_name": "BTC-26MAR21-11000-C", "index_price": 19313.82, "direction": "buy", "amount": 1.5}, {"trade_seq": 555, "trade_id": "105584799", "timestamp": 1606830480664, "tick_direction": 1, "price": 0.45, "mark_price": 0.44881998, "iv": 79.87, "instrument_name": "BTC-26MAR21-11000-C", "index_price": 18789.92, "direction": "sell", "amount": 0.6}, {"trade_seq": 554, "trade_id": "105584784", "timestamp": 1606830474888, "tick_direction": 1, "price": 0.45, "mark_price": 0.44900977, "iv": 79.59, "instrument_name": "BTC-26MAR21-11000-C", "index_price": 18797.24, "direction": "sell", "amount": 0.2}, {"trade_seq": 553, "trade_id": "105584753", "timestamp": 1606830467242, "tick_direction": 0, "price": 0.45, "mark_price": 0.44911894, "iv": 79.41, "instrument_name": "BTC-26MAR21-11000-C", "index_price": 18803.2, "direction": "sell", "amount": 0.2}, {"trade_seq": 552, "trade_id": "105513499", "timestamp": 1606825651691, "tick_direction": 0, "price": 0.4495, "mark_price": 0.45273174, "iv": 72.29, "instrument_name": "BTC-26MAR21-11000-C", "index_price": 18851.26, "direction": "buy", "amount": 0.2}, {"trade_seq": 551, "trade_id": "104815848", "timestamp": 1606604697638, "tick_direction": 2, "price": 0.418, "mark_price": 0.4156128, "iv": 76.72, "instrument_name": "BTC-26MAR21-11000-C", "index_price": 17760.01, "direction": "buy", "amount": 0.4}, {"trade_seq": 550, "trade_id": "104815840", "timestamp": 1606604667257, "tick_direction": 2, "price": 0.4195, "mark_price": 0.41560529, "iv": 78.43, "instrument_name": "BTC-26MAR21-11000-C", "index_price": 17762.71, "direction": "buy", "amount": 0.1}, {"trade_seq": 549, "trade_id": "103688593", "timestamp": 1606318936798, "tick_direction": 1, "price": 0.463, "mark_price": 0.46321538, "iv": 79.01, "instrument_name": "BTC-26MAR21-11000-C", "index_price": 19269.12, "direction": "buy", "amount": 50.0}, {"trade_seq": 548, "trade_id": "103688592", "timestamp": 1606318936798, "tick_direction": 0, "price": 0.463, "mark_price": 0.46321538, "iv": 79.01, "instrument_name": "BTC-26MAR21-11000-C", "index_price": 19269.12, "direction": "buy", "amount": 0.2}, {"trade_seq": 547, "trade_id": "103598078", "timestamp": 1606289672326, "tick_direction": 2, "price": 0.4525, "mark_price": 0.45556512, "iv": 75.45, "instrument_name": "BTC-26MAR21-11000-C", "index_price": 19005.65, "direction": "buy", "amount": 0.2}, {"trade_seq": 546, "trade_id": "103597981", "timestamp": 1606289564995, "tick_direction": 3, "price": 0.453, "mark_price": 0.45553393, "iv": 76.17, "instrument_name": "BTC-26MAR21-11000-C", "index_price": 19005.59, "direction": "buy", "amount": 0.2}, {"trade_seq": 545, "trade_id": "103597812", "timestamp": 1606289428320, "tick_direction": 2, "price": 0.453, "mark_price": 0.45551921, "iv": 76.19, "instrument_name": "BTC-26MAR21-11000-C", "index_price": 19004.84, "direction": "buy", "amount": 0.5}, {"trade_seq": 544, "trade_id": "103400434", "timestamp": 1606220590148, "tick_direction": 0, "price": 0.4585, "mark_price": 0.46052497, "iv": 76.5, "instrument_name": "BTC-26MAR21-11000-C", "index_price": 19116.45, "direction": "buy", "amount": 0.5}, {"trade_seq": 543, "trade_id": "103042608", "timestamp": 1606123114906, "tick_direction": 0, "price": 0.4445, "mark_price": 0.44478953, "iv": 77.4, "instrument_name": "BTC-26MAR21-11000-C", "index_price": 18621.18, "direction": "buy", "amount": 50.0}, {"trade_seq": 542, "trade_id": "102537945", "timestamp": 1605899169477, "tick_direction": 0, "price": 0.4405, "mark_price": 0.44019407, "iv": 73.99, "instrument_name": "BTC-26MAR21-11000-C", "index_price": 18597.66, "direction": "buy", "amount": 47.6}, {"trade_seq": 541, "trade_id": "102186946", "timestamp": 1605792156045, "tick_direction": 0, "price": 0.4185, "mark_price": 0.41944776, "iv": 69.73, "instrument_name": "BTC-26MAR21-11000-C", "index_price": 17905.83, "direction": "buy", "amount": 0.1}, {"trade_seq": 540, "trade_id": "102186750", "timestamp": 1605792112388, "tick_direction": 0, "price": 0.418, "mark_price": 0.41923274, "iv": 69.44, "instrument_name": "BTC-26MAR21-11000-C", "index_price": 17893.03, "direction": "buy", "amount": 0.1}, {"trade_seq": 539, "trade_id": "102173159", "timestamp": 1605785715666, "tick_direction": 0, "price": 0.4105, "mark_price": 0.41163128, "iv": 69.57, "instrument_name": "BTC-26MAR21-11000-C", "index_price": 17674.73, "direction": "buy", "amount": 0.1}, {"trade_seq": 538, "trade_id": "102173025", "timestamp": 1605785671636, "tick_direction": 2, "price": 0.41, "mark_price": 0.41107163, "iv": 69.69, "instrument_name": "BTC-26MAR21-11000-C", "index_price": 17649.18, "direction": "buy", "amount": 0.1}, {"trade_seq": 537, "trade_id": "102166715", "timestamp": 1605783887727, "tick_direction": 1, "price": 0.412, "mark_price": 0.40884864, "iv": 73.77, "instrument_name": "BTC-26MAR21-11000-C", "index_price": 17608.64, "direction": "buy", "amount": 0.5}, {"trade_seq": 536, "trade_id": "102166709", "timestamp": 1605783885780, "tick_direction": 0, "price": 0.412, "mark_price": 0.40884961, "iv": 73.77, "instrument_name": "BTC-26MAR21-11000-C", "index_price": 17608.38, "direction": "buy", "amount": 0.5}, {"trade_seq": 535, "trade_id": "102143401", "timestamp": 1605775668939, "tick_direction": 2, "price": 0.395, "mark_price": 0.40360227, "iv": 60.48, "instrument_name": "BTC-26MAR21-11000-C", "index_price": 17424.27, "direction": "sell", "amount": 0.3}, {"trade_seq": 534, "trade_id": "102126330", "timestamp": 1605770017349, "tick_direction": 3, "price": 0.415, "mark_price": 0.41262503, "iv": 73.99, "instrument_name": "BTC-26MAR21-11000-C", "index_price": 17716.99, "direction": "sell", "amount": 0.6}, {"trade_seq": 533, "trade_id": "102126329", "timestamp": 1605770017348, "tick_direction": 2, "price": 0.415, "mark_price": 0.41262503, "iv": 73.99, "instrument_name": "BTC-26MAR21-11000-C", "index_price": 17716.99, "direction": "sell", "amount": 0.4}, {"trade_seq": 532, "trade_id": "102126158", "timestamp": 1605769970726, "tick_direction": 0, "price": 0.4155, "mark_price": 0.41265364, "iv": 74.5, "instrument_name": "BTC-26MAR21-11000-C", "index_price": 17713.14, "direction": "buy", "amount": 2.0}, {"trade_seq": 531, "trade_id": "102113243", "timestamp": 1605762055179, "tick_direction": 0, "price": 0.414, "mark_price": 0.41738248, "iv": 67.38, "instrument_name": "BTC-26MAR21-11000-C", "index_price": 17855.58, "direction": "sell", "amount": 1.0}, {"trade_seq": 530, "trade_id": "101773812", "timestamp": 1605677711604, "tick_direction": 1, "price": 0.4105, "mark_price": 0.40691757, "iv": 75.14, "instrument_name": "BTC-26MAR21-11000-C", "index_price": 17571.08, "direction": "sell", "amount": 0.2}, {"trade_seq": 529, "trade_id": "101773811", "timestamp": 1605677711604, "tick_direction": 0, "price": 0.4105, "mark_price": 0.40691757, "iv": 75.14, "instrument_name": "BTC-26MAR21-11000-C", "index_price": 17571.08, "direction": "sell", "amount": 0.2}, {"trade_seq": 528, "trade_id": "101687157", "timestamp": 1605656788361, "tick_direction": 1, "price": 0.4085, "mark_price": 0.41166008, "iv": 67.09, "instrument_name": "BTC-26MAR21-11000-C", "index_price": 17681.03, "direction": "buy", "amount": 13.7}, {"trade_seq": 527, "trade_id": "101687156", "timestamp": 1605656788360, "tick_direction": 1, "price": 0.4085, "mark_price": 0.41166008, "iv": 67.09, "instrument_name": "BTC-26MAR21-11000-C", "index_price": 17681.03, "direction": "buy", "amount": 1.3}, {"trade_seq": 526, "trade_id": "101616955", "timestamp": 1605634130971, "tick_direction": 0, "price": 0.4085, "mark_price": 0.40910925, "iv": 68.11, "instrument_name": "BTC-26MAR21-11000-C", "index_price": 17618.63, "direction": "buy", "amount": 50.0}, {"trade_seq": 525, "trade_id": "101376449", "timestamp": 1605548182625, "tick_direction": 0, "price": 0.38, "mark_price": 0.38127469, "iv": 63.67, "instrument_name": "BTC-26MAR21-11000-C", "index_price": 16770.64, "direction": "buy", "amount": 0.1}, {"trade_seq": 524, "trade_id": "101335676", "timestamp": 1605537128143, "tick_direction": 0, "price": 0.37, "mark_price": 0.36845766, "iv": 65.79, "instrument_name": "BTC-26MAR21-11000-C", "index_price": 16405.66, "direction": "sell", "amount": 0.1}, {"trade_seq": 523, "trade_id": "100633422", "timestamp": 1605174739587, "tick_direction": 0, "price": 0.36, "mark_price": 0.36068582, "iv": 62.21, "instrument_name": "BTC-26MAR21-11000-C", "index_price": 16090.86, "direction": "buy", "amount": 1.0}, {"trade_seq": 522, "trade_id": "100514683", "timestamp": 1605112233804, "tick_direction": 0, "price": 0.35, "mark_price": 0.35132886, "iv": 61.75, "instrument_name": "BTC-26MAR21-11000-C", "index_price": 15846.19, "direction": "buy", "amount": 0.1}, {"trade_seq": 521, "trade_id": "100481364", "timestamp": 1605094290724, "tick_direction": 0, "price": 0.345, "mark_price": 0.34616753, "iv": 62.53, "instrument_name": "BTC-26MAR21-11000-C", "index_price": 15670.03, "direction": "buy", "amount": 0.1}, {"trade_seq": 520, "trade_id": "100425311", "timestamp": 1605049040944, "tick_direction": 3, "price": 0.334, "mark_price": 0.33559799, "iv": 62.36, "instrument_name": "BTC-26MAR21-11000-C", "index_price": 15401.45, "direction": "buy", "amount": 0.1}, {"trade_seq": 519, "trade_id": "100425310", "timestamp": 1605049035897, "tick_direction": 3, "price": 0.334, "mark_price": 0.3355789, "iv": 62.39, "instrument_name": "BTC-26MAR21-11000-C", "index_price": 15400.79, "direction": "buy", "amount": 0.2}, {"trade_seq": 518, "trade_id": "100423605", "timestamp": 1605045668069, "tick_direction": 3, "price": 0.334, "mark_price": 0.33561358, "iv": 62.35, "instrument_name": "BTC-26MAR21-11000-C", "index_price": 15407.58, "direction": "buy", "amount": 0.4}, {"trade_seq": 517, "trade_id": "100423552", "timestamp": 1605045645391, "tick_direction": 3, "price": 0.334, "mark_price": 0.33530643, "iv": 62.59, "instrument_name": "BTC-26MAR21-11000-C", "index_price": 15404.02, "direction": "buy", "amount": 0.5}, {"trade_seq": 516, "trade_id": "100423507", "timestamp": 1605045622014, "tick_direction": 3, "price": 0.334, "mark_price": 0.33503621, "iv": 62.79, "instrument_name": "BTC-26MAR21-11000-C", "index_price": 15398.39, "direction": "buy", "amount": 0.7}, {"trade_seq": 515, "trade_id": "100422907", "timestamp": 1605044869522, "tick_direction": 3, "price": 0.334, "mark_price": 0.33528102, "iv": 62.58, "instrument_name": "BTC-26MAR21-11000-C", "index_price": 15400.38, "direction": "buy", "amount": 0.1}, {"trade_seq": 514, "trade_id": "100422869", "timestamp": 1605044836298, "tick_direction": 3, "price": 0.334, "mark_price": 0.33505587, "iv": 62.77, "instrument_name": "BTC-26MAR21-11000-C", "index_price": 15394.78, "direction": "buy", "amount": 0.2}, {"trade_seq": 513, "trade_id": "100422715", "timestamp": 1605044562990, "tick_direction": 2, "price": 0.334, "mark_price": 0.33502566, "iv": 62.76, "instrument_name": "BTC-26MAR21-11000-C", "index_price": 15385.44, "direction": "buy", "amount": 0.5}, {"trade_seq": 512, "trade_id": "99203592", "timestamp": 1604623593583, "tick_direction": 0, "price": 0.36, "mark_price": 0.36053705, "iv": 65.94, "instrument_name": "BTC-26MAR21-11000-C", "index_price": 15952.47, "direction": "buy", "amount": 0.2}, {"trade_seq": 511, "trade_id": "99071414", "timestamp": 1604594096467, "tick_direction": 2, "price": 0.334, "mark_price": 0.33707641, "iv": 63.47, "instrument_name": "BTC-26MAR21-11000-C", "index_price": 15260.6, "direction": "buy", "amount": 0.2}, {"trade_seq": 510, "trade_id": "99049775", "timestamp": 1604591734045, "tick_direction": 0, "price": 0.3345, "mark_price": 0.33318716, "liquidation": "M", "iv": 66.33, "instrument_name": "BTC-26MAR21-11000-C", "index_price": 15139.94, "direction": "sell", "amount": 0.2}, {"trade_seq": 509, "trade_id": "99049622", "timestamp": 1604591731648, "tick_direction": 0, "price": 0.33, "mark_price": 0.33271897, "iv": 63.26, "instrument_name": "BTC-26MAR21-11000-C", "index_price": 15134.06, "direction": "buy", "amount": 0.1}, {"trade_seq": 508, "trade_id": "99040448", "timestamp": 1604590239626, "tick_direction": 0, "price": 0.326, "mark_price": 0.32490655, "iv": 66.39, "instrument_name": "BTC-26MAR21-11000-C", "index_price": 14920.22, "direction": "sell", "amount": 1.0}, {"trade_seq": 507, "trade_id": "98888687", "timestamp": 1604548386225, "tick_direction": 0, "price": 0.3, "mark_price": 0.30166214, "iv": 62.24, "instrument_name": "BTC-26MAR21-11000-C", "index_price": 14369.06, "direction": "buy", "amount": 0.1}, {"trade_seq": 506, "trade_id": "98563483", "timestamp": 1604443144396, "tick_direction": 0, "price": 0.28, "mark_price": 0.28003653, "iv": 64.08, "instrument_name": "BTC-26MAR21-11000-C", "index_price": 13812.86, "direction": "buy", "amount": 0.1}, {"trade_seq": 505, "trade_id": "98431917", "timestamp": 1604375091439, "tick_direction": 3, "price": 0.268, "mark_price": 0.26641717, "iv": 65.87, "instrument_name": "BTC-26MAR21-11000-C", "index_price": 13430.4, "direction": "sell", "amount": 1.0}, {"trade_seq": 504, "trade_id": "98431796", "timestamp": 1604375012540, "tick_direction": 2, "price": 0.268, "mark_price": 0.26618974, "iv": 65.99, "instrument_name": "BTC-26MAR21-11000-C", "index_price": 13428.18, "direction": "sell", "amount": 1.0}, {"trade_seq": 503, "trade_id": "98406612", "timestamp": 1604366546591, "tick_direction": 0, "price": 0.2715, "mark_price": 0.27135345, "iv": 64.89, "instrument_name": "BTC-26MAR21-11000-C", "index_price": 13576.04, "direction": "sell", "amount": 1.3}, {"trade_seq": 502, "trade_id": "98388668", "timestamp": 1604356087406, "tick_direction": 2, "price": 0.27, "mark_price": 0.27226694, "iv": 63.4, "instrument_name": "BTC-26MAR21-11000-C", "index_price": 13618.08, "direction": "buy", "amount": 1.0}, {"trade_seq": 501, "trade_id": "98010677", "timestamp": 1604149839547, "tick_direction": 1, "price": 0.287, "mark_price": 0.28475934, "iv": 64.07, "instrument_name": "BTC-26MAR21-11000-C", "index_price": 13886.19, "direction": "sell", "amount": 9.7}, {"trade_seq": 500, "trade_id": "98010676", "timestamp": 1604149839479, "tick_direction": 0, "price": 0.287, "mark_price": 0.28475934, "iv": 64.07, "instrument_name": "BTC-26MAR21-11000-C", "index_price": 13886.19, "direction": "sell", "amount": 1.3}, {"trade_seq": 499, "trade_id": "97727247", "timestamp": 1604048321878, "tick_direction": 2, "price": 0.2525, "mark_price": 0.25678864, "iv": 59.4, "instrument_name": "BTC-26MAR21-11000-C", "index_price": 13261.41, "direction": "buy", "amount": 0.1}, {"trade_seq": 498, "trade_id": "97727236", "timestamp": 1604048317840, "tick_direction": 2, "price": 0.2535, "mark_price": 0.25666384, "iv": 59.96, "instrument_name": "BTC-26MAR21-11000-C", "index_price": 13260.85, "direction": "buy", "amount": 0.1}, {"trade_seq": 497, "trade_id": "97480826", "timestamp": 1603955919660, "tick_direction": 0, "price": 0.258, "mark_price": 0.26188797, "iv": 61.63, "instrument_name": "BTC-26MAR21-11000-C", "index_price": 13257.84, "direction": "buy", "amount": 1.0}, {"trade_seq": 496, "trade_id": "97417214", "timestamp": 1603906882685, "tick_direction": 2, "price": 0.256, "mark_price": 0.26056098, "iv": 61.66, "instrument_name": "BTC-26MAR21-11000-C", "index_price": 13197.21, "direction": "buy", "amount": 0.1}, {"trade_seq": 495, "trade_id": "97336505", "timestamp": 1603888045947, "tick_direction": 2, "price": 0.264, "mark_price": 0.2670951, "iv": 64.06, "instrument_name": "BTC-26MAR21-11000-C", "index_price": 13264.66, "direction": "buy", "amount": 1.0}, {"trade_seq": 494, "trade_id": "97327315", "timestamp": 1603886746759, "tick_direction": 3, "price": 0.2705, "mark_price": 0.27203653, "iv": 65.14, "instrument_name": "BTC-26MAR21-11000-C", "index_price": 13374.21, "direction": "buy", "amount": 0.1}, {"trade_seq": 493, "trade_id": "97321164", "timestamp": 1603886136791, "tick_direction": 3, "price": 0.2705, "mark_price": 0.27263144, "iv": 64.77, "instrument_name": "BTC-26MAR21-11000-C", "index_price": 13382.02, "direction": "buy", "amount": 0.1}, {"trade_seq": 492, "trade_id": "97321145", "timestamp": 1603886134083, "tick_direction": 2, "price": 0.2705, "mark_price": 0.27264541, "iv": 64.72, "instrument_name": "BTC-26MAR21-11000-C", "index_price": 13384.26, "direction": "buy", "amount": 0.1}, {"trade_seq": 491, "trade_id": "97086544", "timestamp": 1603798235468, "tick_direction": 0, "price": 0.272, "mark_price": 0.27406131, "iv": 62.18, "instrument_name": "BTC-26MAR21-11000-C", "index_price": 13489.94, "direction": "buy", "amount": 0.1}, {"trade_seq": 490, "trade_id": "96916287", "timestamp": 1603719038514, "tick_direction": 2, "price": 0.265, "mark_price": 0.26534781, "iv": 63.47, "instrument_name": "BTC-26MAR21-11000-C", "index_price": 13213.22, "direction": "buy", "amount": 0.1}, {"trade_seq": 489, "trade_id": "96724495", "timestamp": 1603556843976, "tick_direction": 3, "price": 0.2655, "mark_price": 0.26543257, "iv": 65.25, "instrument_name": "BTC-26MAR21-11000-C", "index_price": 13068.72, "direction": "sell", "amount": 1.0}, {"trade_seq": 488, "trade_id": "96724473", "timestamp": 1603556814309, "tick_direction": 3, "price": 0.2655, "mark_price": 0.26557426, "iv": 65.18, "instrument_name": "BTC-26MAR21-11000-C", "index_price": 13068.46, "direction": "sell", "amount": 0.7}, {"trade_seq": 487, "trade_id": "96724472", "timestamp": 1603556814212, "tick_direction": 2, "price": 0.2655, "mark_price": 0.26556391, "iv": 65.18, "instrument_name": "BTC-26MAR21-11000-C", "index_price": 13068.46, "direction": "sell", "amount": 1.3}, {"trade_seq": 486, "trade_id": "96724214", "timestamp": 1603556714332, "tick_direction": 1, "price": 0.266, "mark_price": 0.26579182, "iv": 65.35, "instrument_name": "BTC-26MAR21-11000-C", "index_price": 13079.99, "direction": "sell", "amount": 0.7}, {"trade_seq": 485, "trade_id": "96724213", "timestamp": 1603556714270, "tick_direction": 0, "price": 0.266, "mark_price": 0.26579182, "iv": 65.35, "instrument_name": "BTC-26MAR21-11000-C", "index_price": 13079.99, "direction": "sell", "amount": 1.3}, {"trade_seq": 484, "trade_id": "96711712", "timestamp": 1603551839770, "tick_direction": 1, "price": 0.264, "mark_price": 0.26758693, "iv": 62.75, "instrument_name": "BTC-26MAR21-11000-C", "index_price": 13158.6, "direction": "buy", "amount": 0.4}, {"trade_seq": 483, "trade_id": "96711711", "timestamp": 1603551839770, "tick_direction": 0, "price": 0.264, "mark_price": 0.26758693, "iv": 62.75, "instrument_name": "BTC-26MAR21-11000-C", "index_price": 13158.6, "direction": "buy", "amount": 0.4}, {"trade_seq": 482, "trade_id": "96699482", "timestamp": 1603549293365, "tick_direction": 1, "price": 0.2615, "mark_price": 0.26361642, "iv": 63.33, "instrument_name": "BTC-26MAR21-11000-C", "index_price": 13080.77, "direction": "buy", "amount": 0.4}, {"trade_seq": 481, "trade_id": "96699481", "timestamp": 1603549293365, "tick_direction": 1, "price": 0.2615, "mark_price": 0.26361642, "iv": 63.33, "instrument_name": "BTC-26MAR21-11000-C", "index_price": 13080.77, "direction": "buy", "amount": 0.4}, {"trade_seq": 480, "trade_id": "96699480", "timestamp": 1603549293365, "tick_direction": 0, "price": 0.2615, "mark_price": 0.26361642, "iv": 63.33, "instrument_name": "BTC-26MAR21-11000-C", "index_price": 13080.77, "direction": "buy", "amount": 0.4}, {"trade_seq": 479, "trade_id": "96663351", "timestamp": 1603494475221, "tick_direction": 2, "price": 0.2535, "mark_price": 0.25790355, "iv": 62.01, "instrument_name": "BTC-26MAR21-11000-C", "index_price": 12955.07, "direction": "buy", "amount": 5.0}, {"trade_seq": 478, "trade_id": "96662429", "timestamp": 1603493136057, "tick_direction": 1, "price": 0.254, "mark_price": 0.25785348, "iv": 62.19, "instrument_name": "BTC-26MAR21-11000-C", "index_price": 12951.1, "direction": "buy", "amount": 3.7}, {"trade_seq": 477, "trade_id": "96662428", "timestamp": 1603493136056, "tick_direction": 1, "price": 0.254, "mark_price": 0.25785348, "iv": 62.19, "instrument_name": "BTC-26MAR21-11000-C", "index_price": 12951.1, "direction": "buy", "amount": 1.3}, {"trade_seq": 476, "trade_id": "96650344", "timestamp": 1603480185536, "tick_direction": 1, "price": 0.254, "mark_price": 0.25765704, "iv": 63.47, "instrument_name": "BTC-26MAR21-11000-C", "index_price": 12883.62, "direction": "sell", "amount": 1.0}, {"trade_seq": 475, "trade_id": "96649864", "timestamp": 1603479814149, "tick_direction": 0, "price": 0.254, "mark_price": 0.25699845, "iv": 63.89, "instrument_name": "BTC-26MAR21-11000-C", "index_price": 12859.2, "direction": "buy", "amount": 1.0}, {"trade_seq": 474, "trade_id": "96630491", "timestamp": 1603470268469, "tick_direction": 2, "price": 0.251, "mark_price": 0.25498375, "iv": 63.11, "instrument_name": "BTC-26MAR21-11000-C", "index_price": 12829.77, "direction": "sell", "amount": 0.1}, {"trade_seq": 473, "trade_id": "96248451", "timestamp": 1603315927408, "tick_direction": 2, "price": 0.26, "mark_price": 0.27368646, "iv": 66.85, "instrument_name": "BTC-26MAR21-11000-C", "index_price": 12826.97, "direction": "buy", "amount": 0.1}, {"trade_seq": 472, "trade_id": "96242378", "timestamp": 1603315395106, "tick_direction": 0, "price": 0.275, "mark_price": 0.27788153, "iv": 71.88, "instrument_name": "BTC-26MAR21-11000-C", "index_price": 12943.62, "direction": "buy", "amount": 5.0}, {"trade_seq": 471, "trade_id": "96224949", "timestamp": 1603307752601, "tick_direction": 3, "price": 0.27, "mark_price": 0.27341722, "iv": 72.69, "instrument_name": "BTC-26MAR21-11000-C", "index_price": 12756.93, "direction": "buy", "amount": 1.0}, {"trade_seq": 470, "trade_id": "96222859", "timestamp": 1603306553196, "tick_direction": 2, "price": 0.27, "mark_price": 0.27432332, "iv": 72.21, "instrument_name": "BTC-26MAR21-11000-C", "index_price": 12779.72, "direction": "buy", "amount": 10.0}, {"trade_seq": 469, "trade_id": "96218843", "timestamp": 1603303412582, "tick_direction": 0, "price": 0.271, "mark_price": 0.27080765, "iv": 72.16, "instrument_name": "BTC-26MAR21-11000-C", "index_price": 12808.87, "direction": "buy", "amount": 0.1}, {"trade_seq": 468, "trade_id": "96192803", "timestamp": 1603297081993, "tick_direction": 0, "price": 0.255, "mark_price": 0.26171385, "iv": 64.4, "instrument_name": "BTC-26MAR21-11000-C", "index_price": 12811.61, "direction": "buy", "amount": 2.0}, {"trade_seq": 467, "trade_id": "96140418", "timestamp": 1603289960199, "tick_direction": 0, "price": 0.23, "mark_price": 0.23458476, "iv": 58.88, "instrument_name": "BTC-26MAR21-11000-C", "index_price": 12490.18, "direction": "buy", "amount": 0.5}, {"trade_seq": 466, "trade_id": "96041720", "timestamp": 1603250714068, "tick_direction": 2, "price": 0.21, "mark_price": 0.220013, "iv": 54.7, "instrument_name": "BTC-26MAR21-11000-C", "index_price": 12229.31, "direction": "buy", "amount": 2.0}, {"trade_seq": 465, "trade_id": "95996699", "timestamp": 1603225338892, "tick_direction": 0, "price": 0.2115, "mark_price": 0.20343628, "iv": 61.89, "instrument_name": "BTC-26MAR21-11000-C", "index_price": 11892.71, "direction": "buy", "amount": 0.3}, {"trade_seq": 464, "trade_id": "95947744", "timestamp": 1603207051331, "tick_direction": 0, "price": 0.205, "mark_price": 0.20802016, "iv": 57.63, "instrument_name": "BTC-26MAR21-11000-C", "index_price": 11976.4, "direction": "buy", "amount": 0.5}, {"trade_seq": 463, "trade_id": "95849182", "timestamp": 1603142881208, "tick_direction": 2, "price": 0.174, "mark_price": 0.19846563, "iv": 48.39, "instrument_name": "BTC-26MAR21-11000-C", "index_price": 11749.49, "direction": "sell", "amount": 0.1}, {"trade_seq": 462, "trade_id": "95832374", "timestamp": 1603128685290, "tick_direction": 2, "price": 0.2, "mark_price": 0.20143987, "iv": 58.87, "instrument_name": "BTC-26MAR21-11000-C", "index_price": 11761.75, "direction": "sell", "amount": 0.1}, {"trade_seq": 461, "trade_id": "95826929", "timestamp": 1603124437450, "tick_direction": 1, "price": 0.203, "mark_price": 0.20136281, "iv": 59.62, "instrument_name": "BTC-26MAR21-11000-C", "index_price": 11794.99, "direction": "buy", "amount": 0.1}, {"trade_seq": 460, "trade_id": "95826920", "timestamp": 1603124434834, "tick_direction": 1, "price": 0.203, "mark_price": 0.20135148, "iv": 59.62, "instrument_name": "BTC-26MAR21-11000-C", "index_price": 11794.89, "direction": "buy", "amount": 0.1}, {"trade_seq": 459, "trade_id": "95826913", "timestamp": 1603124429184, "tick_direction": 0, "price": 0.203, "mark_price": 0.20133036, "iv": 59.63, "instrument_name": "BTC-26MAR21-11000-C", "index_price": 11794.48, "direction": "sell", "amount": 0.1}, {"trade_seq": 458, "trade_id": "95760950", "timestamp": 1603100874271, "tick_direction": 0, "price": 0.184, "mark_price": 0.18598937, "iv": 57.39, "instrument_name": "BTC-26MAR21-11000-C", "index_price": 11483.3, "direction": "buy", "amount": 0.1}, {"trade_seq": 457, "trade_id": "95734688", "timestamp": 1603055629456, "tick_direction": 1, "price": 0.183, "mark_price": 0.186725, "iv": 57.28, "instrument_name": "BTC-26MAR21-11000-C", "index_price": 11454.44, "direction": "buy", "amount": 0.1}, {"trade_seq": 456, "trade_id": "95701516", "timestamp": 1602994856206, "tick_direction": 0, "price": 0.183, "mark_price": 0.18677809, "iv": 58.33, "instrument_name": "BTC-26MAR21-11000-C", "index_price": 11389.95, "direction": "sell", "amount": 0.1}, {"trade_seq": 455, "trade_id": "95695843", "timestamp": 1602981806718, "tick_direction": 0, "price": 0.1825, "mark_price": 0.186086, "iv": 58.26, "instrument_name": "BTC-26MAR21-11000-C", "index_price": 11387.76, "direction": "sell", "amount": 0.1}, {"trade_seq": 454, "trade_id": "95684684", "timestamp": 1602953242385, "tick_direction": 2, "price": 0.1795, "mark_price": 0.18524182, "iv": 58.08, "instrument_name": "BTC-26MAR21-11000-C", "index_price": 11333.42, "direction": "sell", "amount": 0.1}, {"trade_seq": 453, "trade_id": "95670380", "timestamp": 1602944548986, "tick_direction": 0, "price": 0.1835, "mark_price": 0.18523979, "iv": 59.42, "instrument_name": "BTC-26MAR21-11000-C", "index_price": 11342.32, "direction": "buy", "amount": 0.1}, {"trade_seq": 452, "trade_id": "95669678", "timestamp": 1602942570949, "tick_direction": 3, "price": 0.183, "mark_price": 0.18550577, "iv": 59.34, "instrument_name": "BTC-26MAR21-11000-C", "index_price": 11336.0, "direction": "buy", "amount": 0.1}, {"trade_seq": 451, "trade_id": "95669588", "timestamp": 1602942348474, "tick_direction": 3, "price": 0.183, "mark_price": 0.18593838, "iv": 59.17, "instrument_name": "BTC-26MAR21-11000-C", "index_price": 11342.66, "direction": "buy", "amount": 0.1}, {"trade_seq": 450, "trade_id": "95669561", "timestamp": 1602942217650, "tick_direction": 2, "price": 0.183, "mark_price": 0.18574016, "iv": 59.24, "instrument_name": "BTC-26MAR21-11000-C", "index_price": 11339.18, "direction": "buy", "amount": 0.1}, {"trade_seq": 449, "trade_id": "95258487", "timestamp": 1602570967738, "tick_direction": 3, "price": 0.2065, "mark_price": 0.20625848, "iv": 64.43, "instrument_name": "BTC-26MAR21-11000-C", "index_price": 11493.98, "direction": "sell", "amount": 0.1}, {"trade_seq": 448, "trade_id": "95258293", "timestamp": 1602570465722, "tick_direction": 2, "price": 0.2065, "mark_price": 0.20551179, "iv": 64.42, "instrument_name": "BTC-26MAR21-11000-C", "index_price": 11494.49, "direction": "sell", "amount": 4.9}, {"trade_seq": 447, "trade_id": "95255921", "timestamp": 1602567315846, "tick_direction": 0, "price": 0.207, "mark_price": 0.20673528, "iv": 64.36, "instrument_name": "BTC-26MAR21-11000-C", "index_price": 11509.65, "direction": "sell", "amount": 5.0}, {"trade_seq": 446, "trade_id": "95252661", "timestamp": 1602561943134, "tick_direction": 0, "price": 0.2065, "mark_price": 0.20518156, "iv": 64.61, "instrument_name": "BTC-26MAR21-11000-C", "index_price": 11479.83, "direction": "buy", "amount": 0.1}, {"trade_seq": 445, "trade_id": "95236176", "timestamp": 1602555309273, "tick_direction": 0, "price": 0.2025, "mark_price": 0.20646534, "iv": 62.68, "instrument_name": "BTC-26MAR21-11000-C", "index_price": 11486.39, "direction": "sell", "amount": 0.2}, {"trade_seq": 444, "trade_id": "95003598", "timestamp": 1602413772227, "tick_direction": 2, "price": 0.196, "mark_price": 0.20050665, "iv": 62.43, "instrument_name": "BTC-26MAR21-11000-C", "index_price": 11377.42, "direction": "sell", "amount": 1.0}, {"trade_seq": 443, "trade_id": "94969556", "timestamp": 1602368411092, "tick_direction": 2, "price": 0.2015, "mark_price": 0.19995217, "iv": 64.87, "instrument_name": "BTC-26MAR21-11000-C", "index_price": 11365.05, "direction": "buy", "amount": 1.0}, {"trade_seq": 442, "trade_id": "94899402", "timestamp": 1602302129478, "tick_direction": 1, "price": 0.2065, "mark_price": 0.20359564, "iv": 65.63, "instrument_name": "BTC-26MAR21-11000-C", "index_price": 11430.93, "direction": "buy", "amount": 0.9}, {"trade_seq": 441, "trade_id": "94899401", "timestamp": 1602302129478, "tick_direction": 0, "price": 0.2065, "mark_price": 0.20359564, "iv": 65.63, "instrument_name": "BTC-26MAR21-11000-C", "index_price": 11430.93, "direction": "buy", "amount": 0.1}, {"trade_seq": 440, "trade_id": "94797598", "timestamp": 1602234964362, "tick_direction": 1, "price": 0.1835, "mark_price": 0.18276409, "iv": 65.35, "instrument_name": "BTC-26MAR21-11000-C", "index_price": 10886.43, "direction": "sell", "amount": 0.8}, {"trade_seq": 439, "trade_id": "94797587", "timestamp": 1602234964161, "tick_direction": 1, "price": 0.1835, "mark_price": 0.18276409, "iv": 65.35, "instrument_name": "BTC-26MAR21-11000-C", "index_price": 10886.43, "direction": "sell", "amount": 5.0}, {"trade_seq": 438, "trade_id": "94797579", "timestamp": 1602234934882, "tick_direction": 1, "price": 0.1835, "mark_price": 0.18269505, "iv": 65.35, "instrument_name": "BTC-26MAR21-11000-C", "index_price": 10886.2, "direction": "buy", "amount": 0.1}, {"trade_seq": 437, "trade_id": "94797578", "timestamp": 1602234934882, "tick_direction": 0, "price": 0.1835, "mark_price": 0.18269505, "iv": 65.35, "instrument_name": "BTC-26MAR21-11000-C", "index_price": 10886.2, "direction": "buy", "amount": 0.1}, {"trade_seq": 436, "trade_id": "94667234", "timestamp": 1602117293638, "tick_direction": 1, "price": 0.175, "mark_price": 0.17520876, "iv": 65.85, "instrument_name": "BTC-26MAR21-11000-C", "index_price": 10657.86, "direction": "sell", "amount": 15.0}, {"trade_seq": 435, "trade_id": "94664782", "timestamp": 1602109775873, "tick_direction": 0, "price": 0.175, "mark_price": 0.17505726, "iv": 65.91, "instrument_name": "BTC-26MAR21-11000-C", "index_price": 10649.51, "direction": "sell", "amount": 5.0}, {"trade_seq": 434, "trade_id": "94567937", "timestamp": 1602010577114, "tick_direction": 2, "price": 0.174, "mark_price": 0.17248873, "iv": 65.79, "instrument_name": "BTC-26MAR21-11000-C", "index_price": 10594.77, "direction": "sell", "amount": 0.1}, {"trade_seq": 433, "trade_id": "94543683", "timestamp": 1601997025948, "tick_direction": 2, "price": 0.175, "mark_price": 0.17426038, "iv": 65.74, "instrument_name": "BTC-26MAR21-11000-C", "index_price": 10627.75, "direction": "sell", "amount": 5.0}, {"trade_seq": 432, "trade_id": "94500658", "timestamp": 1601970447332, "tick_direction": 2, "price": 0.177, "mark_price": 0.17622592, "iv": 64.97, "instrument_name": "BTC-26MAR21-11000-C", "index_price": 10734.99, "direction": "sell", "amount": 1.1}, {"trade_seq": 431, "trade_id": "94465234", "timestamp": 1601929457056, "tick_direction": 1, "price": 0.1785, "mark_price": 0.17706197, "iv": 65.31, "instrument_name": "BTC-26MAR21-11000-C", "index_price": 10742.91, "direction": "buy", "amount": 4.3}, {"trade_seq": 430, "trade_id": "94465233", "timestamp": 1601929457056, "tick_direction": 1, "price": 0.1785, "mark_price": 0.17706197, "iv": 65.31, "instrument_name": "BTC-26MAR21-11000-C", "index_price": 10742.91, "direction": "buy", "amount": 0.1}, {"trade_seq": 429, "trade_id": "94465232", "timestamp": 1601929457056, "tick_direction": 1, "price": 0.1785, "mark_price": 0.17706197, "iv": 65.31, "instrument_name": "BTC-26MAR21-11000-C", "index_price": 10742.91, "direction": "buy", "amount": 0.1}, {"trade_seq": 428, "trade_id": "94464229", "timestamp": 1601928169264, "tick_direction": 1, "price": 0.1785, "mark_price": 0.17679338, "iv": 65.28, "instrument_name": "BTC-26MAR21-11000-C", "index_price": 10741.96, "direction": "buy", "amount": 0.1}, {"trade_seq": 427, "trade_id": "94464228", "timestamp": 1601928169264, "tick_direction": 1, "price": 0.1785, "mark_price": 0.17679338, "iv": 65.28, "instrument_name": "BTC-26MAR21-11000-C", "index_price": 10741.96, "direction": "buy", "amount": 0.1}, {"trade_seq": 426, "trade_id": "94464227", "timestamp": 1601928169264, "tick_direction": 1, "price": 0.1785, "mark_price": 0.17679338, "iv": 65.28, "instrument_name": "BTC-26MAR21-11000-C", "index_price": 10741.96, "direction": "buy", "amount": 0.1}, {"trade_seq": 425, "trade_id": "94464226", "timestamp": 1601928169264, "tick_direction": 0, "price": 0.1785, "mark_price": 0.17679338, "iv": 65.28, "instrument_name": "BTC-26MAR21-11000-C", "index_price": 10741.96, "direction": "buy", "amount": 0.1}, {"trade_seq": 424, "trade_id": "94464105", "timestamp": 1601928037790, "tick_direction": 2, "price": 0.178, "mark_price": 0.17611566, "iv": 65.17, "instrument_name": "BTC-26MAR21-11000-C", "index_price": 10739.22, "direction": "buy", "amount": 0.1}, {"trade_seq": 423, "trade_id": "94453249", "timestamp": 1601910854696, "tick_direction": 2, "price": 0.1785, "mark_price": 0.17885873, "iv": 65.51, "instrument_name": "BTC-26MAR21-11000-C", "index_price": 10724.78, "direction": "sell", "amount": 0.1}, {"trade_seq": 422, "trade_id": "94450288", "timestamp": 1601906848774, "tick_direction": 1, "price": 0.179, "mark_price": 0.17767157, "iv": 65.52, "instrument_name": "BTC-26MAR21-11000-C", "index_price": 10733.68, "direction": "sell", "amount": 0.1}, {"trade_seq": 421, "trade_id": "94450270", "timestamp": 1601906834294, "tick_direction": 0, "price": 0.179, "mark_price": 0.17763266, "iv": 65.51, "instrument_name": "BTC-26MAR21-11000-C", "index_price": 10733.06, "direction": "sell", "amount": 0.1}, {"trade_seq": 420, "trade_id": "94351081", "timestamp": 1601762135409, "tick_direction": 0, "price": 0.1675, "mark_price": 0.16543391, "iv": 63.41, "instrument_name": "BTC-26MAR21-11000-C", "index_price": 10579.97, "direction": "buy", "amount": 5.0}, {"trade_seq": 419, "trade_id": "94351070", "timestamp": 1601761841298, "tick_direction": 0, "price": 0.167, "mark_price": 0.16537437, "iv": 63.23, "instrument_name": "BTC-26MAR21-11000-C", "index_price": 10579.65, "direction": "buy", "amount": 0.1}, {"trade_seq": 418, "trade_id": "94253122", "timestamp": 1601637639634, "tick_direction": 0, "price": 0.1615, "mark_price": 0.16366719, "iv": 62.62, "instrument_name": "BTC-26MAR21-11000-C", "index_price": 10457.66, "direction": "sell", "amount": 0.3}, {"trade_seq": 417, "trade_id": "94242855", "timestamp": 1601630992052, "tick_direction": 2, "price": 0.16, "mark_price": 0.1622771, "iv": 62.59, "instrument_name": "BTC-26MAR21-11000-C", "index_price": 10431.84, "direction": "sell", "amount": 1.9}, {"trade_seq": 416, "trade_id": "94198990", "timestamp": 1601615065200, "tick_direction": 2, "price": 0.1685, "mark_price": 0.16768525, "iv": 63.83, "instrument_name": "BTC-26MAR21-11000-C", "index_price": 10528.08, "direction": "sell", "amount": 5.0}, {"trade_seq": 415, "trade_id": "94105981", "timestamp": 1601567542421, "tick_direction": 2, "price": 0.1755, "mark_price": 0.17448698, "iv": 63.16, "instrument_name": "BTC-26MAR21-11000-C", "index_price": 10746.73, "direction": "sell", "amount": 1.0}, {"trade_seq": 414, "trade_id": "93886973", "timestamp": 1601335080499, "tick_direction": 2, "price": 0.1805, "mark_price": 0.17922818, "iv": 64.47, "instrument_name": "BTC-26MAR21-11000-C", "index_price": 10749.87, "direction": "sell", "amount": 6.0}, {"trade_seq": 413, "trade_id": "93869238", "timestamp": 1601313887782, "tick_direction": 2, "price": 0.183, "mark_price": 0.18445897, "iv": 63.16, "instrument_name": "BTC-26MAR21-11000-C", "index_price": 10893.24, "direction": "buy", "amount": 1.0}, {"trade_seq": 412, "trade_id": "93827973", "timestamp": 1601263665165, "tick_direction": 0, "price": 0.185, "mark_price": 0.18527046, "iv": 63.49, "instrument_name": "BTC-26MAR21-11000-C", "index_price": 10891.93, "direction": "buy", "amount": 1.0}, {"trade_seq": 411, "trade_id": "93802140", "timestamp": 1601243878615, "tick_direction": 1, "price": 0.1805, "mark_price": 0.17919045, "iv": 64.54, "instrument_name": "BTC-26MAR21-11000-C", "index_price": 10720.3, "direction": "buy", "amount": 0.2}, {"trade_seq": 410, "trade_id": "93802139", "timestamp": 1601243878615, "tick_direction": 0, "price": 0.1805, "mark_price": 0.17919045, "iv": 64.54, "instrument_name": "BTC-26MAR21-11000-C", "index_price": 10720.3, "direction": "buy", "amount": 0.1}, {"trade_seq": 409, "trade_id": "93702589", "timestamp": 1601098667355, "tick_direction": 2, "price": 0.1775, "mark_price": 0.18135209, "iv": 62.93, "instrument_name": "BTC-26MAR21-11000-C", "index_price": 10741.13, "direction": "sell", "amount": 5.0}, {"trade_seq": 408, "trade_id": "93702417", "timestamp": 1601098451811, "tick_direction": 1, "price": 0.1825, "mark_price": 0.18136998, "iv": 64.73, "instrument_name": "BTC-26MAR21-11000-C", "index_price": 10745.11, "direction": "buy", "amount": 1.0}, {"trade_seq": 407, "trade_id": "93702350", "timestamp": 1601098413888, "tick_direction": 0, "price": 0.1825, "mark_price": 0.18120417, "iv": 64.78, "instrument_name": "BTC-26MAR21-11000-C", "index_price": 10741.15, "direction": "buy", "amount": 1.0}, {"trade_seq": 406, "trade_id": "93702346", "timestamp": 1601098330202, "tick_direction": 0, "price": 0.182, "mark_price": 0.18118438, "iv": 64.59, "instrument_name": "BTC-26MAR21-11000-C", "index_price": 10741.89, "direction": "buy", "amount": 3.0}, {"trade_seq": 405, "trade_id": "93690985", "timestamp": 1601078898476, "tick_direction": 2, "price": 0.1795, "mark_price": 0.18210839, "iv": 64.2, "instrument_name": "BTC-26MAR21-11000-C", "index_price": 10704.32, "direction": "sell", "amount": 1.0}, {"trade_seq": 404, "trade_id": "93690684", "timestamp": 1601078606431, "tick_direction": 2, "price": 0.184, "mark_price": 0.18139292, "iv": 66.06, "instrument_name": "BTC-26MAR21-11000-C", "index_price": 10689.32, "direction": "buy", "amount": 1.0}, {"trade_seq": 403, "trade_id": "93673773", "timestamp": 1601057242634, "tick_direction": 0, "price": 0.1865, "mark_price": 0.18303986, "iv": 66.39, "instrument_name": "BTC-26MAR21-11000-C", "index_price": 10726.72, "direction": "buy", "amount": 17.0}, {"trade_seq": 402, "trade_id": "93668147", "timestamp": 1601055057311, "tick_direction": 1, "price": 0.1825, "mark_price": 0.17940569, "iv": 65.8, "instrument_name": "BTC-26MAR21-11000-C", "index_price": 10663.35, "direction": "buy", "amount": 15.6}, {"trade_seq": 401, "trade_id": "93668146", "timestamp": 1601055057311, "tick_direction": 0, "price": 0.1825, "mark_price": 0.17940569, "iv": 65.8, "instrument_name": "BTC-26MAR21-11000-C", "index_price": 10663.35, "direction": "buy", "amount": 12.3}, {"trade_seq": 400, "trade_id": "93641858", "timestamp": 1601036526471, "tick_direction": 2, "price": 0.1815, "mark_price": 0.18189177, "iv": 65.69, "instrument_name": "BTC-26MAR21-11000-C", "index_price": 10637.69, "direction": "buy", "amount": 11.2}, {"trade_seq": 399, "trade_id": "93640633", "timestamp": 1601035703412, "tick_direction": 0, "price": 0.1855, "mark_price": 0.18345446, "iv": 66.52, "instrument_name": "BTC-26MAR21-11000-C", "index_price": 10677.93, "direction": "buy", "amount": 0.1}, {"trade_seq": 398, "trade_id": "93638351", "timestamp": 1601034346537, "tick_direction": 2, "price": 0.1835, "mark_price": 0.18155901, "iv": 66.31, "instrument_name": "BTC-26MAR21-11000-C", "index_price": 10641.31, "direction": "buy", "amount": 1.0}, {"trade_seq": 397, "trade_id": "93595639", "timestamp": 1600992478979, "tick_direction": 1, "price": 0.1935, "mark_price": 0.1905381, "iv": 68.3, "instrument_name": "BTC-26MAR21-11000-C", "index_price": 10742.15, "direction": "buy", "amount": 0.9}, {"trade_seq": 396, "trade_id": "93595605", "timestamp": 1600992470407, "tick_direction": 0, "price": 0.1935, "mark_price": 0.19063701, "iv": 68.26, "instrument_name": "BTC-26MAR21-11000-C", "index_price": 10744.04, "direction": "buy", "amount": 1.0}, {"trade_seq": 395, "trade_id": "93595493", "timestamp": 1600992343469, "tick_direction": 0, "price": 0.193, "mark_price": 0.19064556, "iv": 68.06, "instrument_name": "BTC-26MAR21-11000-C", "index_price": 10744.37, "direction": "buy", "amount": 1.0}, {"trade_seq": 394, "trade_id": "93573479", "timestamp": 1600977137981, "tick_direction": 0, "price": 0.187, "mark_price": 0.18748867, "iv": 67.44, "instrument_name": "BTC-26MAR21-11000-C", "index_price": 10638.1, "direction": "buy", "amount": 1.0}, {"trade_seq": 393, "trade_id": "93523981", "timestamp": 1600960427917, "tick_direction": 2, "price": 0.175, "mark_price": 0.17667453, "iv": 66.79, "instrument_name": "BTC-26MAR21-11000-C", "index_price": 10404.31, "direction": "buy", "amount": 0.1}, {"trade_seq": 392, "trade_id": "93496531", "timestamp": 1600946125945, "tick_direction": 0, "price": 0.179, "mark_price": 0.17679794, "iv": 67.94, "instrument_name": "BTC-26MAR21-11000-C", "index_price": 10417.14, "direction": "buy", "amount": 5.0}, {"trade_seq": 391, "trade_id": "93482738", "timestamp": 1600939868647, "tick_direction": 3, "price": 0.1735, "mark_price": 0.17181672, "iv": 67.52, "instrument_name": "BTC-26MAR21-11000-C", "index_price": 10311.16, "direction": "buy", "amount": 10.0}, {"trade_seq": 390, "trade_id": "93482737", "timestamp": 1600939868647, "tick_direction": 2, "price": 0.1735, "mark_price": 0.17181672, "iv": 67.52, "instrument_name": "BTC-26MAR21-11000-C", "index_price": 10311.16, "direction": "buy", "amount": 0.1}, {"trade_seq": 389, "trade_id": "93475927", "timestamp": 1600933449623, "tick_direction": 0, "price": 0.174, "mark_price": 0.17269947, "iv": 67.45, "instrument_name": "BTC-26MAR21-11000-C", "index_price": 10321.9, "direction": "buy", "amount": 0.1}, {"trade_seq": 388, "trade_id": "93475848", "timestamp": 1600933339358, "tick_direction": 1, "price": 0.1735, "mark_price": 0.17250438, "iv": 67.33, "instrument_name": "BTC-26MAR21-11000-C", "index_price": 10318.1, "direction": "buy", "amount": 0.1}, {"trade_seq": 387, "trade_id": "93475175", "timestamp": 1600931927881, "tick_direction": 0, "price": 0.1735, "mark_price": 0.1724875, "iv": 67.38, "instrument_name": "BTC-26MAR21-11000-C", "index_price": 10315.25, "direction": "buy", "amount": 0.1}, {"trade_seq": 386, "trade_id": "93471472", "timestamp": 1600927253594, "tick_direction": 3, "price": 0.1725, "mark_price": 0.17150848, "iv": 67.42, "instrument_name": "BTC-26MAR21-11000-C", "index_price": 10293.6, "direction": "buy", "amount": 0.1}, {"trade_seq": 385, "trade_id": "93471467", "timestamp": 1600927231114, "tick_direction": 2, "price": 0.1725, "mark_price": 0.17150866, "iv": 67.42, "instrument_name": "BTC-26MAR21-11000-C", "index_price": 10293.8, "direction": "buy", "amount": 0.1}, {"trade_seq": 384, "trade_id": "93466277", "timestamp": 1600917604377, "tick_direction": 2, "price": 0.173, "mark_price": 0.17214435, "iv": 67.31, "instrument_name": "BTC-26MAR21-11000-C", "index_price": 10311.11, "direction": "buy", "amount": 0.1}, {"trade_seq": 383, "trade_id": "93461743", "timestamp": 1600912723034, "tick_direction": 0, "price": 0.1745, "mark_price": 0.1718442, "iv": 68.31, "instrument_name": "BTC-26MAR21-11000-C", "index_price": 10284.7, "direction": "buy", "amount": 16.6}, {"trade_seq": 382, "trade_id": "93461190", "timestamp": 1600911875426, "tick_direction": 1, "price": 0.174, "mark_price": 0.17191964, "iv": 67.98, "instrument_name": "BTC-26MAR21-11000-C", "index_price": 10293.49, "direction": "buy", "amount": 12.0}, {"trade_seq": 381, "trade_id": "93461189", "timestamp": 1600911875426, "tick_direction": 0, "price": 0.174, "mark_price": 0.17191964, "iv": 67.98, "instrument_name": "BTC-26MAR21-11000-C", "index_price": 10293.49, "direction": "buy", "amount": 12.0}, {"trade_seq": 380, "trade_id": "93461179", "timestamp": 1600911848144, "tick_direction": 0, "price": 0.1735, "mark_price": 0.17196148, "iv": 67.79, "instrument_name": "BTC-26MAR21-11000-C", "index_price": 10292.86, "direction": "buy", "amount": 12.0}, {"trade_seq": 379, "trade_id": "93461178", "timestamp": 1600911848144, "tick_direction": 2, "price": 0.173, "mark_price": 0.17196148, "iv": 67.61, "instrument_name": "BTC-26MAR21-11000-C", "index_price": 10292.86, "direction": "buy", "amount": 0.1}, {"trade_seq": 378, "trade_id": "93460552", "timestamp": 1600911092869, "tick_direction": 0, "price": 0.174, "mark_price": 0.17221331, "iv": 67.79, "instrument_name": "BTC-26MAR21-11000-C", "index_price": 10309.79, "direction": "buy", "block_trade_id": "1841", "amount": 250.0}, {"trade_seq": 377, "trade_id": "93453213", "timestamp": 1600906000462, "tick_direction": 1, "price": 0.1695, "mark_price": 0.16657475, "iv": 67.5, "instrument_name": "BTC-26MAR21-11000-C", "index_price": 10208.99, "direction": "buy", "amount": 18.6}, {"trade_seq": 376, "trade_id": "93453212", "timestamp": 1600906000462, "tick_direction": 1, "price": 0.1695, "mark_price": 0.16657475, "iv": 67.5, "instrument_name": "BTC-26MAR21-11000-C", "index_price": 10208.99, "direction": "buy", "amount": 25.0}, {"trade_seq": 375, "trade_id": "93453211", "timestamp": 1600906000462, "tick_direction": 1, "price": 0.1695, "mark_price": 0.16657475, "iv": 67.5, "instrument_name": "BTC-26MAR21-11000-C", "index_price": 10208.99, "direction": "buy", "amount": 6.3}, {"trade_seq": 374, "trade_id": "93453210", "timestamp": 1600906000462, "tick_direction": 0, "price": 0.1695, "mark_price": 0.16657475, "iv": 67.5, "instrument_name": "BTC-26MAR21-11000-C", "index_price": 10208.99, "direction": "buy", "amount": 0.1}, {"trade_seq": 373, "trade_id": "93452658", "timestamp": 1600905840586, "tick_direction": 3, "price": 0.169, "mark_price": 0.1668829, "iv": 67.25, "instrument_name": "BTC-26MAR21-11000-C", "index_price": 10218.67, "direction": "buy", "amount": 6.3}, {"trade_seq": 372, "trade_id": "93452657", "timestamp": 1600905840586, "tick_direction": 2, "price": 0.169, "mark_price": 0.1668829, "iv": 67.25, "instrument_name": "BTC-26MAR21-11000-C", "index_price": 10218.67, "direction": "buy", "amount": 0.1}, {"trade_seq": 371, "trade_id": "93452381", "timestamp": 1600905647417, "tick_direction": 0, "price": 0.1705, "mark_price": 0.16761076, "iv": 67.56, "instrument_name": "BTC-26MAR21-11000-C", "index_price": 10233.03, "direction": "buy", "amount": 31.0}, {"trade_seq": 370, "trade_id": "93452380", "timestamp": 1600905647417, "tick_direction": 2, "price": 0.17, "mark_price": 0.16761076, "iv": 67.38, "instrument_name": "BTC-26MAR21-11000-C", "index_price": 10233.03, "direction": "buy", "amount": 0.1}, {"trade_seq": 369, "trade_id": "93452173", "timestamp": 1600905525439, "tick_direction": 3, "price": 0.171, "mark_price": 0.16739318, "iv": 67.8, "instrument_name": "BTC-26MAR21-11000-C", "index_price": 10231.02, "direction": "buy", "amount": 26.0}, {"trade_seq": 368, "trade_id": "93452142", "timestamp": 1600905467593, "tick_direction": 2, "price": 0.171, "mark_price": 0.16717188, "iv": 67.85, "instrument_name": "BTC-26MAR21-11000-C", "index_price": 10230.0, "direction": "buy", "amount": 16.0}, {"trade_seq": 367, "trade_id": "93452049", "timestamp": 1600905314817, "tick_direction": 0, "price": 0.1715, "mark_price": 0.1669197, "iv": 68.01, "instrument_name": "BTC-26MAR21-11000-C", "index_price": 10234.41, "direction": "buy", "amount": 1.6}