{"trades": [{"trade_seq": 55, "trade_id": "138540935", "timestamp": 1616631677151, "tick_direction": 2, "price": 0.925, "mark_price": 0.92430075, "iv": 500.0, "instrument_name": "BTC-26MAR21-4000-C", "index_price": 52685.83, "direction": "buy", "amount": 0.1}, {"trade_seq": 54, "trade_id": "135122261", "timestamp": 1615497947973, "tick_direction": 0, "price": 0.9316, "mark_price": 0.93166511, "iv": 0.0, "instrument_name": "BTC-26MAR21-4000-C", "index_price": 57768.98, "direction": "buy", "block_trade_id": "9113", "amount": 43.0}, {"trade_seq": 53, "trade_id": "130663496", "timestamp": 1614083997915, "tick_direction": 2, "price": 0.919, "mark_price": 0.91993461, "iv": 0.0, "instrument_name": "BTC-26MAR21-4000-C", "index_price": 48469.8, "direction": "buy", "amount": 0.2}, {"trade_seq": 52, "trade_id": "127700443", "timestamp": 1613335541111, "tick_direction": 1, "price": 0.923, "mark_price": 0.92176253, "iv": 346.6, "instrument_name": "BTC-26MAR21-4000-C", "index_price": 49032.08, "direction": "sell", "amount": 2.0}, {"trade_seq": 51, "trade_id": "127700442", "timestamp": 1613335541109, "tick_direction": 0, "price": 0.923, "mark_price": 0.92176253, "iv": 346.6, "instrument_name": "BTC-26MAR21-4000-C", "index_price": 49032.08, "direction": "buy", "amount": 13.0}, {"trade_seq": 50, "trade_id": "127699732", "timestamp": 1613334999843, "tick_direction": 3, "price": 0.9225, "mark_price": 0.92160219, "iv": 332.43, "instrument_name": "BTC-26MAR21-4000-C", "index_price": 48937.18, "direction": "sell", "amount": 1.0}, {"trade_seq": 49, "trade_id": "127699731", "timestamp": 1613334999831, "tick_direction": 2, "price": 0.9225, "mark_price": 0.92160219, "iv": 332.43, "instrument_name": "BTC-26MAR21-4000-C", "index_price": 48937.18, "direction": "sell", "amount": 14.0}, {"trade_seq": 48, "trade_id": "127698124", "timestamp": 1613333539055, "tick_direction": 1, "price": 0.9235, "mark_price": 0.92159945, "iv": 368.77, "instrument_name": "BTC-26MAR21-4000-C", "index_price": 48926.06, "direction": "buy", "amount": 0.2}, {"trade_seq": 47, "trade_id": "127698109", "timestamp": 1613333528263, "tick_direction": 1, "price": 0.9235, "mark_price": 0.92160355, "iv": 368.68, "instrument_name": "BTC-26MAR21-4000-C", "index_price": 48927.97, "direction": "buy", "amount": 13.0}, {"trade_seq": 46, "trade_id": "127698102", "timestamp": 1613333517932, "tick_direction": 0, "price": 0.9235, "mark_price": 0.92161022, "iv": 368.52, "instrument_name": "BTC-26MAR21-4000-C", "index_price": 48931.1, "direction": "buy", "amount": 0.2}, {"trade_seq": 45, "trade_id": "122789554", "timestamp": 1611880188623, "tick_direction": 0, "price": 0.885, "mark_price": 0.88532696, "iv": 0.0, "instrument_name": "BTC-26MAR21-4000-C", "index_price": 34254.39, "direction": "buy", "amount": 0.1}, {"trade_seq": 44, "trade_id": "112754005", "timestamp": 1609661952196, "tick_direction": 0, "price": 0.879, "mark_price": 0.88758196, "iv": 0.0, "instrument_name": "BTC-26MAR21-4000-C", "index_price": 34165.9, "direction": "sell", "amount": 0.1}, {"trade_seq": 43, "trade_id": "111503437", "timestamp": 1609226217844, "tick_direction": 0, "price": 0.8605, "mark_price": 0.85374585, "iv": 229.84, "instrument_name": "BTC-26MAR21-4000-C", "index_price": 26303.05, "direction": "buy", "amount": 0.9}, {"trade_seq": 42, "trade_id": "111171197", "timestamp": 1609086498726, "tick_direction": 0, "price": 0.8555, "mark_price": 0.85901579, "iv": 0.0, "instrument_name": "BTC-26MAR21-4000-C", "index_price": 26845.91, "direction": "sell", "amount": 3.2}, {"trade_seq": 41, "trade_id": "105518746", "timestamp": 1606825784030, "tick_direction": 0, "price": 0.795, "mark_price": 0.79687497, "iv": 118.15, "instrument_name": "BTC-26MAR21-4000-C", "index_price": 18746.52, "direction": "sell", "amount": 0.1}, {"trade_seq": 40, "trade_id": "105069129", "timestamp": 1606715432261, "tick_direction": 0, "price": 0.7845, "mark_price": 0.79179937, "iv": 0.0, "instrument_name": "BTC-26MAR21-4000-C", "index_price": 18558.97, "direction": "sell", "amount": 5.0}, {"trade_seq": 39, "trade_id": "104034098", "timestamp": 1606379614099, "tick_direction": 0, "price": 0.7695, "mark_price": 0.76780669, "iv": 119.81, "instrument_name": "BTC-26MAR21-4000-C", "index_price": 16669.44, "direction": "buy", "amount": 0.2}, {"trade_seq": 38, "trade_id": "104032852", "timestamp": 1606379579825, "tick_direction": 2, "price": 0.7685, "mark_price": 0.76750215, "iv": 121.29, "instrument_name": "BTC-26MAR21-4000-C", "index_price": 16601.91, "direction": "buy", "amount": 0.2}, {"trade_seq": 37, "trade_id": "103900324", "timestamp": 1606361589355, "tick_direction": 1, "price": 0.7775, "mark_price": 0.77786789, "iv": 96.21, "instrument_name": "BTC-26MAR21-4000-C", "index_price": 17496.1, "direction": "buy", "amount": 0.1}, {"trade_seq": 36, "trade_id": "103900314", "timestamp": 1606361589329, "tick_direction": 1, "price": 0.7775, "mark_price": 0.77786789, "iv": 96.21, "instrument_name": "BTC-26MAR21-4000-C", "index_price": 17496.1, "direction": "buy", "amount": 0.1}, {"trade_seq": 35, "trade_id": "103900313", "timestamp": 1606361589329, "tick_direction": 0, "price": 0.7775, "mark_price": 0.77786789, "iv": 96.21, "instrument_name": "BTC-26MAR21-4000-C", "index_price": 17496.1, "direction": "buy", "amount": 0.2}, {"trade_seq": 34, "trade_id": "97858928", "timestamp": 1604109978273, "tick_direction": 0, "price": 0.708, "mark_price": 0.71925332, "iv": 0.0, "instrument_name": "BTC-26MAR21-4000-C", "index_price": 13664.63, "direction": "sell", "amount": 3.5}, {"trade_seq": 33, "trade_id": "95099342", "timestamp": 1602501535245, "tick_direction": 0, "price": 0.65, "mark_price": 0.65954652, "iv": 0.0, "instrument_name": "BTC-26MAR21-4000-C", "index_price": 11249.74, "direction": "sell", "amount": 2.5}, {"trade_seq": 32, "trade_id": "94230053", "timestamp": 1601624842107, "tick_direction": 0, "price": 0.629, "mark_price": 0.63245666, "iv": 61.96, "instrument_name": "BTC-26MAR21-4000-C", "index_price": 10487.52, "direction": "sell", "amount": 4.0}, {"trade_seq": 31, "trade_id": "94133431", "timestamp": 1601570491099, "tick_direction": 2, "price": 0.628, "mark_price": 0.63594601, "iv": 0.0, "instrument_name": "BTC-26MAR21-4000-C", "index_price": 10540.75, "direction": "sell", "amount": 7.0}, {"trade_seq": 30, "trade_id": "94041259", "timestamp": 1601497901430, "tick_direction": 2, "price": 0.638, "mark_price": 0.64055844, "iv": 68.45, "instrument_name": "BTC-26MAR21-4000-C", "index_price": 10697.54, "direction": "sell", "amount": 5.0}, {"trade_seq": 29, "trade_id": "92884394", "timestamp": 1600416492197, "tick_direction": 0, "price": 0.6485, "mark_price": 0.6545552, "iv": 56.86, "instrument_name": "BTC-26MAR21-4000-C", "index_price": 10950.44, "direction": "sell", "amount": 6.0}, {"trade_seq": 28, "trade_id": "92448661", "timestamp": 1600072068443, "tick_direction": 0, "price": 0.6275, "mark_price": 0.6358683, "iv": 59.87, "instrument_name": "BTC-26MAR21-4000-C", "index_price": 10440.0, "direction": "sell", "amount": 1.5}, {"trade_seq": 27, "trade_id": "92246124", "timestamp": 1599810681050, "tick_direction": 2, "price": 0.6225, "mark_price": 0.63131199, "iv": 64.87, "instrument_name": "BTC-26MAR21-4000-C", "index_price": 10247.29, "direction": "sell", "amount": 2.0}, {"trade_seq": 26, "trade_id": "92139206", "timestamp": 1599719299767, "tick_direction": 0, "price": 0.6275, "mark_price": 0.63757462, "iv": 55.55, "instrument_name": "BTC-26MAR21-4000-C", "index_price": 10383.86, "direction": "sell", "amount": 1.2}, {"trade_seq": 25, "trade_id": "92054930", "timestamp": 1599642038708, "tick_direction": 0, "price": 0.62, "mark_price": 0.63139909, "iv": 57.51, "instrument_name": "BTC-26MAR21-4000-C", "index_price": 10156.1, "direction": "sell", "amount": 0.6}, {"trade_seq": 24, "trade_id": "91625586", "timestamp": 1599382528108, "tick_direction": 1, "price": 0.6195, "mark_price": 0.63132244, "iv": 53.62, "instrument_name": "BTC-26MAR21-4000-C", "index_price": 10236.7, "direction": "sell", "amount": 0.1}, {"trade_seq": 23, "trade_id": "91625504", "timestamp": 1599382490478, "tick_direction": 1, "price": 0.6195, "mark_price": 0.63110348, "iv": 55.94, "instrument_name": "BTC-26MAR21-4000-C", "index_price": 10229.67, "direction": "sell", "amount": 0.5}, {"trade_seq": 22, "trade_id": "91624740", "timestamp": 1599381844529, "tick_direction": 0, "price": 0.6195, "mark_price": 0.6318723, "iv": 40.92, "instrument_name": "BTC-26MAR21-4000-C", "index_price": 10242.78, "direction": "sell", "amount": 0.5}, {"trade_seq": 21, "trade_id": "91617950", "timestamp": 1599376342890, "tick_direction": 0, "price": 0.617, "mark_price": 0.62863369, "iv": 57.87, "instrument_name": "BTC-26MAR21-4000-C", "index_price": 10138.69, "direction": "sell", "amount": 1.0}, {"trade_seq": 20, "trade_id": "91613528", "timestamp": 1599371872509, "tick_direction": 2, "price": 0.616, "mark_price": 0.6275035, "iv": 58.18, "instrument_name": "BTC-26MAR21-4000-C", "index_price": 10125.08, "direction": "sell", "amount": 4.0}, {"trade_seq": 19, "trade_id": "91012177", "timestamp": 1599196938445, "tick_direction": 3, "price": 0.619, "mark_price": 0.6301766, "iv": 54.26, "instrument_name": "BTC-26MAR21-4000-C", "index_price": 10276.33, "direction": "buy", "amount": 4.8}, {"trade_seq": 18, "trade_id": "91012176", "timestamp": 1599196938444, "tick_direction": 2, "price": 0.619, "mark_price": 0.6301766, "iv": 54.26, "instrument_name": "BTC-26MAR21-4000-C", "index_price": 10276.33, "direction": "sell", "amount": 0.2}, {"trade_seq": 17, "trade_id": "90614743", "timestamp": 1599120516521, "tick_direction": 2, "price": 0.661, "mark_price": 0.66881269, "iv": 48.28, "instrument_name": "BTC-26MAR21-4000-C", "index_price": 11402.46, "direction": "sell", "amount": 0.2}, {"trade_seq": 16, "trade_id": "89772416", "timestamp": 1598520955396, "tick_direction": 3, "price": 0.6625, "mark_price": 0.67081175, "iv": 45.08, "instrument_name": "BTC-26MAR21-4000-C", "index_price": 11388.72, "direction": "buy", "amount": 0.8}, {"trade_seq": 15, "trade_id": "89772415", "timestamp": 1598520955394, "tick_direction": 2, "price": 0.6625, "mark_price": 0.67081175, "iv": 45.08, "instrument_name": "BTC-26MAR21-4000-C", "index_price": 11388.72, "direction": "sell", "amount": 0.2}, {"trade_seq": 14, "trade_id": "89276499", "timestamp": 1598062034730, "tick_direction": 0, "price": 0.6665, "mark_price": 0.67452658, "iv": 0.0, "instrument_name": "BTC-26MAR21-4000-C", "index_price": 11471.37, "direction": "sell", "amount": 0.2}, {"trade_seq": 13, "trade_id": "85534959", "timestamp": 1595856041950, "tick_direction": 1, "price": 0.6405, "mark_price": 0.64116886, "iv": 71.34, "instrument_name": "BTC-26MAR21-4000-C", "index_price": 10345.41, "direction": "sell", "amount": 0.2}, {"trade_seq": 12, "trade_id": "85534412", "timestamp": 1595855905047, "tick_direction": 0, "price": 0.6405, "mark_price": 0.64063258, "iv": 72.34, "instrument_name": "BTC-26MAR21-4000-C", "index_price": 10328.06, "direction": "sell", "amount": 0.2}, {"trade_seq": 11, "trade_id": "85209031", "timestamp": 1595670187253, "tick_direction": 1, "price": 0.607, "mark_price": 0.61495549, "iv": 70.75, "instrument_name": "BTC-26MAR21-4000-C", "index_price": 9595.09, "direction": "sell", "amount": 0.2}, {"trade_seq": 10, "trade_id": "85209020", "timestamp": 1595669856465, "tick_direction": 0, "price": 0.607, "mark_price": 0.61495302, "iv": 70.76, "instrument_name": "BTC-26MAR21-4000-C", "index_price": 9594.67, "direction": "sell", "amount": 0.1}, {"trade_seq": 9, "trade_id": "85117740", "timestamp": 1595538320926, "tick_direction": 0, "price": 0.6065, "mark_price": 0.61523114, "iv": 71.63, "instrument_name": "BTC-26MAR21-4000-C", "index_price": 9587.07, "direction": "sell", "amount": 0.2}, {"trade_seq": 8, "trade_id": "84994889", "timestamp": 1595404979982, "tick_direction": 1, "price": 0.594, "mark_price": 0.60839394, "iv": 69.93, "instrument_name": "BTC-26MAR21-4000-C", "index_price": 9306.69, "direction": "sell", "amount": 0.1}, {"trade_seq": 7, "trade_id": "84994644", "timestamp": 1595404881961, "tick_direction": 0, "price": 0.594, "mark_price": 0.6075766, "iv": 69.96, "instrument_name": "BTC-26MAR21-4000-C", "index_price": 9305.61, "direction": "sell", "amount": 0.4}, {"trade_seq": 6, "trade_id": "84308399", "timestamp": 1594148451973, "tick_direction": 2, "price": 0.59, "mark_price": 0.6043254, "iv": 69.54, "instrument_name": "BTC-26MAR21-4000-C", "index_price": 9270.65, "direction": "sell", "amount": 0.1}, {"trade_seq": 5, "trade_id": "84247228", "timestamp": 1594050787199, "tick_direction": 0, "price": 0.621, "mark_price": 0.60601423, "iv": 99.61, "instrument_name": "BTC-26MAR21-4000-C", "index_price": 9298.02, "direction": "buy", "amount": 0.1}, {"trade_seq": 4, "trade_id": "83644076", "timestamp": 1593237260754, "tick_direction": 0, "price": 0.5915, "mark_price": 0.6027504, "iv": 76.6, "instrument_name": "BTC-26MAR21-4000-C", "index_price": 9155.12, "direction": "sell", "amount": 0.2}, {"trade_seq": 3, "trade_id": "83576747", "timestamp": 1593165290605, "tick_direction": 2, "price": 0.5865, "mark_price": 0.60299097, "iv": 68.38, "instrument_name": "BTC-26MAR21-4000-C", "index_price": 9200.89, "direction": "sell", "amount": 0.1}, {"trade_seq": 2, "trade_id": "83566997", "timestamp": 1593161535523, "tick_direction": 0, "price": 0.618, "mark_price": 0.59873452, "iv": 101.47, "instrument_name": "BTC-26MAR21-4000-C", "index_price": 9102.83, "direction": "buy", "amount": 3.2}, {"trade_seq": 1, "trade_id": "83565024", "timestamp": 1593160603907, "tick_direction": 1, "price": 0.582, "mark_price": 0.59776896, "iv": 69.02, "instrument_name": "BTC-26MAR21-4000-C", "index_price": 9117.66, "direction": "sell", "amount": 0.1}], "has_more": false}