{"trades": [{"trade_seq": 679, "trade_id": "238339678", "timestamp": 1672239810543, "tick_direction": 2, "price": 0.1, "mark_price": 0.10596545, "iv": 0.0, "instrument_name": "BTC-30DEC22-15000-C", "index_price": 16758.35, "direction": "sell", "amount": 0.1}, {"trade_seq": 678, "trade_id": "238252146", "timestamp": 1671909962971, "tick_direction": 0, "price": 0.1105, "mark_price": 0.11005892, "iv": 59.24, "instrument_name": "BTC-30DEC22-15000-C", "index_price": 16850.72, "direction": "sell", "amount": 1.2}, {"trade_seq": 677, "trade_id": "238251366", "timestamp": 1671899078944, "tick_direction": 0, "price": 0.109, "mark_price": 0.1089653, "iv": 54.86, "instrument_name": "BTC-30DEC22-15000-C", "index_price": 16833.5, "direction": "buy", "amount": 0.2}, {"trade_seq": 676, "trade_id": "238251364", "timestamp": 1671899076134, "tick_direction": 2, "price": 0.108, "mark_price": 0.10896576, "iv": 42.2, "instrument_name": "BTC-30DEC22-15000-C", "index_price": 16833.56, "direction": "buy", "amount": 0.2}, {"trade_seq": 675, "trade_id": "238216783", "timestamp": 1671786811357, "tick_direction": 2, "price": 0.11, "mark_price": 0.11004935, "iv": 55.31, "instrument_name": "BTC-30DEC22-15000-C", "index_price": 16836.12, "direction": "buy", "amount": 1.0}, {"trade_seq": 674, "trade_id": "238216748", "timestamp": 1671786694478, "tick_direction": 3, "price": 0.1105, "mark_price": 0.11012392, "iv": 57.6, "instrument_name": "BTC-30DEC22-15000-C", "index_price": 16836.19, "direction": "sell", "amount": 0.2}, {"trade_seq": 673, "trade_id": "238216744", "timestamp": 1671786694444, "tick_direction": 3, "price": 0.1105, "mark_price": 0.11012392, "iv": 57.6, "instrument_name": "BTC-30DEC22-15000-C", "index_price": 16836.19, "direction": "sell", "amount": 0.7}, {"trade_seq": 672, "trade_id": "238216742", "timestamp": 1671786694432, "tick_direction": 2, "price": 0.1105, "mark_price": 0.11012392, "iv": 57.6, "instrument_name": "BTC-30DEC22-15000-C", "index_price": 16836.19, "direction": "sell", "amount": 0.1}, {"trade_seq": 671, "trade_id": "238216646", "timestamp": 1671786502233, "tick_direction": 1, "price": 0.111, "mark_price": 0.11011341, "iv": 60.05, "instrument_name": "BTC-30DEC22-15000-C", "index_price": 16837.46, "direction": "sell", "amount": 1.0}, {"trade_seq": 670, "trade_id": "238216645", "timestamp": 1671786500090, "tick_direction": 1, "price": 0.111, "mark_price": 0.11010949, "iv": 60.08, "instrument_name": "BTC-30DEC22-15000-C", "index_price": 16837.33, "direction": "sell", "amount": 1.0}, {"trade_seq": 669, "trade_id": "238216643", "timestamp": 1671786497473, "tick_direction": 1, "price": 0.111, "mark_price": 0.11010435, "iv": 60.12, "instrument_name": "BTC-30DEC22-15000-C", "index_price": 16837.22, "direction": "sell", "amount": 1.0}, {"trade_seq": 668, "trade_id": "238216638", "timestamp": 1671786485389, "tick_direction": 1, "price": 0.111, "mark_price": 0.11011033, "iv": 60.07, "instrument_name": "BTC-30DEC22-15000-C", "index_price": 16837.47, "direction": "sell", "amount": 1.0}, {"trade_seq": 667, "trade_id": "238216603", "timestamp": 1671786407164, "tick_direction": 1, "price": 0.111, "mark_price": 0.11009027, "iv": 60.07, "instrument_name": "BTC-30DEC22-15000-C", "index_price": 16837.01, "direction": "sell", "amount": 1.0}, {"trade_seq": 666, "trade_id": "238216602", "timestamp": 1671786404478, "tick_direction": 1, "price": 0.111, "mark_price": 0.11008133, "iv": 60.11, "instrument_name": "BTC-30DEC22-15000-C", "index_price": 16836.86, "direction": "sell", "amount": 1.0}, {"trade_seq": 665, "trade_id": "238216601", "timestamp": 1671786397478, "tick_direction": 1, "price": 0.111, "mark_price": 0.1100759, "iv": 60.13, "instrument_name": "BTC-30DEC22-15000-C", "index_price": 16836.92, "direction": "sell", "amount": 1.0}, {"trade_seq": 664, "trade_id": "238216594", "timestamp": 1671786370394, "tick_direction": 0, "price": 0.111, "mark_price": 0.11008929, "iv": 60.02, "instrument_name": "BTC-30DEC22-15000-C", "index_price": 16837.27, "direction": "sell", "amount": 1.0}, {"trade_seq": 663, "trade_id": "238216529", "timestamp": 1671786190841, "tick_direction": 3, "price": 0.1105, "mark_price": 0.10997097, "iv": 57.93, "instrument_name": "BTC-30DEC22-15000-C", "index_price": 16836.8, "direction": "sell", "amount": 1.0}, {"trade_seq": 662, "trade_id": "238216528", "timestamp": 1671786180098, "tick_direction": 2, "price": 0.1105, "mark_price": 0.10997623, "iv": 57.86, "instrument_name": "BTC-30DEC22-15000-C", "index_price": 16837.08, "direction": "sell", "amount": 1.0}, {"trade_seq": 661, "trade_id": "238090597", "timestamp": 1671546176436, "tick_direction": 0, "price": 0.1115, "mark_price": 0.11156084, "iv": 62.24, "instrument_name": "BTC-30DEC22-15000-C", "index_price": 16790.74, "direction": "buy", "amount": 1.0}, {"trade_seq": 660, "trade_id": "238007681", "timestamp": 1671419600329, "tick_direction": 3, "price": 0.11, "mark_price": 0.11070888, "iv": 67.65, "instrument_name": "BTC-30DEC22-15000-C", "index_price": 16674.07, "direction": "buy", "amount": 8.8}, {"trade_seq": 659, "trade_id": "238007672", "timestamp": 1671419599751, "tick_direction": 3, "price": 0.11, "mark_price": 0.11070888, "iv": 67.65, "instrument_name": "BTC-30DEC22-15000-C", "index_price": 16674.07, "direction": "buy", "amount": 0.4}, {"trade_seq": 658, "trade_id": "238007664", "timestamp": 1671419596044, "tick_direction": 3, "price": 0.11, "mark_price": 0.1105694, "iv": 67.98, "instrument_name": "BTC-30DEC22-15000-C", "index_price": 16671.07, "direction": "buy", "amount": 0.6}, {"trade_seq": 657, "trade_id": "238007660", "timestamp": 1671419594360, "tick_direction": 2, "price": 0.11, "mark_price": 0.11052317, "iv": 67.96, "instrument_name": "BTC-30DEC22-15000-C", "index_price": 16670.82, "direction": "buy", "amount": 0.2}, {"trade_seq": 656, "trade_id": "237935545", "timestamp": 1671231939412, "tick_direction": 2, "price": 0.112, "mark_price": 0.11143013, "iv": 66.72, "instrument_name": "BTC-30DEC22-15000-C", "index_price": 16679.49, "direction": "sell", "amount": 1.0}, {"trade_seq": 655, "trade_id": "237896325", "timestamp": 1671201913777, "tick_direction": 0, "price": 0.1275, "mark_price": 0.1268271, "iv": 62.11, "instrument_name": "BTC-30DEC22-15000-C", "index_price": 17063.75, "direction": "buy", "amount": 0.1}, {"trade_seq": 654, "trade_id": "237896046", "timestamp": 1671201829112, "tick_direction": 2, "price": 0.1265, "mark_price": 0.12591292, "iv": 61.72, "instrument_name": "BTC-30DEC22-15000-C", "index_price": 17049.31, "direction": "buy", "amount": 0.1}, {"trade_seq": 653, "trade_id": "237792680", "timestamp": 1671096182890, "tick_direction": 0, "price": 0.16, "mark_price": 0.15678699, "iv": 73.36, "instrument_name": "BTC-30DEC22-15000-C", "index_price": 17671.73, "direction": "sell", "amount": 0.1}, {"trade_seq": 652, "trade_id": "237656787", "timestamp": 1670941156434, "tick_direction": 1, "price": 0.17, "mark_price": 0.16998006, "iv": 68.97, "instrument_name": "BTC-30DEC22-15000-C", "index_price": 17938.9, "direction": "buy", "amount": 0.8}, {"trade_seq": 651, "trade_id": "237656769", "timestamp": 1670941127712, "tick_direction": 0, "price": 0.17, "mark_price": 0.16983276, "iv": 69.3, "instrument_name": "BTC-30DEC22-15000-C", "index_price": 17936.88, "direction": "buy", "amount": 2.0}, {"trade_seq": 650, "trade_id": "237656762", "timestamp": 1670941093646, "tick_direction": 3, "price": 0.1695, "mark_price": 0.16971324, "iv": 68.19, "instrument_name": "BTC-30DEC22-15000-C", "index_price": 17932.34, "direction": "buy", "amount": 2.0}, {"trade_seq": 649, "trade_id": "237656735", "timestamp": 1670941066535, "tick_direction": 2, "price": 0.1695, "mark_price": 0.16938623, "iv": 69.07, "instrument_name": "BTC-30DEC22-15000-C", "index_price": 17925.27, "direction": "buy", "amount": 1.0}, {"trade_seq": 648, "trade_id": "237656168", "timestamp": 1670940856433, "tick_direction": 0, "price": 0.17, "mark_price": 0.16984151, "iv": 69.09, "instrument_name": "BTC-30DEC22-15000-C", "index_price": 17934.26, "direction": "buy", "amount": 1.0}, {"trade_seq": 647, "trade_id": "237630628", "timestamp": 1670935370538, "tick_direction": 0, "price": 0.152, "mark_price": 0.15192054, "iv": 70.74, "instrument_name": "BTC-30DEC22-15000-C", "index_price": 17463.46, "direction": "sell", "amount": 0.4}, {"trade_seq": 646, "trade_id": "237622083", "timestamp": 1670926413660, "tick_direction": 2, "price": 0.149, "mark_price": 0.14909075, "iv": 69.83, "instrument_name": "BTC-30DEC22-15000-C", "index_price": 17403.41, "direction": "buy", "amount": 0.4}, {"trade_seq": 645, "trade_id": "237621853", "timestamp": 1670926268120, "tick_direction": 2, "price": 0.1495, "mark_price": 0.14912877, "iv": 70.65, "instrument_name": "BTC-30DEC22-15000-C", "index_price": 17408.48, "direction": "sell", "amount": 0.4}, {"trade_seq": 644, "trade_id": "237621524", "timestamp": 1670926125560, "tick_direction": 0, "price": 0.15, "mark_price": 0.14984778, "iv": 70.15, "instrument_name": "BTC-30DEC22-15000-C", "index_price": 17429.65, "direction": "sell", "amount": 0.4}, {"trade_seq": 643, "trade_id": "237620270", "timestamp": 1670925857499, "tick_direction": 0, "price": 0.145, "mark_price": 0.14903801, "iv": 60.69, "instrument_name": "BTC-30DEC22-15000-C", "index_price": 17413.1, "direction": "buy", "amount": 0.2}, {"trade_seq": 642, "trade_id": "237576227", "timestamp": 1670846282497, "tick_direction": 0, "price": 0.13, "mark_price": 0.1301184, "iv": 63.87, "instrument_name": "BTC-30DEC22-15000-C", "index_price": 16986.7, "direction": "buy", "amount": 1.0}, {"trade_seq": 641, "trade_id": "237574449", "timestamp": 1670838359569, "tick_direction": 3, "price": 0.1295, "mark_price": 0.12947932, "iv": 63.73, "instrument_name": "BTC-30DEC22-15000-C", "index_price": 16970.15, "direction": "buy", "amount": 1.0}, {"trade_seq": 640, "trade_id": "237574443", "timestamp": 1670838353236, "tick_direction": 3, "price": 0.1295, "mark_price": 0.12944816, "iv": 63.79, "instrument_name": "BTC-30DEC22-15000-C", "index_price": 16968.82, "direction": "buy", "amount": 0.7}, {"trade_seq": 639, "trade_id": "237574440", "timestamp": 1670838353231, "tick_direction": 3, "price": 0.1295, "mark_price": 0.12944816, "iv": 63.79, "instrument_name": "BTC-30DEC22-15000-C", "index_price": 16968.82, "direction": "buy", "amount": 0.4}, {"trade_seq": 638, "trade_id": "237574439", "timestamp": 1670838353196, "tick_direction": 2, "price": 0.1295, "mark_price": 0.12944816, "iv": 63.79, "instrument_name": "BTC-30DEC22-15000-C", "index_price": 16968.82, "direction": "buy", "amount": 1.1}, {"trade_seq": 637, "trade_id": "237515571", "timestamp": 1670601721496, "tick_direction": 0, "price": 0.142, "mark_price": 0.15244227, "iv": 66.66, "instrument_name": "BTC-30DEC22-15000-C", "index_price": 17179.09, "direction": "buy", "amount": 0.1}, {"trade_seq": 636, "trade_id": "237399535", "timestamp": 1670397515277, "tick_direction": 2, "price": 0.126, "mark_price": 0.12473502, "iv": 61.28, "instrument_name": "BTC-30DEC22-15000-C", "index_price": 16806.72, "direction": "buy", "amount": 0.1}, {"trade_seq": 635, "trade_id": "237383449", "timestamp": 1670367561782, "tick_direction": 2, "price": 0.133, "mark_price": 0.13274679, "iv": 60.96, "instrument_name": "BTC-30DEC22-15000-C", "index_price": 16975.48, "direction": "sell", "amount": 0.1}, {"trade_seq": 634, "trade_id": "237166432", "timestamp": 1669991755757, "tick_direction": 0, "price": 0.135, "mark_price": 0.13492614, "iv": 60.98, "instrument_name": "BTC-30DEC22-15000-C", "index_price": 16929.08, "direction": "sell", "amount": 0.1}, {"trade_seq": 633, "trade_id": "237116142", "timestamp": 1669928521998, "tick_direction": 2, "price": 0.1335, "mark_price": 0.13389428, "iv": 59.8, "instrument_name": "BTC-30DEC22-15000-C", "index_price": 16902.59, "direction": "sell", "amount": 0.1}, {"trade_seq": 632, "trade_id": "237067991", "timestamp": 1669890290573, "tick_direction": 2, "price": 0.1445, "mark_price": 0.14420582, "iv": 64.05, "instrument_name": "BTC-30DEC22-15000-C", "index_price": 17094.84, "direction": "sell", "amount": 0.1}, {"trade_seq": 631, "trade_id": "237022168", "timestamp": 1669842955290, "tick_direction": 1, "price": 0.145, "mark_price": 0.14444802, "iv": 66.1, "instrument_name": "BTC-30DEC22-15000-C", "index_price": 17048.0, "direction": "sell", "amount": 0.1}, {"trade_seq": 630, "trade_id": "237022167", "timestamp": 1669842955273, "tick_direction": 1, "price": 0.145, "mark_price": 0.14444802, "iv": 66.1, "instrument_name": "BTC-30DEC22-15000-C", "index_price": 17048.0, "direction": "sell", "amount": 0.4}, {"trade_seq": 629, "trade_id": "237022154", "timestamp": 1669842953490, "tick_direction": 1, "price": 0.145, "mark_price": 0.14448899, "iv": 66.01, "instrument_name": "BTC-30DEC22-15000-C", "index_price": 17050.12, "direction": "sell", "amount": 0.1}, {"trade_seq": 628, "trade_id": "237022153", "timestamp": 1669842953481, "tick_direction": 1, "price": 0.145, "mark_price": 0.14448899, "iv": 66.01, "instrument_name": "BTC-30DEC22-15000-C", "index_price": 17050.12, "direction": "sell", "amount": 0.1}, {"trade_seq": 627, "trade_id": "237022152", "timestamp": 1669842953469, "tick_direction": 1, "price": 0.145, "mark_price": 0.14448899, "iv": 66.01, "instrument_name": "BTC-30DEC22-15000-C", "index_price": 17050.12, "direction": "sell", "amount": 0.2}, {"trade_seq": 626, "trade_id": "237022151", "timestamp": 1669842953271, "tick_direction": 1, "price": 0.145, "mark_price": 0.14448899, "iv": 66.01, "instrument_name": "BTC-30DEC22-15000-C", "index_price": 17050.12, "direction": "sell", "amount": 0.3}, {"trade_seq": 625, "trade_id": "237022150", "timestamp": 1669842953261, "tick_direction": 1, "price": 0.145, "mark_price": 0.14448899, "iv": 66.01, "instrument_name": "BTC-30DEC22-15000-C", "index_price": 17050.12, "direction": "sell", "amount": 1.9}, {"trade_seq": 624, "trade_id": "237022134", "timestamp": 1669842951267, "tick_direction": 1, "price": 0.145, "mark_price": 0.14451765, "iv": 65.97, "instrument_name": "BTC-30DEC22-15000-C", "index_price": 17050.94, "direction": "sell", "amount": 0.1}, {"trade_seq": 623, "trade_id": "237022133", "timestamp": 1669842951216, "tick_direction": 1, "price": 0.145, "mark_price": 0.14451765, "iv": 65.97, "instrument_name": "BTC-30DEC22-15000-C", "index_price": 17050.94, "direction": "sell", "amount": 0.1}, {"trade_seq": 622, "trade_id": "237022132", "timestamp": 1669842951199, "tick_direction": 0, "price": 0.145, "mark_price": 0.14451765, "iv": 65.97, "instrument_name": "BTC-30DEC22-15000-C", "index_price": 17050.94, "direction": "sell", "amount": 1.7}, {"trade_seq": 621, "trade_id": "236976635", "timestamp": 1669810999820, "tick_direction": 1, "price": 0.1375, "mark_price": 0.13665364, "iv": 64.56, "instrument_name": "BTC-30DEC22-15000-C", "index_price": 16875.58, "direction": "sell", "amount": 0.1}, {"trade_seq": 620, "trade_id": "236976440", "timestamp": 1669809779205, "tick_direction": 1, "price": 0.1375, "mark_price": 0.13665163, "iv": 64.57, "instrument_name": "BTC-30DEC22-15000-C", "index_price": 16874.38, "direction": "sell", "amount": 0.1}, {"trade_seq": 619, "trade_id": "236976439", "timestamp": 1669809779193, "tick_direction": 1, "price": 0.1375, "mark_price": 0.13665163, "iv": 64.57, "instrument_name": "BTC-30DEC22-15000-C", "index_price": 16874.38, "direction": "sell", "amount": 0.2}, {"trade_seq": 618, "trade_id": "236976438", "timestamp": 1669809779183, "tick_direction": 1, "price": 0.1375, "mark_price": 0.13665163, "iv": 64.57, "instrument_name": "BTC-30DEC22-15000-C", "index_price": 16874.38, "direction": "sell", "amount": 0.3}, {"trade_seq": 617, "trade_id": "236976428", "timestamp": 1669809718254, "tick_direction": 1, "price": 0.1375, "mark_price": 0.1368334, "iv": 64.37, "instrument_name": "BTC-30DEC22-15000-C", "index_price": 16876.86, "direction": "sell", "amount": 0.1}, {"trade_seq": 616, "trade_id": "236976422", "timestamp": 1669809712883, "tick_direction": 1, "price": 0.1375, "mark_price": 0.13689378, "iv": 64.3, "instrument_name": "BTC-30DEC22-15000-C", "index_price": 16877.86, "direction": "sell", "amount": 0.1}, {"trade_seq": 615, "trade_id": "236976421", "timestamp": 1669809712859, "tick_direction": 0, "price": 0.1375, "mark_price": 0.13689378, "iv": 64.3, "instrument_name": "BTC-30DEC22-15000-C", "index_price": 16877.86, "direction": "sell", "amount": 0.1}, {"trade_seq": 614, "trade_id": "236884363", "timestamp": 1669693027426, "tick_direction": 0, "price": 0.118, "mark_price": 0.11768445, "iv": 66.19, "instrument_name": "BTC-30DEC22-15000-C", "index_price": 16266.74, "direction": "sell", "amount": 0.2}, {"trade_seq": 613, "trade_id": "236881785", "timestamp": 1669687109154, "tick_direction": 1, "price": 0.1145, "mark_price": 0.11683411, "iv": 63.48, "instrument_name": "BTC-30DEC22-15000-C", "index_price": 16243.99, "direction": "sell", "amount": 1.0}, {"trade_seq": 612, "trade_id": "236881671", "timestamp": 1669686829466, "tick_direction": 0, "price": 0.1145, "mark_price": 0.11702107, "iv": 63.32, "instrument_name": "BTC-30DEC22-15000-C", "index_price": 16246.6, "direction": "sell", "amount": 1.0}, {"trade_seq": 611, "trade_id": "236881667", "timestamp": 1669686817684, "tick_direction": 0, "price": 0.113, "mark_price": 0.11698941, "iv": 61.88, "instrument_name": "BTC-30DEC22-15000-C", "index_price": 16245.55, "direction": "sell", "amount": 2.0}, {"trade_seq": 610, "trade_id": "236879507", "timestamp": 1669682520694, "tick_direction": 1, "price": 0.112, "mark_price": 0.11408668, "iv": 63.49, "instrument_name": "BTC-30DEC22-15000-C", "index_price": 16174.86, "direction": "sell", "amount": 0.1}, {"trade_seq": 609, "trade_id": "236879506", "timestamp": 1669682520694, "tick_direction": 0, "price": 0.112, "mark_price": 0.11408668, "iv": 63.49, "instrument_name": "BTC-30DEC22-15000-C", "index_price": 16174.86, "direction": "sell", "amount": 3.9}, {"trade_seq": 608, "trade_id": "236879165", "timestamp": 1669681875707, "tick_direction": 2, "price": 0.111, "mark_price": 0.11271468, "iv": 63.81, "instrument_name": "BTC-30DEC22-15000-C", "index_price": 16143.51, "direction": "sell", "amount": 3.0}, {"trade_seq": 607, "trade_id": "236878196", "timestamp": 1669680908687, "tick_direction": 2, "price": 0.1115, "mark_price": 0.1126707, "iv": 64.23, "instrument_name": "BTC-30DEC22-15000-C", "index_price": 16147.16, "direction": "sell", "amount": 1.0}, {"trade_seq": 606, "trade_id": "236874302", "timestamp": 1669671601446, "tick_direction": 3, "price": 0.112, "mark_price": 0.11507975, "iv": 62.62, "instrument_name": "BTC-30DEC22-15000-C", "index_price": 16206.35, "direction": "sell", "amount": 0.2}, {"trade_seq": 605, "trade_id": "236874301", "timestamp": 1669671600779, "tick_direction": 3, "price": 0.112, "mark_price": 0.11507878, "iv": 62.63, "instrument_name": "BTC-30DEC22-15000-C", "index_price": 16206.05, "direction": "buy", "amount": 1.0}, {"trade_seq": 604, "trade_id": "236848017", "timestamp": 1669648985055, "tick_direction": 2, "price": 0.112, "mark_price": 0.1126944, "iv": 64.42, "instrument_name": "BTC-30DEC22-15000-C", "index_price": 16143.38, "direction": "sell", "amount": 10.0}, {"trade_seq": 603, "trade_id": "236741758", "timestamp": 1669393366500, "tick_direction": 2, "price": 0.127, "mark_price": 0.12779904, "iv": 65.62, "instrument_name": "BTC-30DEC22-15000-C", "index_price": 16454.24, "direction": "buy", "amount": 0.1}, {"trade_seq": 602, "trade_id": "236734501", "timestamp": 1669383675324, "tick_direction": 2, "price": 0.13, "mark_price": 0.12822363, "iv": 67.74, "instrument_name": "BTC-30DEC22-15000-C", "index_price": 16480.49, "direction": "sell", "amount": 10.0}, {"trade_seq": 601, "trade_id": "236669104", "timestamp": 1669275855616, "tick_direction": 0, "price": 0.1445, "mark_price": 0.14284394, "iv": 75.15, "instrument_name": "BTC-30DEC22-15000-C", "index_price": 16689.36, "direction": "buy", "amount": 0.1}, {"trade_seq": 600, "trade_id": "236668648", "timestamp": 1669274532822, "tick_direction": 3, "price": 0.141, "mark_price": 0.14257436, "iv": 72.16, "instrument_name": "BTC-30DEC22-15000-C", "index_price": 16681.7, "direction": "sell", "amount": 0.3}, {"trade_seq": 599, "trade_id": "236668646", "timestamp": 1669274531925, "tick_direction": 3, "price": 0.141, "mark_price": 0.14257721, "iv": 72.16, "instrument_name": "BTC-30DEC22-15000-C", "index_price": 16681.76, "direction": "sell", "amount": 0.4}, {"trade_seq": 598, "trade_id": "236668645", "timestamp": 1669274531074, "tick_direction": 3, "price": 0.141, "mark_price": 0.14257733, "iv": 72.16, "instrument_name": "BTC-30DEC22-15000-C", "index_price": 16681.76, "direction": "sell", "amount": 0.4}, {"trade_seq": 597, "trade_id": "236668644", "timestamp": 1669274530162, "tick_direction": 3, "price": 0.141, "mark_price": 0.14257438, "iv": 72.16, "instrument_name": "BTC-30DEC22-15000-C", "index_price": 16681.76, "direction": "sell", "amount": 0.4}, {"trade_seq": 596, "trade_id": "236668643", "timestamp": 1669274529398, "tick_direction": 2, "price": 0.141, "mark_price": 0.14257586, "iv": 72.16, "instrument_name": "BTC-30DEC22-15000-C", "index_price": 16681.67, "direction": "sell", "amount": 0.4}, {"trade_seq": 595, "trade_id": "236664163", "timestamp": 1669261639609, "tick_direction": 2, "price": 0.142, "mark_price": 0.14365926, "iv": 72.4, "instrument_name": "BTC-30DEC22-15000-C", "index_price": 16701.63, "direction": "sell", "amount": 0.4}, {"trade_seq": 594, "trade_id": "236662888", "timestamp": 1669258739829, "tick_direction": 2, "price": 0.1435, "mark_price": 0.14350601, "iv": 74.01, "instrument_name": "BTC-30DEC22-15000-C", "index_price": 16688.09, "direction": "sell", "amount": 0.4}, {"trade_seq": 593, "trade_id": "236659224", "timestamp": 1669254641339, "tick_direction": 0, "price": 0.1475, "mark_price": 0.1448494, "iv": 76.19, "instrument_name": "BTC-30DEC22-15000-C", "index_price": 16727.95, "direction": "buy", "amount": 0.1}, {"trade_seq": 592, "trade_id": "236566042", "timestamp": 1669133468946, "tick_direction": 0, "price": 0.13, "mark_price": 0.12988612, "iv": 76.03, "instrument_name": "BTC-30DEC22-15000-C", "index_price": 16189.83, "direction": "sell", "amount": 0.1}, {"trade_seq": 591, "trade_id": "236552253", "timestamp": 1669124997736, "tick_direction": 1, "price": 0.1225, "mark_price": 0.12366279, "iv": 74.78, "instrument_name": "BTC-30DEC22-15000-C", "index_price": 15995.07, "direction": "sell", "amount": 2.0}, {"trade_seq": 590, "trade_id": "236552028", "timestamp": 1669124859400, "tick_direction": 0, "price": 0.1225, "mark_price": 0.12435475, "iv": 74.5, "instrument_name": "BTC-30DEC22-15000-C", "index_price": 16008.05, "direction": "sell", "amount": 1.0}, {"trade_seq": 589, "trade_id": "236525020", "timestamp": 1669087229534, "tick_direction": 3, "price": 0.119, "mark_price": 0.11829618, "iv": 75.05, "instrument_name": "BTC-30DEC22-15000-C", "index_price": 15844.11, "direction": "buy", "amount": 0.1}, {"trade_seq": 588, "trade_id": "236525019", "timestamp": 1669087229532, "tick_direction": 3, "price": 0.119, "mark_price": 0.11829618, "iv": 75.05, "instrument_name": "BTC-30DEC22-15000-C", "index_price": 15844.11, "direction": "buy", "amount": 0.3}, {"trade_seq": 587, "trade_id": "236525018", "timestamp": 1669087229528, "tick_direction": 2, "price": 0.119, "mark_price": 0.11829618, "iv": 75.05, "instrument_name": "BTC-30DEC22-15000-C", "index_price": 15844.11, "direction": "buy", "amount": 1.5}, {"trade_seq": 586, "trade_id": "236518233", "timestamp": 1669076545786, "tick_direction": 0, "price": 0.1215, "mark_price": 0.1204774, "iv": 75.77, "instrument_name": "BTC-30DEC22-15000-C", "index_price": 15891.63, "direction": "buy", "amount": 4.5}, {"trade_seq": 585, "trade_id": "236503759", "timestamp": 1669066161541, "tick_direction": 0, "price": 0.12, "mark_price": 0.11922241, "iv": 76.53, "instrument_name": "BTC-30DEC22-15000-C", "index_price": 15790.54, "direction": "buy", "amount": 0.1}, {"trade_seq": 584, "trade_id": "236499854", "timestamp": 1669062445011, "tick_direction": 0, "price": 0.118, "mark_price": 0.11839062, "iv": 75.87, "instrument_name": "BTC-30DEC22-15000-C", "index_price": 15762.33, "direction": "buy", "amount": 0.1}, {"trade_seq": 583, "trade_id": "236491498", "timestamp": 1669059511201, "tick_direction": 2, "price": 0.114, "mark_price": 0.11432288, "iv": 75.33, "instrument_name": "BTC-30DEC22-15000-C", "index_price": 15653.57, "direction": "buy", "amount": 0.1}, {"trade_seq": 582, "trade_id": "236480097", "timestamp": 1669052165960, "tick_direction": 3, "price": 0.124, "mark_price": 0.12485352, "iv": 74.36, "instrument_name": "BTC-30DEC22-15000-C", "index_price": 16011.79, "direction": "buy", "amount": 5.0}, {"trade_seq": 581, "trade_id": "236480091", "timestamp": 1669052164735, "tick_direction": 3, "price": 0.124, "mark_price": 0.12484732, "iv": 74.36, "instrument_name": "BTC-30DEC22-15000-C", "index_price": 16011.68, "direction": "buy", "amount": 5.0}, {"trade_seq": 580, "trade_id": "236480078", "timestamp": 1669052153275, "tick_direction": 3, "price": 0.124, "mark_price": 0.12474668, "iv": 74.45, "instrument_name": "BTC-30DEC22-15000-C", "index_price": 16008.76, "direction": "buy", "amount": 5.0}, {"trade_seq": 579, "trade_id": "236480077", "timestamp": 1669052150803, "tick_direction": 3, "price": 0.124, "mark_price": 0.12467682, "iv": 74.51, "instrument_name": "BTC-30DEC22-15000-C", "index_price": 16005.7, "direction": "buy", "amount": 5.0}, {"trade_seq": 578, "trade_id": "236479935", "timestamp": 1669052012345, "tick_direction": 2, "price": 0.124, "mark_price": 0.12452962, "iv": 74.6, "instrument_name": "BTC-30DEC22-15000-C", "index_price": 15999.89, "direction": "buy", "amount": 0.2}, {"trade_seq": 577, "trade_id": "236421911", "timestamp": 1669001651397, "tick_direction": 2, "price": 0.1245, "mark_price": 0.12463395, "iv": 76.78, "instrument_name": "BTC-30DEC22-15000-C", "index_price": 15968.1, "direction": "buy", "amount": 1.0}, {"trade_seq": 576, "trade_id": "236304226", "timestamp": 1668763292462, "tick_direction": 0, "price": 0.1505, "mark_price": 0.15078566, "iv": 74.34, "instrument_name": "BTC-30DEC22-15000-C", "index_price": 16735.14, "direction": "buy", "amount": 0.1}, {"trade_seq": 575, "trade_id": "235782748", "timestamp": 1668408218237, "tick_direction": 0, "price": 0.157, "mark_price": 0.15592361, "iv": 86.89, "instrument_name": "BTC-30DEC22-15000-C", "index_price": 16350.84, "direction": "buy", "amount": 6.0}, {"trade_seq": 574, "trade_id": "235779770", "timestamp": 1668408050329, "tick_direction": 0, "price": 0.1445, "mark_price": 0.14471335, "iv": 85.98, "instrument_name": "BTC-30DEC22-15000-C", "index_price": 15973.98, "direction": "buy", "amount": 0.1}, {"trade_seq": 573, "trade_id": "235777555", "timestamp": 1668406416941, "tick_direction": 2, "price": 0.1425, "mark_price": 0.14135515, "iv": 86.99, "instrument_name": "BTC-30DEC22-15000-C", "index_price": 15863.14, "direction": "buy", "amount": 0.1}, {"trade_seq": 572, "trade_id": "235769911", "timestamp": 1668403220698, "tick_direction": 2, "price": 0.1445, "mark_price": 0.1448854, "iv": 86.29, "instrument_name": "BTC-30DEC22-15000-C", "index_price": 15961.12, "direction": "buy", "amount": 0.1}, {"trade_seq": 571, "trade_id": "235757389", "timestamp": 1668394707992, "tick_direction": 1, "price": 0.15, "mark_price": 0.14997948, "iv": 88.15, "instrument_name": "BTC-30DEC22-15000-C", "index_price": 16062.25, "direction": "buy", "amount": 0.4}, {"trade_seq": 570, "trade_id": "235757388", "timestamp": 1668394707975, "tick_direction": 0, "price": 0.15, "mark_price": 0.14997948, "iv": 88.15, "instrument_name": "BTC-30DEC22-15000-C", "index_price": 16062.25, "direction": "buy", "amount": 0.3}, {"trade_seq": 569, "trade_id": "235757378", "timestamp": 1668394698563, "tick_direction": 3, "price": 0.1495, "mark_price": 0.14957567, "iv": 88.08, "instrument_name": "BTC-30DEC22-15000-C", "index_price": 16051.34, "direction": "buy", "amount": 0.2}, {"trade_seq": 568, "trade_id": "235757375", "timestamp": 1668394695069, "tick_direction": 2, "price": 0.1495, "mark_price": 0.14946324, "iv": 88.2, "instrument_name": "BTC-30DEC22-15000-C", "index_price": 16046.35, "direction": "buy", "amount": 0.1}, {"trade_seq": 567, "trade_id": "235750301", "timestamp": 1668390655317, "tick_direction": 2, "price": 0.15, "mark_price": 0.14986568, "iv": 88.8, "instrument_name": "BTC-30DEC22-15000-C", "index_price": 16026.76, "direction": "buy", "amount": 1.8}, {"trade_seq": 566, "trade_id": "235746591", "timestamp": 1668389060707, "tick_direction": 0, "price": 0.156, "mark_price": 0.15625349, "iv": 88.92, "instrument_name": "BTC-30DEC22-15000-C", "index_price": 16207.61, "direction": "buy", "amount": 0.2}, {"trade_seq": 565, "trade_id": "235740703", "timestamp": 1668385511513, "tick_direction": 2, "price": 0.155, "mark_price": 0.15357193, "iv": 89.53, "instrument_name": "BTC-30DEC22-15000-C", "index_price": 16171.21, "direction": "buy", "amount": 6.0}, {"trade_seq": 564, "trade_id": "235737966", "timestamp": 1668384252128, "tick_direction": 2, "price": 0.16, "mark_price": 0.15988878, "iv": 88.46, "instrument_name": "BTC-30DEC22-15000-C", "index_price": 16355.66, "direction": "buy", "amount": 0.1}, {"trade_seq": 563, "trade_id": "235548198", "timestamp": 1668195607154, "tick_direction": 0, "price": 0.173, "mark_price": 0.17345208, "iv": 87.62, "instrument_name": "BTC-30DEC22-15000-C", "index_price": 16751.23, "direction": "buy", "amount": 0.1}, {"trade_seq": 562, "trade_id": "235547818", "timestamp": 1668195434429, "tick_direction": 3, "price": 0.171, "mark_price": 0.17214894, "iv": 86.94, "instrument_name": "BTC-30DEC22-15000-C", "index_price": 16711.91, "direction": "buy", "amount": 0.1}, {"trade_seq": 561, "trade_id": "235400555", "timestamp": 1668158220119, "tick_direction": 2, "price": 0.187, "mark_price": 0.18534178, "iv": 85.06, "instrument_name": "BTC-30DEC22-15000-C", "index_price": 17298.45, "direction": "buy", "combo_id": "BTC-CS-30DEC22-15000_20000", "block_trade_id": "55857", "amount": 100.0}, {"trade_seq": 560, "trade_id": "235396520", "timestamp": 1668157235301, "tick_direction": 2, "price": 0.1881, "mark_price": 0.18619845, "iv": 84.38, "instrument_name": "BTC-30DEC22-15000-C", "index_price": 17344.98, "direction": "buy", "combo_id": "BTC-CS-30DEC22-15000_20000", "block_trade_id": "55856", "amount": 100.0}, {"trade_seq": 559, "trade_id": "235028691", "timestamp": 1668080309233, "tick_direction": 0, "price": 0.155, "mark_price": 0.15309767, "iv": 83.85, "instrument_name": "BTC-30DEC22-15000-C", "index_price": 16398.86, "direction": "buy", "amount": 2.6}, {"trade_seq": 558, "trade_id": "235026411", "timestamp": 1668079821984, "tick_direction": 1, "price": 0.151, "mark_price": 0.15010706, "iv": 82.9, "instrument_name": "BTC-30DEC22-15000-C", "index_price": 16308.38, "direction": "buy", "amount": 7.1}, {"trade_seq": 557, "trade_id": "235026018", "timestamp": 1668079753756, "tick_direction": 0, "price": 0.151, "mark_price": 0.14938541, "iv": 83.3, "instrument_name": "BTC-30DEC22-15000-C", "index_price": 16308.5, "direction": "buy", "amount": 5.9}, {"trade_seq": 556, "trade_id": "235025716", "timestamp": 1668079702531, "tick_direction": 0, "price": 0.1495, "mark_price": 0.14742402, "iv": 83.59, "instrument_name": "BTC-30DEC22-15000-C", "index_price": 16253.98, "direction": "buy", "amount": 8.0}, {"trade_seq": 555, "trade_id": "235025374", "timestamp": 1668079620281, "tick_direction": 0, "price": 0.149, "mark_price": 0.14635942, "iv": 83.9, "instrument_name": "BTC-30DEC22-15000-C", "index_price": 16231.34, "direction": "buy", "amount": 7.7}, {"trade_seq": 554, "trade_id": "235025348", "timestamp": 1668079616217, "tick_direction": 1, "price": 0.1485, "mark_price": 0.14636006, "iv": 83.55, "instrument_name": "BTC-30DEC22-15000-C", "index_price": 16230.38, "direction": "buy", "amount": 1.2}, {"trade_seq": 553, "trade_id": "235025347", "timestamp": 1668079616126, "tick_direction": 1, "price": 0.1485, "mark_price": 0.14636006, "iv": 83.55, "instrument_name": "BTC-30DEC22-15000-C", "index_price": 16230.38, "direction": "buy", "amount": 8.0}, {"trade_seq": 552, "trade_id": "235025346", "timestamp": 1668079616126, "tick_direction": 1, "price": 0.1485, "mark_price": 0.14636006, "iv": 83.55, "instrument_name": "BTC-30DEC22-15000-C", "index_price": 16230.38, "direction": "buy", "amount": 4.1}, {"trade_seq": 551, "trade_id": "235025265", "timestamp": 1668079602459, "tick_direction": 0, "price": 0.1485, "mark_price": 0.14623868, "iv": 83.58, "instrument_name": "BTC-30DEC22-15000-C", "index_price": 16230.64, "direction": "buy", "amount": 8.0}, {"trade_seq": 550, "trade_id": "235024727", "timestamp": 1668079535811, "tick_direction": 2, "price": 0.148, "mark_price": 0.14605481, "iv": 83.32, "instrument_name": "BTC-30DEC22-15000-C", "index_price": 16213.05, "direction": "buy", "amount": 4.2}, {"trade_seq": 549, "trade_id": "235024285", "timestamp": 1668079497771, "tick_direction": 2, "price": 0.1485, "mark_price": 0.14650111, "iv": 83.38, "instrument_name": "BTC-30DEC22-15000-C", "index_price": 16217.68, "direction": "buy", "amount": 7.6}, {"trade_seq": 548, "trade_id": "235018708", "timestamp": 1668079013730, "tick_direction": 2, "price": 0.149, "mark_price": 0.14703069, "iv": 83.16, "instrument_name": "BTC-30DEC22-15000-C", "index_price": 16197.66, "direction": "buy", "amount": 0.1}, {"trade_seq": 547, "trade_id": "235018111", "timestamp": 1668078992864, "tick_direction": 1, "price": 0.1515, "mark_price": 0.14984634, "iv": 82.83, "instrument_name": "BTC-30DEC22-15000-C", "index_price": 16285.76, "direction": "buy", "amount": 0.1}, {"trade_seq": 546, "trade_id": "235018110", "timestamp": 1668078992841, "tick_direction": 0, "price": 0.1515, "mark_price": 0.14984634, "iv": 82.83, "instrument_name": "BTC-30DEC22-15000-C", "index_price": 16285.76, "direction": "buy", "amount": 0.3}, {"trade_seq": 545, "trade_id": "235017635", "timestamp": 1668078938766, "tick_direction": 3, "price": 0.151, "mark_price": 0.14970053, "iv": 82.57, "instrument_name": "BTC-30DEC22-15000-C", "index_price": 16279.56, "direction": "buy", "amount": 17.0}, {"trade_seq": 544, "trade_id": "235017607", "timestamp": 1668078933340, "tick_direction": 2, "price": 0.151, "mark_price": 0.14971355, "iv": 82.55, "instrument_name": "BTC-30DEC22-15000-C", "index_price": 16280.28, "direction": "buy", "amount": 4.1}, {"trade_seq": 543, "trade_id": "235013108", "timestamp": 1668078512165, "tick_direction": 2, "price": 0.1525, "mark_price": 0.15262913, "iv": 81.92, "instrument_name": "BTC-30DEC22-15000-C", "index_price": 16309.98, "direction": "sell", "amount": 2.9}, {"trade_seq": 542, "trade_id": "235010948", "timestamp": 1668078315423, "tick_direction": 2, "price": 0.1545, "mark_price": 0.15389893, "iv": 82.42, "instrument_name": "BTC-30DEC22-15000-C", "index_price": 16328.52, "direction": "sell", "amount": 10.0}, {"trade_seq": 541, "trade_id": "235010934", "timestamp": 1668078312940, "tick_direction": 3, "price": 0.155, "mark_price": 0.15353264, "iv": 82.92, "instrument_name": "BTC-30DEC22-15000-C", "index_price": 16322.42, "direction": "sell", "amount": 8.1}, {"trade_seq": 540, "trade_id": "235010933", "timestamp": 1668078312936, "tick_direction": 2, "price": 0.155, "mark_price": 0.15353264, "iv": 82.92, "instrument_name": "BTC-30DEC22-15000-C", "index_price": 16322.42, "direction": "buy", "amount": 2.9}, {"trade_seq": 539, "trade_id": "234992201", "timestamp": 1668075136735, "tick_direction": 2, "price": 0.162, "mark_price": 0.16137069, "iv": 82.06, "instrument_name": "BTC-30DEC22-15000-C", "index_price": 16495.12, "direction": "buy", "amount": 1.2}, {"trade_seq": 538, "trade_id": "234853295", "timestamp": 1668042567314, "tick_direction": 1, "price": 0.166, "mark_price": 0.16554792, "iv": 89.13, "instrument_name": "BTC-30DEC22-15000-C", "index_price": 16334.46, "direction": "sell", "amount": 7.9}, {"trade_seq": 537, "trade_id": "234853294", "timestamp": 1668042567215, "tick_direction": 1, "price": 0.166, "mark_price": 0.16554792, "iv": 89.15, "instrument_name": "BTC-30DEC22-15000-C", "index_price": 16334.26, "direction": "sell", "amount": 0.1}, {"trade_seq": 536, "trade_id": "234853282", "timestamp": 1668042566641, "tick_direction": 1, "price": 0.166, "mark_price": 0.16554792, "iv": 89.15, "instrument_name": "BTC-30DEC22-15000-C", "index_price": 16334.26, "direction": "sell", "amount": 0.2}, {"trade_seq": 535, "trade_id": "234853281", "timestamp": 1668042566622, "tick_direction": 1, "price": 0.166, "mark_price": 0.16554792, "iv": 89.15, "instrument_name": "BTC-30DEC22-15000-C", "index_price": 16334.26, "direction": "sell", "amount": 2.8}, {"trade_seq": 534, "trade_id": "234834625", "timestamp": 1668040026435, "tick_direction": 1, "price": 0.1605, "mark_price": 0.16019648, "iv": 89.3, "instrument_name": "BTC-30DEC22-15000-C", "index_price": 16134.36, "direction": "sell", "amount": 0.1}, {"trade_seq": 533, "trade_id": "234834623", "timestamp": 1668040026422, "tick_direction": 1, "price": 0.1605, "mark_price": 0.15987465, "iv": 89.3, "instrument_name": "BTC-30DEC22-15000-C", "index_price": 16134.36, "direction": "sell", "amount": 0.1}, {"trade_seq": 532, "trade_id": "234834620", "timestamp": 1668040026403, "tick_direction": 1, "price": 0.1605, "mark_price": 0.15987465, "iv": 89.3, "instrument_name": "BTC-30DEC22-15000-C", "index_price": 16134.36, "direction": "sell", "amount": 0.2}, {"trade_seq": 531, "trade_id": "234834619", "timestamp": 1668040026399, "tick_direction": 1, "price": 0.1605, "mark_price": 0.15987465, "iv": 89.3, "instrument_name": "BTC-30DEC22-15000-C", "index_price": 16134.36, "direction": "sell", "amount": 0.1}, {"trade_seq": 530, "trade_id": "234834618", "timestamp": 1668040026392, "tick_direction": 1, "price": 0.1605, "mark_price": 0.15987465, "iv": 89.3, "instrument_name": "BTC-30DEC22-15000-C", "index_price": 16134.36, "direction": "sell", "amount": 2.4}, {"trade_seq": 529, "trade_id": "234834579", "timestamp": 1668040025373, "tick_direction": 0, "price": 0.1605, "mark_price": 0.15981979, "iv": 89.56, "instrument_name": "BTC-30DEC22-15000-C", "index_price": 16124.01, "direction": "buy", "amount": 2.6}, {"trade_seq": 528, "trade_id": "234833703", "timestamp": 1668039928840, "tick_direction": 0, "price": 0.1595, "mark_price": 0.15828754, "iv": 89.96, "instrument_name": "BTC-30DEC22-15000-C", "index_price": 16072.96, "direction": "buy", "amount": 2.5}, {"trade_seq": 527, "trade_id": "234800312", "timestamp": 1668036459313, "tick_direction": 3, "price": 0.148, "mark_price": 0.14797793, "iv": 91.51, "instrument_name": "BTC-30DEC22-15000-C", "index_price": 15643.32, "direction": "sell", "amount": 0.1}, {"trade_seq": 526, "trade_id": "234800311", "timestamp": 1668036459275, "tick_direction": 3, "price": 0.148, "mark_price": 0.14797793, "iv": 91.51, "instrument_name": "BTC-30DEC22-15000-C", "index_price": 15643.32, "direction": "sell", "amount": 0.1}, {"trade_seq": 525, "trade_id": "234800302", "timestamp": 1668036458815, "tick_direction": 2, "price": 0.148, "mark_price": 0.14797793, "iv": 91.51, "instrument_name": "BTC-30DEC22-15000-C", "index_price": 15643.32, "direction": "sell", "amount": 0.1}, {"trade_seq": 524, "trade_id": "234796267", "timestamp": 1668036053865, "tick_direction": 3, "price": 0.15, "mark_price": 0.15076146, "iv": 91.11, "instrument_name": "BTC-30DEC22-15000-C", "index_price": 15746.87, "direction": "buy", "amount": 1.0}, {"trade_seq": 523, "trade_id": "234785299", "timestamp": 1668035283670, "tick_direction": 2, "price": 0.15, "mark_price": 0.14957741, "iv": 92.41, "instrument_name": "BTC-30DEC22-15000-C", "index_price": 15624.72, "direction": "buy", "amount": 1.0}, {"trade_seq": 522, "trade_id": "234757439", "timestamp": 1668031868628, "tick_direction": 0, "price": 0.1545, "mark_price": 0.15459484, "iv": 95.09, "instrument_name": "BTC-30DEC22-15000-C", "index_price": 15665.12, "direction": "buy", "amount": 1.0}, {"trade_seq": 521, "trade_id": "234757217", "timestamp": 1668031813024, "tick_direction": 1, "price": 0.1535, "mark_price": 0.15344964, "iv": 94.93, "instrument_name": "BTC-30DEC22-15000-C", "index_price": 15640.22, "direction": "buy", "amount": 0.4}, {"trade_seq": 520, "trade_id": "234757216", "timestamp": 1668031812991, "tick_direction": 0, "price": 0.1535, "mark_price": 0.15344964, "iv": 94.93, "instrument_name": "BTC-30DEC22-15000-C", "index_price": 15640.22, "direction": "buy", "amount": 0.6}, {"trade_seq": 519, "trade_id": "234757199", "timestamp": 1668031807659, "tick_direction": 1, "price": 0.153, "mark_price": 0.15313881, "iv": 94.77, "instrument_name": "BTC-30DEC22-15000-C", "index_price": 15632.51, "direction": "buy", "amount": 0.2}, {"trade_seq": 518, "trade_id": "234757198", "timestamp": 1668031807647, "tick_direction": 1, "price": 0.153, "mark_price": 0.15313881, "iv": 94.77, "instrument_name": "BTC-30DEC22-15000-C", "index_price": 15632.51, "direction": "buy", "amount": 0.2}, {"trade_seq": 517, "trade_id": "234757197", "timestamp": 1668031807634, "tick_direction": 1, "price": 0.153, "mark_price": 0.15313881, "iv": 94.77, "instrument_name": "BTC-30DEC22-15000-C", "index_price": 15632.51, "direction": "buy", "amount": 0.2}, {"trade_seq": 516, "trade_id": "234757195", "timestamp": 1668031807541, "tick_direction": 1, "price": 0.153, "mark_price": 0.15313881, "iv": 94.77, "instrument_name": "BTC-30DEC22-15000-C", "index_price": 15632.51, "direction": "buy", "amount": 0.3}, {"trade_seq": 515, "trade_id": "234757188", "timestamp": 1668031806836, "tick_direction": 0, "price": 0.153, "mark_price": 0.15314419, "iv": 94.79, "instrument_name": "BTC-30DEC22-15000-C", "index_price": 15631.65, "direction": "buy", "amount": 0.1}, {"trade_seq": 514, "trade_id": "234757115", "timestamp": 1668031796068, "tick_direction": 3, "price": 0.1525, "mark_price": 0.15268416, "iv": 94.68, "instrument_name": "BTC-30DEC22-15000-C", "index_price": 15620.25, "direction": "buy", "amount": 0.1}, {"trade_seq": 513, "trade_id": "234757114", "timestamp": 1668031796052, "tick_direction": 3, "price": 0.1525, "mark_price": 0.15268416, "iv": 94.68, "instrument_name": "BTC-30DEC22-15000-C", "index_price": 15620.25, "direction": "buy", "amount": 0.1}, {"trade_seq": 512, "trade_id": "234757112", "timestamp": 1668031795651, "tick_direction": 3, "price": 0.1525, "mark_price": 0.1526422, "iv": 94.68, "instrument_name": "BTC-30DEC22-15000-C", "index_price": 15620.25, "direction": "buy", "amount": 0.1}, {"trade_seq": 511, "trade_id": "234757111", "timestamp": 1668031795623, "tick_direction": 3, "price": 0.1525, "mark_price": 0.1526422, "iv": 94.68, "instrument_name": "BTC-30DEC22-15000-C", "index_price": 15620.25, "direction": "buy", "amount": 0.1}, {"trade_seq": 510, "trade_id": "234757108", "timestamp": 1668031795543, "tick_direction": 3, "price": 0.1525, "mark_price": 0.1526422, "iv": 94.68, "instrument_name": "BTC-30DEC22-15000-C", "index_price": 15620.25, "direction": "buy", "amount": 0.3}, {"trade_seq": 509, "trade_id": "234757107", "timestamp": 1668031795403, "tick_direction": 2, "price": 0.1525, "mark_price": 0.1526422, "iv": 94.68, "instrument_name": "BTC-30DEC22-15000-C", "index_price": 15620.25, "direction": "buy", "amount": 0.3}, {"trade_seq": 508, "trade_id": "234748123", "timestamp": 1668031051498, "tick_direction": 2, "price": 0.156, "mark_price": 0.15687645, "iv": 93.12, "instrument_name": "BTC-30DEC22-15000-C", "index_price": 15786.88, "direction": "buy", "amount": 0.1}, {"trade_seq": 507, "trade_id": "234737412", "timestamp": 1668030317910, "tick_direction": 0, "price": 0.1595, "mark_price": 0.15943405, "iv": 93.72, "instrument_name": "BTC-30DEC22-15000-C", "index_price": 15850.81, "direction": "sell", "amount": 3.3}, {"trade_seq": 506, "trade_id": "234737301", "timestamp": 1668030311922, "tick_direction": 0, "price": 0.159, "mark_price": 0.15902643, "iv": 93.65, "instrument_name": "BTC-30DEC22-15000-C", "index_price": 15839.63, "direction": "sell", "amount": 3.0}, {"trade_seq": 505, "trade_id": "234735060", "timestamp": 1668030197457, "tick_direction": 2, "price": 0.1555, "mark_price": 0.15557135, "iv": 92.88, "instrument_name": "BTC-30DEC22-15000-C", "index_price": 15756.69, "direction": "sell", "amount": 2.8}, {"trade_seq": 504, "trade_id": "234733702", "timestamp": 1668030139930, "tick_direction": 3, "price": 0.1575, "mark_price": 0.15840438, "iv": 92.54, "instrument_name": "BTC-30DEC22-15000-C", "index_price": 15829.86, "direction": "sell", "amount": 0.5}, {"trade_seq": 503, "trade_id": "234733699", "timestamp": 1668030139924, "tick_direction": 3, "price": 0.1575, "mark_price": 0.15840438, "iv": 92.54, "instrument_name": "BTC-30DEC22-15000-C", "index_price": 15829.86, "direction": "sell", "amount": 0.2}, {"trade_seq": 502, "trade_id": "234733697", "timestamp": 1668030139907, "tick_direction": 3, "price": 0.1575, "mark_price": 0.15840438, "iv": 92.54, "instrument_name": "BTC-30DEC22-15000-C", "index_price": 15829.86, "direction": "sell", "amount": 0.2}, {"trade_seq": 501, "trade_id": "234733696", "timestamp": 1668030139887, "tick_direction": 3, "price": 0.1575, "mark_price": 0.15840438, "iv": 92.54, "instrument_name": "BTC-30DEC22-15000-C", "index_price": 15829.86, "direction": "sell", "amount": 0.1}, {"trade_seq": 500, "trade_id": "234733695", "timestamp": 1668030139884, "tick_direction": 3, "price": 0.1575, "mark_price": 0.15840438, "iv": 92.54, "instrument_name": "BTC-30DEC22-15000-C", "index_price": 15829.86, "direction": "sell", "amount": 0.6}, {"trade_seq": 499, "trade_id": "234733694", "timestamp": 1668030139883, "tick_direction": 3, "price": 0.1575, "mark_price": 0.15840438, "iv": 92.54, "instrument_name": "BTC-30DEC22-15000-C", "index_price": 15829.86, "direction": "sell", "amount": 0.1}, {"trade_seq": 498, "trade_id": "234733692", "timestamp": 1668030139877, "tick_direction": 3, "price": 0.1575, "mark_price": 0.15840438, "iv": 92.54, "instrument_name": "BTC-30DEC22-15000-C", "index_price": 15829.86, "direction": "sell", "amount": 0.3}, {"trade_seq": 497, "trade_id": "234733691", "timestamp": 1668030139871, "tick_direction": 2, "price": 0.1575, "mark_price": 0.15840438, "iv": 92.54, "instrument_name": "BTC-30DEC22-15000-C", "index_price": 15829.86, "direction": "sell", "amount": 0.3}, {"trade_seq": 496, "trade_id": "234733606", "timestamp": 1668030138565, "tick_direction": 3, "price": 0.158, "mark_price": 0.15857033, "iv": 92.51, "instrument_name": "BTC-30DEC22-15000-C", "index_price": 15847.36, "direction": "sell", "amount": 0.1}, {"trade_seq": 495, "trade_id": "234722805", "timestamp": 1668029366700, "tick_direction": 2, "price": 0.158, "mark_price": 0.15702293, "iv": 92.88, "instrument_name": "BTC-30DEC22-15000-C", "index_price": 15864.39, "direction": "sell", "amount": 2.9}, {"trade_seq": 494, "trade_id": "234720224", "timestamp": 1668029251290, "tick_direction": 2, "price": 0.1595, "mark_price": 0.16105175, "iv": 91.76, "instrument_name": "BTC-30DEC22-15000-C", "index_price": 15965.29, "direction": "sell", "amount": 3.0}, {"trade_seq": 493, "trade_id": "234717323", "timestamp": 1668029068724, "tick_direction": 2, "price": 0.1635, "mark_price": 0.16303661, "iv": 92.43, "instrument_name": "BTC-30DEC22-15000-C", "index_price": 16049.38, "direction": "buy", "amount": 0.2}, {"trade_seq": 492, "trade_id": "234480409", "timestamp": 1668001210736, "tick_direction": 2, "price": 0.203, "mark_price": 0.19990374, "iv": 88.14, "instrument_name": "BTC-30DEC22-15000-C", "index_price": 17429.78, "direction": "buy", "amount": 0.1}, {"trade_seq": 491, "trade_id": "234479361", "timestamp": 1668000825146, "tick_direction": 2, "price": 0.2065, "mark_price": 0.20290781, "iv": 88.3, "instrument_name": "BTC-30DEC22-15000-C", "index_price": 17531.31, "direction": "buy", "amount": 0.1}, {"trade_seq": 490, "trade_id": "234479360", "timestamp": 1668000824862, "tick_direction": 0, "price": 0.207, "mark_price": 0.20290781, "iv": 88.71, "instrument_name": "BTC-30DEC22-15000-C", "index_price": 17531.31, "direction": "buy", "amount": 0.1}, {"trade_seq": 489, "trade_id": "234477835", "timestamp": 1668000361566, "tick_direction": 2, "price": 0.2035, "mark_price": 0.20065752, "iv": 86.53, "instrument_name": "BTC-30DEC22-15000-C", "index_price": 17501.91, "direction": "buy", "amount": 0.1}, {"trade_seq": 488, "trade_id": "234100976", "timestamp": 1667929787124, "tick_direction": 2, "price": 0.2625, "mark_price": 0.26220991, "iv": 73.19, "instrument_name": "BTC-30DEC22-15000-C", "index_price": 19768.67, "direction": "buy", "amount": 0.1}, {"trade_seq": 487, "trade_id": "233486823", "timestamp": 1667483032193, "tick_direction": 2, "price": 0.2715, "mark_price": 0.27153064, "iv": 63.85, "instrument_name": "BTC-30DEC22-15000-C", "index_price": 20206.56, "direction": "buy", "amount": 0.1}, {"trade_seq": 486, "trade_id": "233181371", "timestamp": 1667066999442, "tick_direction": 2, "price": 0.294, "mark_price": 0.29463552, "iv": 66.62, "instrument_name": "BTC-30DEC22-15000-C", "index_price": 20828.43, "direction": "buy", "amount": 0.3}, {"trade_seq": 485, "trade_id": "232865536", "timestamp": 1666793794727, "tick_direction": 1, "price": 0.2985, "mark_price": 0.30075391, "iv": 72.05, "instrument_name": "BTC-30DEC22-15000-C", "index_price": 20800.78, "direction": "sell", "amount": 0.1}, {"trade_seq": 484, "trade_id": "232865533", "timestamp": 1666793793512, "tick_direction": 1, "price": 0.2985, "mark_price": 0.30073001, "iv": 72.08, "instrument_name": "BTC-30DEC22-15000-C", "index_price": 20799.88, "direction": "sell", "amount": 0.1}, {"trade_seq": 483, "trade_id": "232865531", "timestamp": 1666793792544, "tick_direction": 1, "price": 0.2985, "mark_price": 0.30065705, "iv": 72.17, "instrument_name": "BTC-30DEC22-15000-C", "index_price": 20797.4, "direction": "sell", "amount": 0.1}, {"trade_seq": 482, "trade_id": "232865522", "timestamp": 1666793791458, "tick_direction": 1, "price": 0.2985, "mark_price": 0.30056369, "iv": 72.29, "instrument_name": "BTC-30DEC22-15000-C", "index_price": 20794.46, "direction": "sell", "amount": 0.1}, {"trade_seq": 481, "trade_id": "232865520", "timestamp": 1666793790504, "tick_direction": 0, "price": 0.2985, "mark_price": 0.30048967, "iv": 72.39, "instrument_name": "BTC-30DEC22-15000-C", "index_price": 20791.9, "direction": "sell", "amount": 0.1}, {"trade_seq": 480, "trade_id": "232865516", "timestamp": 1666793789545, "tick_direction": 0, "price": 0.298, "mark_price": 0.30056265, "iv": 71.66, "instrument_name": "BTC-30DEC22-15000-C", "index_price": 20794.32, "direction": "sell", "amount": 0.1}, {"trade_seq": 479, "trade_id": "232865513", "timestamp": 1666793788585, "tick_direction": 0, "price": 0.296, "mark_price": 0.3007612, "iv": 68.75, "instrument_name": "BTC-30DEC22-15000-C", "index_price": 20800.99, "direction": "sell", "amount": 0.1}, {"trade_seq": 478, "trade_id": "232802451", "timestamp": 1666771600405, "tick_direction": 1, "price": 0.2855, "mark_price": 0.28757047, "iv": 70.54, "instrument_name": "BTC-30DEC22-15000-C", "index_price": 20398.23, "direction": "sell", "amount": 0.1}, {"trade_seq": 477, "trade_id": "232802450", "timestamp": 1666771599601, "tick_direction": 0, "price": 0.2855, "mark_price": 0.28757047, "iv": 70.58, "instrument_name": "BTC-30DEC22-15000-C", "index_price": 20397.23, "direction": "sell", "amount": 0.1}, {"trade_seq": 476, "trade_id": "232802449", "timestamp": 1666771598830, "tick_direction": 1, "price": 0.285, "mark_price": 0.28751821, "iv": 69.97, "instrument_name": "BTC-30DEC22-15000-C", "index_price": 20397.23, "direction": "sell", "amount": 0.1}, {"trade_seq": 475, "trade_id": "232802445", "timestamp": 1666771597996, "tick_direction": 1, "price": 0.285, "mark_price": 0.28752506, "iv": 70.03, "instrument_name": "BTC-30DEC22-15000-C", "index_price": 20395.36, "direction": "sell", "amount": 0.1}, {"trade_seq": 474, "trade_id": "232802440", "timestamp": 1666771597203, "tick_direction": 1, "price": 0.285, "mark_price": 0.28753537, "iv": 70.03, "instrument_name": "BTC-30DEC22-15000-C", "index_price": 20395.52, "direction": "sell", "amount": 0.1}, {"trade_seq": 473, "trade_id": "232802439", "timestamp": 1666771596422, "tick_direction": 0, "price": 0.285, "mark_price": 0.28753529, "iv": 70.02, "instrument_name": "BTC-30DEC22-15000-C", "index_price": 20395.68, "direction": "sell", "amount": 0.1}, {"trade_seq": 472, "trade_id": "232802438", "timestamp": 1666771595675, "tick_direction": 0, "price": 0.283, "mark_price": 0.28753529, "iv": 67.54, "instrument_name": "BTC-30DEC22-15000-C", "index_price": 20395.68, "direction": "sell", "amount": 0.1}, {"trade_seq": 471, "trade_id": "232746022", "timestamp": 1666731132584, "tick_direction": 0, "price": 0.281, "mark_price": 0.28127079, "iv": 72.71, "instrument_name": "BTC-30DEC22-15000-C", "index_price": 20167.7, "direction": "sell", "amount": 2.0}, {"trade_seq": 470, "trade_id": "232030697", "timestamp": 1665753441079, "tick_direction": 1, "price": 0.2715, "mark_price": 0.27201758, "iv": 70.47, "instrument_name": "BTC-30DEC22-15000-C", "index_price": 19762.84, "direction": "buy", "amount": 1.3}, {"trade_seq": 469, "trade_id": "232030696", "timestamp": 1665753441056, "tick_direction": 1, "price": 0.2715, "mark_price": 0.27201758, "iv": 70.47, "instrument_name": "BTC-30DEC22-15000-C", "index_price": 19762.84, "direction": "buy", "amount": 6.3}, {"trade_seq": 468, "trade_id": "232030694", "timestamp": 1665753440911, "tick_direction": 1, "price": 0.2715, "mark_price": 0.27201758, "iv": 70.47, "instrument_name": "BTC-30DEC22-15000-C", "index_price": 19762.84, "direction": "buy", "amount": 0.3}, {"trade_seq": 467, "trade_id": "232030691", "timestamp": 1665753440859, "tick_direction": 1, "price": 0.2715, "mark_price": 0.27201758, "iv": 70.47, "instrument_name": "BTC-30DEC22-15000-C", "index_price": 19762.84, "direction": "buy", "amount": 0.4}, {"trade_seq": 466, "trade_id": "232030690", "timestamp": 1665753440840, "tick_direction": 1, "price": 0.2715, "mark_price": 0.27201758, "iv": 70.47, "instrument_name": "BTC-30DEC22-15000-C", "index_price": 19762.84, "direction": "buy", "amount": 0.1}, {"trade_seq": 465, "trade_id": "232030687", "timestamp": 1665753440150, "tick_direction": 1, "price": 0.2715, "mark_price": 0.27200386, "iv": 70.48, "instrument_name": "BTC-30DEC22-15000-C", "index_price": 19762.22, "direction": "buy", "amount": 0.3}, {"trade_seq": 464, "trade_id": "232030686", "timestamp": 1665753440116, "tick_direction": 1, "price": 0.2715, "mark_price": 0.27200386, "iv": 70.48, "instrument_name": "BTC-30DEC22-15000-C", "index_price": 19762.22, "direction": "buy", "amount": 0.2}, {"trade_seq": 463, "trade_id": "232030683", "timestamp": 1665753437568, "tick_direction": 1, "price": 0.2715, "mark_price": 0.27198714, "iv": 70.5, "instrument_name": "BTC-30DEC22-15000-C", "index_price": 19761.37, "direction": "buy", "amount": 0.5}, {"trade_seq": 462, "trade_id": "232030679", "timestamp": 1665753436135, "tick_direction": 1, "price": 0.2715, "mark_price": 0.27191028, "iv": 70.57, "instrument_name": "BTC-30DEC22-15000-C", "index_price": 19758.65, "direction": "buy", "amount": 0.4}, {"trade_seq": 461, "trade_id": "232030678", "timestamp": 1665753436082, "tick_direction": 0, "price": 0.2715, "mark_price": 0.27191028, "iv": 70.57, "instrument_name": "BTC-30DEC22-15000-C", "index_price": 19758.65, "direction": "buy", "amount": 0.2}, {"trade_seq": 460, "trade_id": "231917049", "timestamp": 1665676252526, "tick_direction": 1, "price": 0.2465, "mark_price": 0.2474757, "iv": 70.16, "instrument_name": "BTC-30DEC22-15000-C", "index_price": 18923.28, "direction": "buy", "amount": 1.6}, {"trade_seq": 459, "trade_id": "231917048", "timestamp": 1665676252525, "tick_direction": 0, "price": 0.2465, "mark_price": 0.2474757, "iv": 70.16, "instrument_name": "BTC-30DEC22-15000-C", "index_price": 18923.28, "direction": "buy", "amount": 8.4}, {"trade_seq": 458, "trade_id": "231904536", "timestamp": 1665674477772, "tick_direction": 1, "price": 0.245, "mark_price": 0.24487608, "iv": 71.1, "instrument_name": "BTC-30DEC22-15000-C", "index_price": 18845.79, "direction": "sell", "amount": 8.7}, {"trade_seq": 457, "trade_id": "231904535", "timestamp": 1665674477765, "tick_direction": 0, "price": 0.245, "mark_price": 0.24487608, "iv": 71.1, "instrument_name": "BTC-30DEC22-15000-C", "index_price": 18845.79, "direction": "sell", "amount": 1.3}, {"trade_seq": 456, "trade_id": "231878774", "timestamp": 1665666829132, "tick_direction": 2, "price": 0.228, "mark_price": 0.22950297, "iv": 70.73, "instrument_name": "BTC-30DEC22-15000-C", "index_price": 18302.48, "direction": "buy", "amount": 10.0}, {"trade_seq": 455, "trade_id": "231876577", "timestamp": 1665666284268, "tick_direction": 3, "price": 0.23, "mark_price": 0.23113824, "iv": 71.58, "instrument_name": "BTC-30DEC22-15000-C", "index_price": 18333.23, "direction": "buy", "amount": 1.7}, {"trade_seq": 454, "trade_id": "231876576", "timestamp": 1665666284267, "tick_direction": 2, "price": 0.23, "mark_price": 0.23113824, "iv": 71.58, "instrument_name": "BTC-30DEC22-15000-C", "index_price": 18333.23, "direction": "buy", "amount": 8.3}, {"trade_seq": 453, "trade_id": "231875391", "timestamp": 1665665947349, "tick_direction": 0, "price": 0.237, "mark_price": 0.23275391, "iv": 75.68, "instrument_name": "BTC-30DEC22-15000-C", "index_price": 18375.78, "direction": "buy", "amount": 2.0}, {"trade_seq": 452, "trade_id": "231875390", "timestamp": 1665665947349, "tick_direction": 0, "price": 0.2365, "mark_price": 0.23275391, "iv": 75.32, "instrument_name": "BTC-30DEC22-15000-C", "index_price": 18375.78, "direction": "buy", "amount": 8.0}, {"trade_seq": 451, "trade_id": "231874349", "timestamp": 1665665706081, "tick_direction": 3, "price": 0.2295, "mark_price": 0.23250414, "iv": 70.48, "instrument_name": "BTC-30DEC22-15000-C", "index_price": 18363.45, "direction": "sell", "amount": 2.0}, {"trade_seq": 450, "trade_id": "231874348", "timestamp": 1665665706081, "tick_direction": 2, "price": 0.2295, "mark_price": 0.23250414, "iv": 70.48, "instrument_name": "BTC-30DEC22-15000-C", "index_price": 18363.45, "direction": "sell", "amount": 8.0}, {"trade_seq": 449, "trade_id": "231866846", "timestamp": 1665664596657, "tick_direction": 3, "price": 0.234, "mark_price": 0.23612175, "iv": 74.62, "instrument_name": "BTC-30DEC22-15000-C", "index_price": 18324.4, "direction": "sell", "amount": 2.0}, {"trade_seq": 448, "trade_id": "231866845", "timestamp": 1665664596629, "tick_direction": 2, "price": 0.234, "mark_price": 0.23612175, "iv": 74.62, "instrument_name": "BTC-30DEC22-15000-C", "index_price": 18324.4, "direction": "sell", "amount": 3.0}, {"trade_seq": 447, "trade_id": "231840316", "timestamp": 1665662693994, "tick_direction": 2, "price": 0.2465, "mark_price": 0.24627538, "iv": 74.04, "instrument_name": "BTC-30DEC22-15000-C", "index_price": 18761.66, "direction": "sell", "amount": 5.0}, {"trade_seq": 446, "trade_id": "231816583", "timestamp": 1665648899900, "tick_direction": 3, "price": 0.2535, "mark_price": 0.25306179, "iv": 74.15, "instrument_name": "BTC-30DEC22-15000-C", "index_price": 18981.54, "direction": "sell", "amount": 3.3}, {"trade_seq": 445, "trade_id": "231816582", "timestamp": 1665648899897, "tick_direction": 3, "price": 0.2535, "mark_price": 0.25306179, "iv": 74.15, "instrument_name": "BTC-30DEC22-15000-C", "index_price": 18981.54, "direction": "sell", "amount": 2.8}, {"trade_seq": 444, "trade_id": "231816507", "timestamp": 1665648856300, "tick_direction": 3, "price": 0.2535, "mark_price": 0.25317442, "iv": 74.06, "instrument_name": "BTC-30DEC22-15000-C", "index_price": 18984.61, "direction": "sell", "amount": 2.4}, {"trade_seq": 443, "trade_id": "231816462", "timestamp": 1665648815694, "tick_direction": 3, "price": 0.2535, "mark_price": 0.25318838, "iv": 74.04, "instrument_name": "BTC-30DEC22-15000-C", "index_price": 18987.23, "direction": "sell", "amount": 0.1}, {"trade_seq": 442, "trade_id": "231816460", "timestamp": 1665648815675, "tick_direction": 3, "price": 0.2535, "mark_price": 0.25318838, "iv": 74.04, "instrument_name": "BTC-30DEC22-15000-C", "index_price": 18987.23, "direction": "sell", "amount": 0.1}, {"trade_seq": 441, "trade_id": "231816458", "timestamp": 1665648815479, "tick_direction": 3, "price": 0.2535, "mark_price": 0.25318329, "iv": 74.04, "instrument_name": "BTC-30DEC22-15000-C", "index_price": 18987.23, "direction": "sell", "amount": 0.2}, {"trade_seq": 440, "trade_id": "231816456", "timestamp": 1665648815459, "tick_direction": 3, "price": 0.2535, "mark_price": 0.25318329, "iv": 74.04, "instrument_name": "BTC-30DEC22-15000-C", "index_price": 18987.23, "direction": "sell", "amount": 0.5}, {"trade_seq": 439, "trade_id": "231816455", "timestamp": 1665648815447, "tick_direction": 3, "price": 0.2535, "mark_price": 0.25318329, "iv": 74.04, "instrument_name": "BTC-30DEC22-15000-C", "index_price": 18987.23, "direction": "sell", "amount": 0.5}, {"trade_seq": 438, "trade_id": "231816454", "timestamp": 1665648815442, "tick_direction": 2, "price": 0.2535, "mark_price": 0.25318329, "iv": 74.04, "instrument_name": "BTC-30DEC22-15000-C", "index_price": 18987.23, "direction": "sell", "amount": 0.1}, {"trade_seq": 437, "trade_id": "231807174", "timestamp": 1665644450831, "tick_direction": 2, "price": 0.255, "mark_price": 0.25474646, "iv": 73.82, "instrument_name": "BTC-30DEC22-15000-C", "index_price": 19053.5, "direction": "sell", "amount": 10.0}, {"trade_seq": 436, "trade_id": "231770140", "timestamp": 1665580244464, "tick_direction": 3, "price": 0.256, "mark_price": 0.25621437, "iv": 73.78, "instrument_name": "BTC-30DEC22-15000-C", "index_price": 19060.69, "direction": "buy", "amount": 7.0}, {"trade_seq": 435, "trade_id": "231770114", "timestamp": 1665580225630, "tick_direction": 3, "price": 0.256, "mark_price": 0.25597445, "iv": 73.96, "instrument_name": "BTC-30DEC22-15000-C", "index_price": 19051.84, "direction": "buy", "amount": 1.4}, {"trade_seq": 434, "trade_id": "231770110", "timestamp": 1665580224462, "tick_direction": 2, "price": 0.256, "mark_price": 0.25597171, "iv": 73.97, "instrument_name": "BTC-30DEC22-15000-C", "index_price": 19051.62, "direction": "buy", "amount": 8.6}, {"trade_seq": 433, "trade_id": "231492656", "timestamp": 1665231213976, "tick_direction": 3, "price": 0.269, "mark_price": 0.26856489, "iv": 71.84, "instrument_name": "BTC-30DEC22-15000-C", "index_price": 19515.25, "direction": "sell", "amount": 0.9}, {"trade_seq": 432, "trade_id": "231492580", "timestamp": 1665231213766, "tick_direction": 3, "price": 0.269, "mark_price": 0.26856489, "iv": 71.84, "instrument_name": "BTC-30DEC22-15000-C", "index_price": 19515.25, "direction": "sell", "amount": 1.6}, {"trade_seq": 431, "trade_id": "231492550", "timestamp": 1665231205287, "tick_direction": 3, "price": 0.269, "mark_price": 0.26862207, "iv": 71.81, "instrument_name": "BTC-30DEC22-15000-C", "index_price": 19517.11, "direction": "sell", "amount": 4.5}, {"trade_seq": 430, "trade_id": "231492530", "timestamp": 1665231168264, "tick_direction": 3, "price": 0.269, "mark_price": 0.26876526, "iv": 71.72, "instrument_name": "BTC-30DEC22-15000-C", "index_price": 19520.31, "direction": "sell", "amount": 1.1}, {"trade_seq": 429, "trade_id": "231492529", "timestamp": 1665231168262, "tick_direction": 3, "price": 0.269, "mark_price": 0.26876526, "iv": 71.72, "instrument_name": "BTC-30DEC22-15000-C", "index_price": 19520.31, "direction": "sell", "amount": 0.1}, {"trade_seq": 428, "trade_id": "231492528", "timestamp": 1665231168259, "tick_direction": 3, "price": 0.269, "mark_price": 0.26876526, "iv": 71.72, "instrument_name": "BTC-30DEC22-15000-C", "index_price": 19520.31, "direction": "sell", "amount": 2.5}, {"trade_seq": 427, "trade_id": "231492511", "timestamp": 1665231168130, "tick_direction": 3, "price": 0.269, "mark_price": 0.26876526, "iv": 71.72, "instrument_name": "BTC-30DEC22-15000-C", "index_price": 19520.31, "direction": "sell", "amount": 1.6}, {"trade_seq": 426, "trade_id": "231492488", "timestamp": 1665231147239, "tick_direction": 3, "price": 0.269, "mark_price": 0.26884524, "iv": 71.65, "instrument_name": "BTC-30DEC22-15000-C", "index_price": 19522.82, "direction": "sell", "amount": 1.8}, {"trade_seq": 425, "trade_id": "231492487", "timestamp": 1665231147238, "tick_direction": 3, "price": 0.269, "mark_price": 0.26884524, "iv": 71.65, "instrument_name": "BTC-30DEC22-15000-C", "index_price": 19522.82, "direction": "sell", "amount": 0.1}, {"trade_seq": 424, "trade_id": "231492485", "timestamp": 1665231147208, "tick_direction": 2, "price": 0.269, "mark_price": 0.26884524, "iv": 71.65, "instrument_name": "BTC-30DEC22-15000-C", "index_price": 19522.82, "direction": "sell", "amount": 2.8}, {"trade_seq": 423, "trade_id": "231171292", "timestamp": 1664961059656, "tick_direction": 1, "price": 0.2935, "mark_price": 0.29376212, "iv": 75.67, "instrument_name": "BTC-30DEC22-15000-C", "index_price": 20148.72, "direction": "buy", "amount": 0.8}, {"trade_seq": 422, "trade_id": "231171289", "timestamp": 1664961047419, "tick_direction": 1, "price": 0.2935, "mark_price": 0.2937713, "iv": 75.66, "instrument_name": "BTC-30DEC22-15000-C", "index_price": 20148.29, "direction": "buy", "amount": 0.2}, {"trade_seq": 421, "trade_id": "231171288", "timestamp": 1664961047407, "tick_direction": 1, "price": 0.2935, "mark_price": 0.2937713, "iv": 75.66, "instrument_name": "BTC-30DEC22-15000-C", "index_price": 20148.29, "direction": "buy", "amount": 0.3}, {"trade_seq": 420, "trade_id": "231171285", "timestamp": 1664961044150, "tick_direction": 1, "price": 0.2935, "mark_price": 0.29377734, "iv": 75.72, "instrument_name": "BTC-30DEC22-15000-C", "index_price": 20148.22, "direction": "buy", "amount": 0.2}, {"trade_seq": 419, "trade_id": "231171261", "timestamp": 1664961015520, "tick_direction": 1, "price": 0.2935, "mark_price": 0.29364481, "iv": 75.75, "instrument_name": "BTC-30DEC22-15000-C", "index_price": 20145.59, "direction": "buy", "amount": 0.1}, {"trade_seq": 418, "trade_id": "231171234", "timestamp": 1664960953445, "tick_direction": 1, "price": 0.2935, "mark_price": 0.2937125, "iv": 75.69, "instrument_name": "BTC-30DEC22-15000-C", "index_price": 20148.89, "direction": "buy", "amount": 0.1}, {"trade_seq": 417, "trade_id": "231171233", "timestamp": 1664960953174, "tick_direction": 1, "price": 0.2935, "mark_price": 0.2937125, "iv": 75.69, "instrument_name": "BTC-30DEC22-15000-C", "index_price": 20148.89, "direction": "buy", "amount": 0.1}, {"trade_seq": 416, "trade_id": "231171232", "timestamp": 1664960952187, "tick_direction": 1, "price": 0.2935, "mark_price": 0.29370177, "iv": 75.7, "instrument_name": "BTC-30DEC22-15000-C", "index_price": 20148.51, "direction": "buy", "amount": 0.1}, {"trade_seq": 415, "trade_id": "231171230", "timestamp": 1664960951425, "tick_direction": 1, "price": 0.2935, "mark_price": 0.2936789, "iv": 75.72, "instrument_name": "BTC-30DEC22-15000-C", "index_price": 20147.89, "direction": "buy", "amount": 0.1}, {"trade_seq": 414, "trade_id": "231170714", "timestamp": 1664960241418, "tick_direction": 1, "price": 0.2935, "mark_price": 0.29361943, "iv": 75.88, "instrument_name": "BTC-30DEC22-15000-C", "index_price": 20143.51, "direction": "buy", "amount": 1.0}, {"trade_seq": 413, "trade_id": "231170696", "timestamp": 1664960186972, "tick_direction": 1, "price": 0.2935, "mark_price": 0.29378623, "iv": 75.73, "instrument_name": "BTC-30DEC22-15000-C", "index_price": 20147.32, "direction": "buy", "amount": 1.0}, {"trade_seq": 412, "trade_id": "231170628", "timestamp": 1664960023531, "tick_direction": 1, "price": 0.2935, "mark_price": 0.29363938, "iv": 75.83, "instrument_name": "BTC-30DEC22-15000-C", "index_price": 20142.16, "direction": "buy", "amount": 0.8}, {"trade_seq": 411, "trade_id": "231170599", "timestamp": 1664959941269, "tick_direction": 0, "price": 0.2935, "mark_price": 0.29362124, "iv": 75.84, "instrument_name": "BTC-30DEC22-15000-C", "index_price": 20144.29, "direction": "buy", "amount": 0.2}, {"trade_seq": 410, "trade_id": "231170553", "timestamp": 1664959888000, "tick_direction": 1, "price": 0.293, "mark_price": 0.29343215, "iv": 75.58, "instrument_name": "BTC-30DEC22-15000-C", "index_price": 20139.96, "direction": "buy", "amount": 1.0}, {"trade_seq": 409, "trade_id": "231170549", "timestamp": 1664959872161, "tick_direction": 0, "price": 0.293, "mark_price": 0.29341314, "iv": 75.6, "instrument_name": "BTC-30DEC22-15000-C", "index_price": 20138.93, "direction": "buy", "amount": 1.0}, {"trade_seq": 408, "trade_id": "231103940", "timestamp": 1664894090786, "tick_direction": 3, "price": 0.292, "mark_price": 0.29243719, "iv": 75.58, "instrument_name": "BTC-30DEC22-15000-C", "index_price": 20081.93, "direction": "buy", "amount": 0.8}, {"trade_seq": 407, "trade_id": "231103939", "timestamp": 1664894090785, "tick_direction": 2, "price": 0.292, "mark_price": 0.29243719, "iv": 75.58, "instrument_name": "BTC-30DEC22-15000-C", "index_price": 20081.93, "direction": "buy", "amount": 9.2}, {"trade_seq": 406, "trade_id": "231096978", "timestamp": 1664891409728, "tick_direction": 1, "price": 0.2925, "mark_price": 0.29328259, "iv": 75.29, "instrument_name": "BTC-30DEC22-15000-C", "index_price": 20112.96, "direction": "buy", "amount": 1.2}, {"trade_seq": 405, "trade_id": "231096977", "timestamp": 1664891409727, "tick_direction": 1, "price": 0.2925, "mark_price": 0.29328259, "iv": 75.29, "instrument_name": "BTC-30DEC22-15000-C", "index_price": 20112.96, "direction": "buy", "amount": 3.8}, {"trade_seq": 404, "trade_id": "231096929", "timestamp": 1664891364617, "tick_direction": 1, "price": 0.2925, "mark_price": 0.29301977, "iv": 75.42, "instrument_name": "BTC-30DEC22-15000-C", "index_price": 20110.64, "direction": "buy", "amount": 1.4}, {"trade_seq": 403, "trade_id": "231096928", "timestamp": 1664891364613, "tick_direction": 0, "price": 0.2925, "mark_price": 0.29301977, "iv": 75.42, "instrument_name": "BTC-30DEC22-15000-C", "index_price": 20110.64, "direction": "buy", "amount": 3.6}, {"trade_seq": 402, "trade_id": "231095491", "timestamp": 1664890715781, "tick_direction": 3, "price": 0.292, "mark_price": 0.29237131, "iv": 75.7, "instrument_name": "BTC-30DEC22-15000-C", "index_price": 20078.02, "direction": "buy", "amount": 0.3}, {"trade_seq": 401, "trade_id": "231095490", "timestamp": 1664890715167, "tick_direction": 3, "price": 0.292, "mark_price": 0.29237131, "iv": 75.72, "instrument_name": "BTC-30DEC22-15000-C", "index_price": 20078.02, "direction": "buy", "amount": 4.0}, {"trade_seq": 400, "trade_id": "231095489", "timestamp": 1664890715167, "tick_direction": 2, "price": 0.292, "mark_price": 0.29237131, "iv": 75.72, "instrument_name": "BTC-30DEC22-15000-C", "index_price": 20078.02, "direction": "buy", "amount": 0.7}, {"trade_seq": 399, "trade_id": "231074205", "timestamp": 1664871130512, "tick_direction": 0, "price": 0.293, "mark_price": 0.29349925, "iv": 75.92, "instrument_name": "BTC-30DEC22-15000-C", "index_price": 20085.74, "direction": "buy", "amount": 5.0}, {"trade_seq": 398, "trade_id": "231067578", "timestamp": 1664869121853, "tick_direction": 1, "price": 0.289, "mark_price": 0.28911793, "iv": 76.13, "instrument_name": "BTC-30DEC22-15000-C", "index_price": 19926.18, "direction": "buy", "amount": 1.0}, {"trade_seq": 397, "trade_id": "231067565", "timestamp": 1664869107346, "tick_direction": 1, "price": 0.289, "mark_price": 0.28909717, "iv": 76.13, "instrument_name": "BTC-30DEC22-15000-C", "index_price": 19924.66, "direction": "buy", "amount": 0.1}, {"trade_seq": 396, "trade_id": "231067563", "timestamp": 1664869106447, "tick_direction": 1, "price": 0.289, "mark_price": 0.28909717, "iv": 76.14, "instrument_name": "BTC-30DEC22-15000-C", "index_price": 19925.42, "direction": "buy", "amount": 0.1}, {"trade_seq": 395, "trade_id": "231067561", "timestamp": 1664869106153, "tick_direction": 1, "price": 0.289, "mark_price": 0.28907881, "iv": 76.14, "instrument_name": "BTC-30DEC22-15000-C", "index_price": 19925.42, "direction": "buy", "amount": 0.5}, {"trade_seq": 394, "trade_id": "231067401", "timestamp": 1664869026250, "tick_direction": 1, "price": 0.289, "mark_price": 0.28896105, "iv": 76.25, "instrument_name": "BTC-30DEC22-15000-C", "index_price": 19921.61, "direction": "buy", "amount": 0.2}, {"trade_seq": 393, "trade_id": "231067400", "timestamp": 1664869023273, "tick_direction": 1, "price": 0.289, "mark_price": 0.28894905, "iv": 76.24, "instrument_name": "BTC-30DEC22-15000-C", "index_price": 19921.32, "direction": "buy", "amount": 0.1}, {"trade_seq": 392, "trade_id": "231067255", "timestamp": 1664868925609, "tick_direction": 1, "price": 0.289, "mark_price": 0.28882641, "iv": 76.34, "instrument_name": "BTC-30DEC22-15000-C", "index_price": 19916.94, "direction": "buy", "amount": 0.3}, {"trade_seq": 391, "trade_id": "231067254", "timestamp": 1664868925567, "tick_direction": 1, "price": 0.289, "mark_price": 0.28882641, "iv": 76.34, "instrument_name": "BTC-30DEC22-15000-C", "index_price": 19916.94, "direction": "buy", "amount": 0.5}, {"trade_seq": 390, "trade_id": "231067253", "timestamp": 1664868925490, "tick_direction": 0, "price": 0.289, "mark_price": 0.28882641, "iv": 76.34, "instrument_name": "BTC-30DEC22-15000-C", "index_price": 19916.94, "direction": "buy", "amount": 0.2}, {"trade_seq": 389, "trade_id": "230970672", "timestamp": 1664777124684, "tick_direction": 0, "price": 0.2745, "mark_price": 0.27399888, "iv": 78.49, "instrument_name": "BTC-30DEC22-15000-C", "index_price": 19263.23, "direction": "sell", "amount": 5.0}, {"trade_seq": 388, "trade_id": "230950428", "timestamp": 1664755613661, "tick_direction": 3, "price": 0.267, "mark_price": 0.26696333, "iv": 78.0, "instrument_name": "BTC-30DEC22-15000-C", "index_price": 19023.49, "direction": "sell", "amount": 2.0}, {"trade_seq": 387, "trade_id": "230950427", "timestamp": 1664755613653, "tick_direction": 3, "price": 0.267, "mark_price": 0.26696333, "iv": 78.0, "instrument_name": "BTC-30DEC22-15000-C", "index_price": 19023.49, "direction": "sell", "amount": 0.1}, {"trade_seq": 386, "trade_id": "230950426", "timestamp": 1664755613622, "tick_direction": 3, "price": 0.267, "mark_price": 0.26696333, "iv": 78.0, "instrument_name": "BTC-30DEC22-15000-C", "index_price": 19023.49, "direction": "sell", "amount": 0.3}, {"trade_seq": 385, "trade_id": "230950425", "timestamp": 1664755613615, "tick_direction": 3, "price": 0.267, "mark_price": 0.26696333, "iv": 78.0, "instrument_name": "BTC-30DEC22-15000-C", "index_price": 19023.49, "direction": "sell", "amount": 0.1}, {"trade_seq": 384, "trade_id": "230950424", "timestamp": 1664755613599, "tick_direction": 3, "price": 0.267, "mark_price": 0.26696333, "iv": 78.0, "instrument_name": "BTC-30DEC22-15000-C", "index_price": 19023.49, "direction": "sell", "amount": 0.1}, {"trade_seq": 383, "trade_id": "230950423", "timestamp": 1664755613584, "tick_direction": 3, "price": 0.267, "mark_price": 0.26696333, "iv": 78.0, "instrument_name": "BTC-30DEC22-15000-C", "index_price": 19023.49, "direction": "sell", "amount": 0.3}, {"trade_seq": 382, "trade_id": "230950420", "timestamp": 1664755613514, "tick_direction": 3, "price": 0.267, "mark_price": 0.26696333, "iv": 78.0, "instrument_name": "BTC-30DEC22-15000-C", "index_price": 19023.49, "direction": "sell", "amount": 0.1}, {"trade_seq": 381, "trade_id": "230950419", "timestamp": 1664755613498, "tick_direction": 3, "price": 0.267, "mark_price": 0.26700724, "iv": 78.0, "instrument_name": "BTC-30DEC22-15000-C", "index_price": 19023.49, "direction": "sell", "amount": 0.1}, {"trade_seq": 380, "trade_id": "230950418", "timestamp": 1664755613471, "tick_direction": 3, "price": 0.267, "mark_price": 0.26700724, "iv": 78.0, "instrument_name": "BTC-30DEC22-15000-C", "index_price": 19023.49, "direction": "sell", "amount": 0.1}, {"trade_seq": 379, "trade_id": "230950411", "timestamp": 1664755612868, "tick_direction": 3, "price": 0.267, "mark_price": 0.26700724, "iv": 78.0, "instrument_name": "BTC-30DEC22-15000-C", "index_price": 19023.49, "direction": "sell", "amount": 0.1}, {"trade_seq": 378, "trade_id": "230950410", "timestamp": 1664755612857, "tick_direction": 3, "price": 0.267, "mark_price": 0.26700724, "iv": 78.0, "instrument_name": "BTC-30DEC22-15000-C", "index_price": 19023.49, "direction": "sell", "amount": 0.1}, {"trade_seq": 377, "trade_id": "230950409", "timestamp": 1664755612842, "tick_direction": 3, "price": 0.267, "mark_price": 0.26700724, "iv": 78.0, "instrument_name": "BTC-30DEC22-15000-C", "index_price": 19023.49, "direction": "sell", "amount": 0.1}, {"trade_seq": 376, "trade_id": "230950408", "timestamp": 1664755611981, "tick_direction": 3, "price": 0.267, "mark_price": 0.2670034, "iv": 77.97, "instrument_name": "BTC-30DEC22-15000-C", "index_price": 19023.7, "direction": "sell", "amount": 0.1}, {"trade_seq": 375, "trade_id": "230950407", "timestamp": 1664755611972, "tick_direction": 3, "price": 0.267, "mark_price": 0.2670034, "iv": 77.97, "instrument_name": "BTC-30DEC22-15000-C", "index_price": 19023.7, "direction": "sell", "amount": 0.1}, {"trade_seq": 374, "trade_id": "230950406", "timestamp": 1664755611944, "tick_direction": 3, "price": 0.267, "mark_price": 0.2670034, "iv": 77.97, "instrument_name": "BTC-30DEC22-15000-C", "index_price": 19023.7, "direction": "sell", "amount": 0.1}, {"trade_seq": 373, "trade_id": "230950403", "timestamp": 1664755610034, "tick_direction": 3, "price": 0.267, "mark_price": 0.26701035, "iv": 77.98, "instrument_name": "BTC-30DEC22-15000-C", "index_price": 19025.24, "direction": "sell", "amount": 0.1}, {"trade_seq": 372, "trade_id": "230950402", "timestamp": 1664755610022, "tick_direction": 3, "price": 0.267, "mark_price": 0.26701035, "iv": 77.98, "instrument_name": "BTC-30DEC22-15000-C", "index_price": 19025.24, "direction": "sell", "amount": 0.1}, {"trade_seq": 371, "trade_id": "230950401", "timestamp": 1664755610009, "tick_direction": 3, "price": 0.267, "mark_price": 0.26701035, "iv": 77.98, "instrument_name": "BTC-30DEC22-15000-C", "index_price": 19025.24, "direction": "sell", "amount": 0.1}, {"trade_seq": 370, "trade_id": "230950400", "timestamp": 1664755610000, "tick_direction": 3, "price": 0.267, "mark_price": 0.26701035, "iv": 77.98, "instrument_name": "BTC-30DEC22-15000-C", "index_price": 19025.24, "direction": "sell", "amount": 0.1}, {"trade_seq": 369, "trade_id": "230950399", "timestamp": 1664755609991, "tick_direction": 3, "price": 0.267, "mark_price": 0.26701035, "iv": 77.98, "instrument_name": "BTC-30DEC22-15000-C", "index_price": 19025.24, "direction": "sell", "amount": 0.1}, {"trade_seq": 368, "trade_id": "230950398", "timestamp": 1664755609982, "tick_direction": 3, "price": 0.267, "mark_price": 0.26701035, "iv": 77.98, "instrument_name": "BTC-30DEC22-15000-C", "index_price": 19025.24, "direction": "sell", "amount": 0.2}, {"trade_seq": 367, "trade_id": "230950397", "timestamp": 1664755609973, "tick_direction": 3, "price": 0.267, "mark_price": 0.26701035, "iv": 77.98, "instrument_name": "BTC-30DEC22-15000-C", "index_price": 19025.24, "direction": "sell", "amount": 0.2}, {"trade_seq": 366, "trade_id": "230950396", "timestamp": 1664755609962, "tick_direction": 2, "price": 0.267, "mark_price": 0.26701035, "iv": 77.98, "instrument_name": "BTC-30DEC22-15000-C", "index_price": 19025.24, "direction": "sell", "amount": 0.3}, {"trade_seq": 365, "trade_id": "230917392", "timestamp": 1664723444152, "tick_direction": 2, "price": 0.2705, "mark_price": 0.26989504, "iv": 77.88, "instrument_name": "BTC-30DEC22-15000-C", "index_price": 19134.11, "direction": "sell", "amount": 5.0}, {"trade_seq": 364, "trade_id": "230915707", "timestamp": 1664721013823, "tick_direction": 2, "price": 0.271, "mark_price": 0.27012925, "iv": 78.12, "instrument_name": "BTC-30DEC22-15000-C", "index_price": 19142.0, "direction": "sell", "amount": 5.0}, {"trade_seq": 363, "trade_id": "230903579", "timestamp": 1664703205899, "tick_direction": 3, "price": 0.273, "mark_price": 0.27225774, "iv": 77.44, "instrument_name": "BTC-30DEC22-15000-C", "index_price": 19243.99, "direction": "sell", "amount": 4.3}, {"trade_seq": 362, "trade_id": "230903524", "timestamp": 1664703153529, "tick_direction": 3, "price": 0.273, "mark_price": 0.2723635, "iv": 77.37, "instrument_name": "BTC-30DEC22-15000-C", "index_price": 19252.76, "direction": "sell", "amount": 1.7}, {"trade_seq": 361, "trade_id": "230903476", "timestamp": 1664703127500, "tick_direction": 3, "price": 0.273, "mark_price": 0.27255981, "iv": 77.24, "instrument_name": "BTC-30DEC22-15000-C", "index_price": 19260.7, "direction": "sell", "amount": 1.4}, {"trade_seq": 360, "trade_id": "230903423", "timestamp": 1664702980256, "tick_direction": 2, "price": 0.273, "mark_price": 0.27317073, "iv": 76.78, "instrument_name": "BTC-30DEC22-15000-C", "index_price": 19278.81, "direction": "sell", "amount": 2.6}, {"trade_seq": 359, "trade_id": "230631039", "timestamp": 1664455521386, "tick_direction": 3, "price": 0.2755, "mark_price": 0.27579997, "iv": 79.11, "instrument_name": "BTC-30DEC22-15000-C", "index_price": 19215.97, "direction": "buy", "amount": 2.9}, {"trade_seq": 358, "trade_id": "230631038", "timestamp": 1664455521385, "tick_direction": 2, "price": 0.2755, "mark_price": 0.27579997, "iv": 79.11, "instrument_name": "BTC-30DEC22-15000-C", "index_price": 19215.97, "direction": "buy", "amount": 1.1}, {"trade_seq": 357, "trade_id": "230580919", "timestamp": 1664405461796, "tick_direction": 3, "price": 0.282, "mark_price": 0.28217464, "iv": 78.9, "instrument_name": "BTC-30DEC22-15000-C", "index_price": 19453.52, "direction": "buy", "amount": 4.4}, {"trade_seq": 356, "trade_id": "230580918", "timestamp": 1664405461796, "tick_direction": 2, "price": 0.282, "mark_price": 0.28217464, "iv": 78.9, "instrument_name": "BTC-30DEC22-15000-C", "index_price": 19453.52, "direction": "buy", "amount": 1.6}, {"trade_seq": 355, "trade_id": "230579901", "timestamp": 1664405065859, "tick_direction": 1, "price": 0.2845, "mark_price": 0.28461885, "iv": 79.0, "instrument_name": "BTC-30DEC22-15000-C", "index_price": 19537.85, "direction": "buy", "amount": 0.2}, {"trade_seq": 354, "trade_id": "230579900", "timestamp": 1664405065666, "tick_direction": 1, "price": 0.2845, "mark_price": 0.28461885, "iv": 79.0, "instrument_name": "BTC-30DEC22-15000-C", "index_price": 19537.85, "direction": "buy", "amount": 0.1}, {"trade_seq": 353, "trade_id": "230579899", "timestamp": 1664405065601, "tick_direction": 1, "price": 0.2845, "mark_price": 0.28461602, "iv": 79.0, "instrument_name": "BTC-30DEC22-15000-C", "index_price": 19537.85, "direction": "buy", "amount": 3.3}, {"trade_seq": 352, "trade_id": "230579898", "timestamp": 1664405052936, "tick_direction": 1, "price": 0.2845, "mark_price": 0.28460994, "iv": 79.02, "instrument_name": "BTC-30DEC22-15000-C", "index_price": 19538.09, "direction": "buy", "amount": 0.2}, {"trade_seq": 351, "trade_id": "230579897", "timestamp": 1664405042155, "tick_direction": 1, "price": 0.2845, "mark_price": 0.28444615, "iv": 79.07, "instrument_name": "BTC-30DEC22-15000-C", "index_price": 19535.45, "direction": "buy", "amount": 0.2}, {"trade_seq": 350, "trade_id": "230579892", "timestamp": 1664405037067, "tick_direction": 1, "price": 0.2845, "mark_price": 0.28466527, "iv": 78.97, "instrument_name": "BTC-30DEC22-15000-C", "index_price": 19540.17, "direction": "buy", "amount": 0.2}, {"trade_seq": 349, "trade_id": "230579891", "timestamp": 1664405030466, "tick_direction": 1, "price": 0.2845, "mark_price": 0.28462396, "iv": 79.0, "instrument_name": "BTC-30DEC22-15000-C", "index_price": 19538.72, "direction": "buy", "amount": 0.2}, {"trade_seq": 348, "trade_id": "230579890", "timestamp": 1664405028407, "tick_direction": 1, "price": 0.2845, "mark_price": 0.28462633, "iv": 79.0, "instrument_name": "BTC-30DEC22-15000-C", "index_price": 19538.69, "direction": "buy", "amount": 0.1}, {"trade_seq": 347, "trade_id": "230579889", "timestamp": 1664405027766, "tick_direction": 1, "price": 0.2845, "mark_price": 0.28462633, "iv": 79.0, "instrument_name": "BTC-30DEC22-15000-C", "index_price": 19538.69, "direction": "buy", "amount": 0.2}, {"trade_seq": 346, "trade_id": "230579888", "timestamp": 1664405025334, "tick_direction": 1, "price": 0.2845, "mark_price": 0.28462479, "iv": 78.99, "instrument_name": "BTC-30DEC22-15000-C", "index_price": 19538.86, "direction": "buy", "amount": 0.2}, {"trade_seq": 345, "trade_id": "230579887", "timestamp": 1664405024900, "tick_direction": 1, "price": 0.2845, "mark_price": 0.28462479, "iv": 78.99, "instrument_name": "BTC-30DEC22-15000-C", "index_price": 19538.86, "direction": "buy", "amount": 0.1}, {"trade_seq": 344, "trade_id": "230579886", "timestamp": 1664405024327, "tick_direction": 1, "price": 0.2845, "mark_price": 0.28463424, "iv": 79.0, "instrument_name": "BTC-30DEC22-15000-C", "index_price": 19538.41, "direction": "buy", "amount": 0.2}, {"trade_seq": 343, "trade_id": "230579885", "timestamp": 1664405024291, "tick_direction": 1, "price": 0.2845, "mark_price": 0.28463424, "iv": 79.0, "instrument_name": "BTC-30DEC22-15000-C", "index_price": 19538.41, "direction": "buy", "amount": 0.1}, {"trade_seq": 342, "trade_id": "230579884", "timestamp": 1664405022762, "tick_direction": 1, "price": 0.2845, "mark_price": 0.284613, "iv": 78.99, "instrument_name": "BTC-30DEC22-15000-C", "index_price": 19538.69, "direction": "buy", "amount": 0.2}, {"trade_seq": 341, "trade_id": "230579883", "timestamp": 1664405022665, "tick_direction": 1, "price": 0.2845, "mark_price": 0.284613, "iv": 79.01, "instrument_name": "BTC-30DEC22-15000-C", "index_price": 19537.83, "direction": "buy", "amount": 0.3}, {"trade_seq": 340, "trade_id": "230579881", "timestamp": 1664405018838, "tick_direction": 1, "price": 0.2845, "mark_price": 0.28453627, "iv": 79.01, "instrument_name": "BTC-30DEC22-15000-C", "index_price": 19537.91, "direction": "buy", "amount": 0.3}, {"trade_seq": 339, "trade_id": "230579880", "timestamp": 1664405018278, "tick_direction": 1, "price": 0.2845, "mark_price": 0.28437232, "iv": 79.07, "instrument_name": "BTC-30DEC22-15000-C", "index_price": 19535.18, "direction": "buy", "amount": 0.2}, {"trade_seq": 338, "trade_id": "230579879", "timestamp": 1664405017933, "tick_direction": 1, "price": 0.2845, "mark_price": 0.28437232, "iv": 79.07, "instrument_name": "BTC-30DEC22-15000-C", "index_price": 19535.18, "direction": "buy", "amount": 0.6}, {"trade_seq": 337, "trade_id": "230579878", "timestamp": 1664405017480, "tick_direction": 1, "price": 0.2845, "mark_price": 0.28438766, "iv": 79.18, "instrument_name": "BTC-30DEC22-15000-C", "index_price": 19529.07, "direction": "buy", "amount": 0.2}, {"trade_seq": 336, "trade_id": "230579877", "timestamp": 1664405017447, "tick_direction": 1, "price": 0.2845, "mark_price": 0.28438766, "iv": 79.18, "instrument_name": "BTC-30DEC22-15000-C", "index_price": 19529.07, "direction": "buy", "amount": 0.4}, {"trade_seq": 335, "trade_id": "230579876", "timestamp": 1664405017421, "tick_direction": 1, "price": 0.2845, "mark_price": 0.28438766, "iv": 79.18, "instrument_name": "BTC-30DEC22-15000-C", "index_price": 19529.07, "direction": "buy", "amount": 0.2}, {"trade_seq": 334, "trade_id": "230579875", "timestamp": 1664405017408, "tick_direction": 1, "price": 0.2845, "mark_price": 0.28438766, "iv": 79.18, "instrument_name": "BTC-30DEC22-15000-C", "index_price": 19529.07, "direction": "buy", "amount": 0.3}, {"trade_seq": 333, "trade_id": "230579874", "timestamp": 1664405017380, "tick_direction": 1, "price": 0.2845, "mark_price": 0.28438766, "iv": 79.18, "instrument_name": "BTC-30DEC22-15000-C", "index_price": 19529.07, "direction": "buy", "amount": 0.2}, {"trade_seq": 332, "trade_id": "230579864", "timestamp": 1664404966015, "tick_direction": 1, "price": 0.2845, "mark_price": 0.28441807, "iv": 79.16, "instrument_name": "BTC-30DEC22-15000-C", "index_price": 19530.09, "direction": "buy", "amount": 0.1}, {"trade_seq": 331, "trade_id": "230579863", "timestamp": 1664404965984, "tick_direction": 1, "price": 0.2845, "mark_price": 0.28441807, "iv": 79.16, "instrument_name": "BTC-30DEC22-15000-C", "index_price": 19530.09, "direction": "buy", "amount": 0.2}, {"trade_seq": 330, "trade_id": "230579862", "timestamp": 1664404964607, "tick_direction": 1, "price": 0.2845, "mark_price": 0.28440159, "iv": 79.15, "instrument_name": "BTC-30DEC22-15000-C", "index_price": 19530.49, "direction": "buy", "amount": 0.1}, {"trade_seq": 329, "trade_id": "230579861", "timestamp": 1664404963745, "tick_direction": 1, "price": 0.2845, "mark_price": 0.28443157, "iv": 79.16, "instrument_name": "BTC-30DEC22-15000-C", "index_price": 19529.81, "direction": "buy", "amount": 0.1}, {"trade_seq": 328, "trade_id": "230579858", "timestamp": 1664404962355, "tick_direction": 1, "price": 0.2845, "mark_price": 0.28442581, "iv": 79.14, "instrument_name": "BTC-30DEC22-15000-C", "index_price": 19530.8, "direction": "buy", "amount": 0.1}, {"trade_seq": 327, "trade_id": "230579816", "timestamp": 1664404917992, "tick_direction": 1, "price": 0.2845, "mark_price": 0.28447423, "iv": 79.11, "instrument_name": "BTC-30DEC22-15000-C", "index_price": 19530.16, "direction": "buy", "amount": 0.1}, {"trade_seq": 326, "trade_id": "230579811", "timestamp": 1664404900289, "tick_direction": 1, "price": 0.2845, "mark_price": 0.28449815, "iv": 79.09, "instrument_name": "BTC-30DEC22-15000-C", "index_price": 19530.96, "direction": "buy", "amount": 0.1}, {"trade_seq": 325, "trade_id": "230579810", "timestamp": 1664404899640, "tick_direction": 1, "price": 0.2845, "mark_price": 0.2844741, "iv": 79.11, "instrument_name": "BTC-30DEC22-15000-C", "index_price": 19529.85, "direction": "buy", "amount": 0.1}, {"trade_seq": 324, "trade_id": "230579801", "timestamp": 1664404894016, "tick_direction": 0, "price": 0.2845, "mark_price": 0.28466718, "iv": 78.97, "instrument_name": "BTC-30DEC22-15000-C", "index_price": 19536.71, "direction": "buy", "amount": 0.9}, {"trade_seq": 323, "trade_id": "230470800", "timestamp": 1664349395843, "tick_direction": 3, "price": 0.2615, "mark_price": 0.26222859, "iv": 78.75, "instrument_name": "BTC-30DEC22-15000-C", "index_price": 18683.26, "direction": "buy", "amount": 0.1}, {"trade_seq": 322, "trade_id": "230470796", "timestamp": 1664349393221, "tick_direction": 3, "price": 0.2615, "mark_price": 0.26222222, "iv": 78.78, "instrument_name": "BTC-30DEC22-15000-C", "index_price": 18681.6, "direction": "buy", "amount": 0.4}, {"trade_seq": 321, "trade_id": "230470790", "timestamp": 1664349390164, "tick_direction": 3, "price": 0.2615, "mark_price": 0.26227169, "iv": 78.75, "instrument_name": "BTC-30DEC22-15000-C", "index_price": 18683.19, "direction": "buy", "amount": 0.3}, {"trade_seq": 320, "trade_id": "230470789", "timestamp": 1664349390154, "tick_direction": 3, "price": 0.2615, "mark_price": 0.26227169, "iv": 78.75, "instrument_name": "BTC-30DEC22-15000-C", "index_price": 18683.19, "direction": "buy", "amount": 0.5}, {"trade_seq": 319, "trade_id": "230470788", "timestamp": 1664349389887, "tick_direction": 3, "price": 0.2615, "mark_price": 0.26227169, "iv": 78.75, "instrument_name": "BTC-30DEC22-15000-C", "index_price": 18683.19, "direction": "buy", "amount": 0.6}, {"trade_seq": 318, "trade_id": "230470784", "timestamp": 1664349388101, "tick_direction": 3, "price": 0.2615, "mark_price": 0.26212209, "iv": 78.83, "instrument_name": "BTC-30DEC22-15000-C", "index_price": 18679.31, "direction": "buy", "amount": 0.1}, {"trade_seq": 317, "trade_id": "230470779", "timestamp": 1664349387901, "tick_direction": 3, "price": 0.2615, "mark_price": 0.26212209, "iv": 78.83, "instrument_name": "BTC-30DEC22-15000-C", "index_price": 18679.31, "direction": "buy", "amount": 0.3}, {"trade_seq": 316, "trade_id": "230470774", "timestamp": 1664349385584, "tick_direction": 3, "price": 0.2615, "mark_price": 0.26210088, "iv": 78.87, "instrument_name": "BTC-30DEC22-15000-C", "index_price": 18677.75, "direction": "buy", "amount": 0.1}, {"trade_seq": 315, "trade_id": "230470772", "timestamp": 1664349385140, "tick_direction": 3, "price": 0.2615, "mark_price": 0.26198545, "iv": 78.87, "instrument_name": "BTC-30DEC22-15000-C", "index_price": 18677.75, "direction": "buy", "amount": 0.2}, {"trade_seq": 314, "trade_id": "230470771", "timestamp": 1664349384749, "tick_direction": 3, "price": 0.2615, "mark_price": 0.26198545, "iv": 78.87, "instrument_name": "BTC-30DEC22-15000-C", "index_price": 18677.75, "direction": "buy", "amount": 0.1}, {"trade_seq": 313, "trade_id": "230470770", "timestamp": 1664349384715, "tick_direction": 3, "price": 0.2615, "mark_price": 0.26198545, "iv": 78.87, "instrument_name": "BTC-30DEC22-15000-C", "index_price": 18677.75, "direction": "buy", "amount": 0.1}, {"trade_seq": 312, "trade_id": "230470768", "timestamp": 1664349384700, "tick_direction": 3, "price": 0.2615, "mark_price": 0.26198545, "iv": 78.87, "instrument_name": "BTC-30DEC22-15000-C", "index_price": 18677.75, "direction": "buy", "amount": 3.0}, {"trade_seq": 311, "trade_id": "230470764", "timestamp": 1664349384432, "tick_direction": 3, "price": 0.2615, "mark_price": 0.26198545, "iv": 78.97, "instrument_name": "BTC-30DEC22-15000-C", "index_price": 18674.05, "direction": "buy", "amount": 0.3}, {"trade_seq": 310, "trade_id": "230470762", "timestamp": 1664349384225, "tick_direction": 3, "price": 0.2615, "mark_price": 0.26198545, "iv": 78.97, "instrument_name": "BTC-30DEC22-15000-C", "index_price": 18674.05, "direction": "buy", "amount": 0.4}, {"trade_seq": 309, "trade_id": "230470761", "timestamp": 1664349384207, "tick_direction": 3, "price": 0.2615, "mark_price": 0.26198545, "iv": 78.97, "instrument_name": "BTC-30DEC22-15000-C", "index_price": 18674.05, "direction": "buy", "amount": 0.6}, {"trade_seq": 308, "trade_id": "230470760", "timestamp": 1664349384190, "tick_direction": 3, "price": 0.2615, "mark_price": 0.26198545, "iv": 78.97, "instrument_name": "BTC-30DEC22-15000-C", "index_price": 18674.05, "direction": "buy", "amount": 0.1}, {"trade_seq": 307, "trade_id": "230470758", "timestamp": 1664349384156, "tick_direction": 3, "price": 0.2615, "mark_price": 0.26195056, "iv": 78.97, "instrument_name": "BTC-30DEC22-15000-C", "index_price": 18674.05, "direction": "buy", "amount": 0.1}, {"trade_seq": 306, "trade_id": "230470757", "timestamp": 1664349384036, "tick_direction": 3, "price": 0.2615, "mark_price": 0.26195056, "iv": 78.97, "instrument_name": "BTC-30DEC22-15000-C", "index_price": 18674.05, "direction": "buy", "amount": 0.3}, {"trade_seq": 305, "trade_id": "230470756", "timestamp": 1664349384014, "tick_direction": 3, "price": 0.2615, "mark_price": 0.26195056, "iv": 78.97, "instrument_name": "BTC-30DEC22-15000-C", "index_price": 18674.05, "direction": "buy", "amount": 0.4}, {"trade_seq": 304, "trade_id": "230470749", "timestamp": 1664349383912, "tick_direction": 3, "price": 0.2615, "mark_price": 0.26195056, "iv": 78.97, "instrument_name": "BTC-30DEC22-15000-C", "index_price": 18674.05, "direction": "buy", "amount": 0.6}, {"trade_seq": 303, "trade_id": "230470738", "timestamp": 1664349382989, "tick_direction": 3, "price": 0.2615, "mark_price": 0.26192693, "iv": 78.97, "instrument_name": "BTC-30DEC22-15000-C", "index_price": 18672.78, "direction": "buy", "amount": 0.2}, {"trade_seq": 302, "trade_id": "230470736", "timestamp": 1664349381714, "tick_direction": 3, "price": 0.2615, "mark_price": 0.26186311, "iv": 78.98, "instrument_name": "BTC-30DEC22-15000-C", "index_price": 18671.98, "direction": "buy", "amount": 0.5}, {"trade_seq": 301, "trade_id": "230470719", "timestamp": 1664349379797, "tick_direction": 3, "price": 0.2615, "mark_price": 0.26186309, "iv": 79.02, "instrument_name": "BTC-30DEC22-15000-C", "index_price": 18669.87, "direction": "buy", "amount": 0.1}, {"trade_seq": 300, "trade_id": "230470644", "timestamp": 1664349322284, "tick_direction": 3, "price": 0.2615, "mark_price": 0.26163607, "iv": 79.16, "instrument_name": "BTC-30DEC22-15000-C", "index_price": 18665.79, "direction": "buy", "amount": 0.2}, {"trade_seq": 299, "trade_id": "230470643", "timestamp": 1664349322226, "tick_direction": 3, "price": 0.2615, "mark_price": 0.26163607, "iv": 79.16, "instrument_name": "BTC-30DEC22-15000-C", "index_price": 18665.79, "direction": "buy", "amount": 0.4}, {"trade_seq": 298, "trade_id": "230469910", "timestamp": 1664349013611, "tick_direction": 3, "price": 0.2615, "mark_price": 0.26174181, "iv": 79.18, "instrument_name": "BTC-30DEC22-15000-C", "index_price": 18661.74, "direction": "buy", "amount": 0.3}, {"trade_seq": 297, "trade_id": "230469909", "timestamp": 1664349013510, "tick_direction": 3, "price": 0.2615, "mark_price": 0.26174181, "iv": 79.18, "instrument_name": "BTC-30DEC22-15000-C", "index_price": 18661.74, "direction": "buy", "amount": 0.2}, {"trade_seq": 296, "trade_id": "230469908", "timestamp": 1664349013457, "tick_direction": 3, "price": 0.2615, "mark_price": 0.26174181, "iv": 79.18, "instrument_name": "BTC-30DEC22-15000-C", "index_price": 18661.74, "direction": "buy", "amount": 0.1}, {"trade_seq": 295, "trade_id": "230469907", "timestamp": 1664349013450, "tick_direction": 3, "price": 0.2615, "mark_price": 0.26174181, "iv": 79.18, "instrument_name": "BTC-30DEC22-15000-C", "index_price": 18661.74, "direction": "buy", "amount": 7.9}, {"trade_seq": 294, "trade_id": "230469906", "timestamp": 1664349013444, "tick_direction": 3, "price": 0.2615, "mark_price": 0.26174181, "iv": 79.18, "instrument_name": "BTC-30DEC22-15000-C", "index_price": 18661.74, "direction": "buy", "amount": 0.2}, {"trade_seq": 293, "trade_id": "230469903", "timestamp": 1664349013368, "tick_direction": 3, "price": 0.2615, "mark_price": 0.26174181, "iv": 79.18, "instrument_name": "BTC-30DEC22-15000-C", "index_price": 18661.74, "direction": "buy", "amount": 0.5}, {"trade_seq": 292, "trade_id": "230469892", "timestamp": 1664349013324, "tick_direction": 3, "price": 0.2615, "mark_price": 0.26174181, "iv": 79.18, "instrument_name": "BTC-30DEC22-15000-C", "index_price": 18661.74, "direction": "buy", "amount": 0.6}, {"trade_seq": 291, "trade_id": "230469891", "timestamp": 1664349013304, "tick_direction": 3, "price": 0.2615, "mark_price": 0.26174181, "iv": 79.18, "instrument_name": "BTC-30DEC22-15000-C", "index_price": 18661.74, "direction": "buy", "amount": 0.6}, {"trade_seq": 290, "trade_id": "230469889", "timestamp": 1664349013243, "tick_direction": 3, "price": 0.2615, "mark_price": 0.26174181, "iv": 79.18, "instrument_name": "BTC-30DEC22-15000-C", "index_price": 18661.74, "direction": "buy", "amount": 0.2}, {"trade_seq": 289, "trade_id": "230469888", "timestamp": 1664349013201, "tick_direction": 3, "price": 0.2615, "mark_price": 0.26163, "iv": 79.18, "instrument_name": "BTC-30DEC22-15000-C", "index_price": 18661.74, "direction": "buy", "amount": 0.2}, {"trade_seq": 288, "trade_id": "230469873", "timestamp": 1664349012548, "tick_direction": 3, "price": 0.2615, "mark_price": 0.26163, "iv": 79.25, "instrument_name": "BTC-30DEC22-15000-C", "index_price": 18657.75, "direction": "buy", "amount": 0.3}, {"trade_seq": 287, "trade_id": "230469872", "timestamp": 1664349012364, "tick_direction": 3, "price": 0.2615, "mark_price": 0.26163, "iv": 79.25, "instrument_name": "BTC-30DEC22-15000-C", "index_price": 18657.75, "direction": "buy", "amount": 0.2}, {"trade_seq": 286, "trade_id": "230469869", "timestamp": 1664349012044, "tick_direction": 3, "price": 0.2615, "mark_price": 0.26161272, "iv": 79.25, "instrument_name": "BTC-30DEC22-15000-C", "index_price": 18657.75, "direction": "buy", "amount": 2.0}, {"trade_seq": 285, "trade_id": "230469868", "timestamp": 1664349012039, "tick_direction": 3, "price": 0.2615, "mark_price": 0.26161272, "iv": 79.25, "instrument_name": "BTC-30DEC22-15000-C", "index_price": 18657.75, "direction": "buy", "amount": 0.8}, {"trade_seq": 284, "trade_id": "230469867", "timestamp": 1664349012034, "tick_direction": 3, "price": 0.2615, "mark_price": 0.26161272, "iv": 79.25, "instrument_name": "BTC-30DEC22-15000-C", "index_price": 18657.75, "direction": "buy", "amount": 3.0}