{"trades": [{"trade_seq": 1876, "trade_id": "138540108", "timestamp": 1616631445445, "tick_direction": 2, "price": 0.7365, "mark_price": 0.73502228, "iv": 500.0, "instrument_name": "BTC-26MAR21-14000-C", "index_price": 52682.44, "direction": "buy", "amount": 0.1}, {"trade_seq": 1875, "trade_id": "138170085", "timestamp": 1616569439585, "tick_direction": 1, "price": 0.7455, "mark_price": 0.74629836, "iv": 0.0, "instrument_name": "BTC-26MAR21-14000-C", "index_price": 55138.69, "direction": "buy", "amount": 0.2}, {"trade_seq": 1874, "trade_id": "138169810", "timestamp": 1616569430827, "tick_direction": 1, "price": 0.7455, "mark_price": 0.74598986, "iv": 0.0, "instrument_name": "BTC-26MAR21-14000-C", "index_price": 55053.3, "direction": "buy", "amount": 0.1}, {"trade_seq": 1873, "trade_id": "138169547", "timestamp": 1616569423721, "tick_direction": 1, "price": 0.7455, "mark_price": 0.74558809, "iv": 0.0, "instrument_name": "BTC-26MAR21-14000-C", "index_price": 54970.79, "direction": "buy", "amount": 0.1}, {"trade_seq": 1872, "trade_id": "138160618", "timestamp": 1616567911310, "tick_direction": 0, "price": 0.7455, "mark_price": 0.74561693, "iv": 0.0, "instrument_name": "BTC-26MAR21-14000-C", "index_price": 54962.23, "direction": "buy", "amount": 0.1}, {"trade_seq": 1871, "trade_id": "138080089", "timestamp": 1616542803158, "tick_direction": 2, "price": 0.7425, "mark_price": 0.74319763, "iv": 0.0, "instrument_name": "BTC-26MAR21-14000-C", "index_price": 54446.91, "direction": "sell", "amount": 3.7}, {"trade_seq": 1870, "trade_id": "136818526", "timestamp": 1616025644472, "tick_direction": 0, "price": 0.766, "mark_price": 0.76417645, "iv": 444.32, "instrument_name": "BTC-26MAR21-14000-C", "index_price": 59138.82, "direction": "buy", "amount": 0.1}, {"trade_seq": 1869, "trade_id": "136715223", "timestamp": 1616004029243, "tick_direction": 3, "price": 0.751, "mark_price": 0.74987588, "iv": 395.78, "instrument_name": "BTC-26MAR21-14000-C", "index_price": 55752.71, "direction": "buy", "amount": 0.1}, {"trade_seq": 1868, "trade_id": "136715092", "timestamp": 1616004018502, "tick_direction": 2, "price": 0.751, "mark_price": 0.74948111, "iv": 411.83, "instrument_name": "BTC-26MAR21-14000-C", "index_price": 55672.51, "direction": "buy", "amount": 0.1}, {"trade_seq": 1867, "trade_id": "135953903", "timestamp": 1615792638524, "tick_direction": 1, "price": 0.759, "mark_price": 0.76015402, "iv": 0.0, "instrument_name": "BTC-26MAR21-14000-C", "index_price": 57901.19, "direction": "sell", "amount": 0.1}, {"trade_seq": 1866, "trade_id": "135953706", "timestamp": 1615792635442, "tick_direction": 1, "price": 0.759, "mark_price": 0.76025867, "iv": 0.0, "instrument_name": "BTC-26MAR21-14000-C", "index_price": 57907.61, "direction": "sell", "amount": 0.4}, {"trade_seq": 1865, "trade_id": "135953549", "timestamp": 1615792630991, "tick_direction": 0, "price": 0.759, "mark_price": 0.76047614, "iv": 0.0, "instrument_name": "BTC-26MAR21-14000-C", "index_price": 57960.51, "direction": "sell", "amount": 0.1}, {"trade_seq": 1864, "trade_id": "134846513", "timestamp": 1615407402809, "tick_direction": 0, "price": 0.756, "mark_price": 0.7555097, "iv": 270.53, "instrument_name": "BTC-26MAR21-14000-C", "index_price": 56575.74, "direction": "sell", "amount": 0.7}, {"trade_seq": 1863, "trade_id": "132513330", "timestamp": 1614529357368, "tick_direction": 1, "price": 0.683, "mark_price": 0.68348731, "iv": 158.66, "instrument_name": "BTC-26MAR21-14000-C", "index_price": 43666.78, "direction": "buy", "amount": 1.0}, {"trade_seq": 1862, "trade_id": "132513218", "timestamp": 1614529276807, "tick_direction": 1, "price": 0.683, "mark_price": 0.68354606, "iv": 153.78, "instrument_name": "BTC-26MAR21-14000-C", "index_price": 43676.81, "direction": "buy", "amount": 1.0}, {"trade_seq": 1861, "trade_id": "132513145", "timestamp": 1614529221035, "tick_direction": 0, "price": 0.683, "mark_price": 0.68349002, "iv": 158.24, "instrument_name": "BTC-26MAR21-14000-C", "index_price": 43668.74, "direction": "buy", "amount": 1.0}, {"trade_seq": 1860, "trade_id": "132512913", "timestamp": 1614529157229, "tick_direction": 2, "price": 0.6825, "mark_price": 0.68270706, "iv": 163.65, "instrument_name": "BTC-26MAR21-14000-C", "index_price": 43588.2, "direction": "buy", "amount": 1.0}, {"trade_seq": 1859, "trade_id": "132512381", "timestamp": 1614529060986, "tick_direction": 0, "price": 0.683, "mark_price": 0.68329971, "iv": 168.93, "instrument_name": "BTC-26MAR21-14000-C", "index_price": 43634.34, "direction": "buy", "amount": 1.0}, {"trade_seq": 1858, "trade_id": "132512190", "timestamp": 1614529022175, "tick_direction": 0, "price": 0.6825, "mark_price": 0.68278685, "iv": 169.61, "instrument_name": "BTC-26MAR21-14000-C", "index_price": 43545.58, "direction": "buy", "amount": 1.0}, {"trade_seq": 1857, "trade_id": "132511852", "timestamp": 1614528930452, "tick_direction": 3, "price": 0.681, "mark_price": 0.68142471, "iv": 165.5, "instrument_name": "BTC-26MAR21-14000-C", "index_price": 43363.96, "direction": "buy", "amount": 1.0}, {"trade_seq": 1856, "trade_id": "132511683", "timestamp": 1614528908874, "tick_direction": 2, "price": 0.681, "mark_price": 0.68169204, "iv": 142.58, "instrument_name": "BTC-26MAR21-14000-C", "index_price": 43405.97, "direction": "buy", "amount": 1.0}, {"trade_seq": 1855, "trade_id": "132511093", "timestamp": 1614528764053, "tick_direction": 2, "price": 0.6815, "mark_price": 0.68161368, "iv": 174.58, "instrument_name": "BTC-26MAR21-14000-C", "index_price": 43404.34, "direction": "buy", "amount": 1.0}, {"trade_seq": 1854, "trade_id": "132510518", "timestamp": 1614528691217, "tick_direction": 2, "price": 0.6825, "mark_price": 0.68305356, "iv": 153.76, "instrument_name": "BTC-26MAR21-14000-C", "index_price": 43578.73, "direction": "buy", "amount": 1.0}, {"trade_seq": 1853, "trade_id": "130924331", "timestamp": 1614112800723, "tick_direction": 2, "price": 0.703, "mark_price": 0.7132448, "iv": 0.0, "instrument_name": "BTC-26MAR21-14000-C", "index_price": 47281.96, "direction": "sell", "amount": 0.1}, {"trade_seq": 1852, "trade_id": "129096483", "timestamp": 1613758081830, "tick_direction": 1, "price": 0.748, "mark_price": 0.75517022, "iv": 0.0, "instrument_name": "BTC-26MAR21-14000-C", "index_price": 54741.98, "direction": "sell", "amount": 0.1}, {"trade_seq": 1851, "trade_id": "129096383", "timestamp": 1613758047082, "tick_direction": 0, "price": 0.748, "mark_price": 0.75505014, "iv": 0.0, "instrument_name": "BTC-26MAR21-14000-C", "index_price": 54710.77, "direction": "sell", "amount": 0.1}, {"trade_seq": 1850, "trade_id": "128574789", "timestamp": 1613571390998, "tick_direction": 0, "price": 0.731, "mark_price": 0.73993371, "iv": 0.0, "instrument_name": "BTC-26MAR21-14000-C", "index_price": 51132.41, "direction": "sell", "amount": 0.2}, {"trade_seq": 1849, "trade_id": "128365848", "timestamp": 1613520070633, "tick_direction": 0, "price": 0.726, "mark_price": 0.72676364, "iv": 163.76, "instrument_name": "BTC-26MAR21-14000-C", "index_price": 49280.24, "direction": "buy", "amount": 5.0}, {"trade_seq": 1848, "trade_id": "128033996", "timestamp": 1613436060240, "tick_direction": 2, "price": 0.715, "mark_price": 0.71641954, "iv": 134.08, "instrument_name": "BTC-26MAR21-14000-C", "index_price": 47469.88, "direction": "buy", "amount": 0.1}, {"trade_seq": 1847, "trade_id": "127655630", "timestamp": 1613316163932, "tick_direction": 0, "price": 0.7285, "mark_price": 0.72573283, "iv": 212.67, "instrument_name": "BTC-26MAR21-14000-C", "index_price": 48608.63, "direction": "buy", "amount": 9.0}, {"trade_seq": 1846, "trade_id": "127655366", "timestamp": 1613316105357, "tick_direction": 3, "price": 0.728, "mark_price": 0.726142, "iv": 204.57, "instrument_name": "BTC-26MAR21-14000-C", "index_price": 48668.96, "direction": "sell", "amount": 0.7}, {"trade_seq": 1845, "trade_id": "127655365", "timestamp": 1613316105351, "tick_direction": 2, "price": 0.728, "mark_price": 0.726142, "iv": 204.87, "instrument_name": "BTC-26MAR21-14000-C", "index_price": 48668.96, "direction": "buy", "amount": 0.3}, {"trade_seq": 1844, "trade_id": "127604879", "timestamp": 1613299596355, "tick_direction": 0, "price": 0.73, "mark_price": 0.72974748, "iv": 187.29, "instrument_name": "BTC-26MAR21-14000-C", "index_price": 49176.71, "direction": "sell", "amount": 0.1}, {"trade_seq": 1843, "trade_id": "126838743", "timestamp": 1613048917815, "tick_direction": 0, "price": 0.7145, "mark_price": 0.7129707, "iv": 183.13, "instrument_name": "BTC-26MAR21-14000-C", "index_price": 46897.98, "direction": "buy", "amount": 30.0}, {"trade_seq": 1842, "trade_id": "126800325", "timestamp": 1613035938712, "tick_direction": 0, "price": 0.7035, "mark_price": 0.70199408, "iv": 179.85, "instrument_name": "BTC-26MAR21-14000-C", "index_price": 45161.01, "direction": "buy", "amount": 10.0}, {"trade_seq": 1841, "trade_id": "126799689", "timestamp": 1613035731830, "tick_direction": 0, "price": 0.7025, "mark_price": 0.70110529, "iv": 177.21, "instrument_name": "BTC-26MAR21-14000-C", "index_price": 45053.92, "direction": "buy", "amount": 10.0}, {"trade_seq": 1840, "trade_id": "125769682", "timestamp": 1612788700790, "tick_direction": 1, "price": 0.685, "mark_price": 0.68476608, "iv": 155.46, "instrument_name": "BTC-26MAR21-14000-C", "index_price": 41847.08, "direction": "buy", "amount": 7.0}, {"trade_seq": 1839, "trade_id": "125769681", "timestamp": 1612788700786, "tick_direction": 0, "price": 0.685, "mark_price": 0.68476608, "iv": 155.46, "instrument_name": "BTC-26MAR21-14000-C", "index_price": 41847.08, "direction": "buy", "amount": 10.4}, {"trade_seq": 1838, "trade_id": "125767181", "timestamp": 1612788685554, "tick_direction": 1, "price": 0.682, "mark_price": 0.6815788, "iv": 157.28, "instrument_name": "BTC-26MAR21-14000-C", "index_price": 41635.47, "direction": "buy", "amount": 1.7}, {"trade_seq": 1837, "trade_id": "125767175", "timestamp": 1612788685545, "tick_direction": 1, "price": 0.682, "mark_price": 0.6815788, "iv": 157.28, "instrument_name": "BTC-26MAR21-14000-C", "index_price": 41635.47, "direction": "buy", "amount": 1.6}, {"trade_seq": 1836, "trade_id": "125767166", "timestamp": 1612788685516, "tick_direction": 1, "price": 0.682, "mark_price": 0.6815788, "iv": 157.28, "instrument_name": "BTC-26MAR21-14000-C", "index_price": 41635.47, "direction": "buy", "amount": 1.5}, {"trade_seq": 1835, "trade_id": "125767128", "timestamp": 1612788685463, "tick_direction": 1, "price": 0.682, "mark_price": 0.6815788, "iv": 157.28, "instrument_name": "BTC-26MAR21-14000-C", "index_price": 41635.47, "direction": "buy", "amount": 11.7}, {"trade_seq": 1834, "trade_id": "125767100", "timestamp": 1612788685394, "tick_direction": 0, "price": 0.682, "mark_price": 0.6815788, "iv": 157.28, "instrument_name": "BTC-26MAR21-14000-C", "index_price": 41635.47, "direction": "buy", "amount": 3.0}, {"trade_seq": 1833, "trade_id": "125761967", "timestamp": 1612788577053, "tick_direction": 0, "price": 0.676, "mark_price": 0.67565414, "iv": 156.08, "instrument_name": "BTC-26MAR21-14000-C", "index_price": 41022.69, "direction": "buy", "amount": 10.0}, {"trade_seq": 1832, "trade_id": "125748647", "timestamp": 1612788342900, "tick_direction": 1, "price": 0.673, "mark_price": 0.67262948, "iv": 155.55, "instrument_name": "BTC-26MAR21-14000-C", "index_price": 40797.33, "direction": "buy", "amount": 0.1}, {"trade_seq": 1831, "trade_id": "125748639", "timestamp": 1612788342611, "tick_direction": 1, "price": 0.673, "mark_price": 0.67262948, "iv": 155.55, "instrument_name": "BTC-26MAR21-14000-C", "index_price": 40797.33, "direction": "buy", "amount": 0.4}, {"trade_seq": 1830, "trade_id": "125748604", "timestamp": 1612788342442, "tick_direction": 0, "price": 0.673, "mark_price": 0.67262948, "iv": 155.55, "instrument_name": "BTC-26MAR21-14000-C", "index_price": 40797.33, "direction": "buy", "amount": 0.1}, {"trade_seq": 1829, "trade_id": "125604831", "timestamp": 1612726254975, "tick_direction": 0, "price": 0.651, "mark_price": 0.64913005, "iv": 162.51, "instrument_name": "BTC-26MAR21-14000-C", "index_price": 38485.81, "direction": "buy", "amount": 0.5}, {"trade_seq": 1828, "trade_id": "125604532", "timestamp": 1612726163536, "tick_direction": 0, "price": 0.65, "mark_price": 0.64814409, "iv": 162.08, "instrument_name": "BTC-26MAR21-14000-C", "index_price": 38390.27, "direction": "buy", "amount": 1.0}, {"trade_seq": 1827, "trade_id": "125603725", "timestamp": 1612725854953, "tick_direction": 0, "price": 0.6495, "mark_price": 0.64799458, "iv": 160.22, "instrument_name": "BTC-26MAR21-14000-C", "index_price": 38368.74, "direction": "buy", "amount": 1.0}, {"trade_seq": 1826, "trade_id": "122975766", "timestamp": 1611910825468, "tick_direction": 0, "price": 0.638, "mark_price": 0.63770942, "iv": 147.78, "instrument_name": "BTC-26MAR21-14000-C", "index_price": 36933.57, "direction": "buy", "amount": 37.8}, {"trade_seq": 1825, "trade_id": "122970111", "timestamp": 1611910754289, "tick_direction": 1, "price": 0.631, "mark_price": 0.63044748, "iv": 148.45, "instrument_name": "BTC-26MAR21-14000-C", "index_price": 36315.02, "direction": "buy", "amount": 0.2}, {"trade_seq": 1824, "trade_id": "122970037", "timestamp": 1611910753845, "tick_direction": 0, "price": 0.631, "mark_price": 0.63044748, "iv": 148.45, "instrument_name": "BTC-26MAR21-14000-C", "index_price": 36315.02, "direction": "buy", "amount": 0.2}, {"trade_seq": 1823, "trade_id": "122969752", "timestamp": 1611910750593, "tick_direction": 1, "price": 0.63, "mark_price": 0.62944522, "iv": 148.22, "instrument_name": "BTC-26MAR21-14000-C", "index_price": 36218.3, "direction": "buy", "amount": 2.8}, {"trade_seq": 1822, "trade_id": "122969750", "timestamp": 1611910750552, "tick_direction": 1, "price": 0.63, "mark_price": 0.62944522, "iv": 148.22, "instrument_name": "BTC-26MAR21-14000-C", "index_price": 36218.3, "direction": "buy", "amount": 0.4}, {"trade_seq": 1821, "trade_id": "122969697", "timestamp": 1611910749579, "tick_direction": 0, "price": 0.63, "mark_price": 0.62935876, "iv": 148.56, "instrument_name": "BTC-26MAR21-14000-C", "index_price": 36192.64, "direction": "buy", "amount": 0.1}, {"trade_seq": 1820, "trade_id": "122965801", "timestamp": 1611910667560, "tick_direction": 0, "price": 0.6215, "mark_price": 0.62065524, "iv": 149.08, "instrument_name": "BTC-26MAR21-14000-C", "index_price": 35351.52, "direction": "buy", "amount": 1.4}, {"trade_seq": 1819, "trade_id": "122821524", "timestamp": 1611889251006, "tick_direction": 0, "price": 0.6055, "mark_price": 0.60593307, "iv": 148.33, "instrument_name": "BTC-26MAR21-14000-C", "index_price": 34104.22, "direction": "buy", "amount": 0.1}, {"trade_seq": 1818, "trade_id": "122779390", "timestamp": 1611878722808, "tick_direction": 1, "price": 0.6025, "mark_price": 0.60266816, "iv": 148.38, "instrument_name": "BTC-26MAR21-14000-C", "index_price": 33865.78, "direction": "buy", "amount": 0.1}, {"trade_seq": 1817, "trade_id": "122779389", "timestamp": 1611878722701, "tick_direction": 1, "price": 0.6025, "mark_price": 0.60266816, "iv": 148.38, "instrument_name": "BTC-26MAR21-14000-C", "index_price": 33865.78, "direction": "buy", "amount": 0.3}, {"trade_seq": 1816, "trade_id": "122779343", "timestamp": 1611878721578, "tick_direction": 0, "price": 0.6025, "mark_price": 0.60265766, "iv": 148.42, "instrument_name": "BTC-26MAR21-14000-C", "index_price": 33856.72, "direction": "buy", "amount": 0.1}, {"trade_seq": 1815, "trade_id": "122778419", "timestamp": 1611878604018, "tick_direction": 2, "price": 0.6005, "mark_price": 0.6005719, "iv": 148.65, "instrument_name": "BTC-26MAR21-14000-C", "index_price": 33662.51, "direction": "buy", "amount": 0.1}, {"trade_seq": 1814, "trade_id": "122764181", "timestamp": 1611875853817, "tick_direction": 1, "price": 0.6015, "mark_price": 0.60163173, "iv": 148.63, "instrument_name": "BTC-26MAR21-14000-C", "index_price": 33800.06, "direction": "buy", "amount": 0.1}, {"trade_seq": 1813, "trade_id": "122764096", "timestamp": 1611875850050, "tick_direction": 1, "price": 0.6015, "mark_price": 0.60149577, "iv": 149.05, "instrument_name": "BTC-26MAR21-14000-C", "index_price": 33786.87, "direction": "buy", "amount": 0.2}, {"trade_seq": 1812, "trade_id": "122764076", "timestamp": 1611875849753, "tick_direction": 0, "price": 0.6015, "mark_price": 0.60149577, "iv": 149.05, "instrument_name": "BTC-26MAR21-14000-C", "index_price": 33786.87, "direction": "buy", "amount": 0.2}, {"trade_seq": 1811, "trade_id": "122727065", "timestamp": 1611862775829, "tick_direction": 0, "price": 0.5915, "mark_price": 0.59143302, "iv": 149.13, "instrument_name": "BTC-26MAR21-14000-C", "index_price": 32800.49, "direction": "buy", "amount": 0.1}, {"trade_seq": 1810, "trade_id": "122699345", "timestamp": 1611852147212, "tick_direction": 0, "price": 0.5845, "mark_price": 0.58414074, "iv": 148.52, "instrument_name": "BTC-26MAR21-14000-C", "index_price": 32179.39, "direction": "buy", "amount": 0.1}, {"trade_seq": 1809, "trade_id": "122588220", "timestamp": 1611817738908, "tick_direction": 2, "price": 0.5775, "mark_price": 0.57736531, "iv": 149.4, "instrument_name": "BTC-26MAR21-14000-C", "index_price": 31565.47, "direction": "buy", "amount": 0.1}, {"trade_seq": 1808, "trade_id": "122585813", "timestamp": 1611816346346, "tick_direction": 1, "price": 0.5795, "mark_price": 0.57942315, "iv": 149.39, "instrument_name": "BTC-26MAR21-14000-C", "index_price": 31734.92, "direction": "buy", "amount": 0.1}, {"trade_seq": 1807, "trade_id": "122585783", "timestamp": 1611816341343, "tick_direction": 1, "price": 0.5795, "mark_price": 0.57916892, "iv": 149.85, "instrument_name": "BTC-26MAR21-14000-C", "index_price": 31719.36, "direction": "buy", "amount": 0.2}, {"trade_seq": 1806, "trade_id": "122585782", "timestamp": 1611816341259, "tick_direction": 1, "price": 0.5795, "mark_price": 0.57916892, "iv": 149.85, "instrument_name": "BTC-26MAR21-14000-C", "index_price": 31719.36, "direction": "buy", "amount": 0.1}, {"trade_seq": 1805, "trade_id": "122585766", "timestamp": 1611816341075, "tick_direction": 0, "price": 0.5795, "mark_price": 0.57916892, "iv": 150.09, "instrument_name": "BTC-26MAR21-14000-C", "index_price": 31711.72, "direction": "buy", "amount": 0.1}, {"trade_seq": 1804, "trade_id": "122585566", "timestamp": 1611816220580, "tick_direction": 1, "price": 0.579, "mark_price": 0.57856035, "iv": 150.18, "instrument_name": "BTC-26MAR21-14000-C", "index_price": 31676.12, "direction": "buy", "amount": 0.1}, {"trade_seq": 1803, "trade_id": "122585565", "timestamp": 1611816219788, "tick_direction": 1, "price": 0.579, "mark_price": 0.57856035, "iv": 150.34, "instrument_name": "BTC-26MAR21-14000-C", "index_price": 31668.93, "direction": "buy", "amount": 0.1}, {"trade_seq": 1802, "trade_id": "122585496", "timestamp": 1611816186920, "tick_direction": 1, "price": 0.579, "mark_price": 0.57864443, "iv": 150.1, "instrument_name": "BTC-26MAR21-14000-C", "index_price": 31675.02, "direction": "buy", "amount": 0.2}, {"trade_seq": 1801, "trade_id": "122585494", "timestamp": 1611816186734, "tick_direction": 0, "price": 0.579, "mark_price": 0.57864443, "iv": 150.1, "instrument_name": "BTC-26MAR21-14000-C", "index_price": 31675.02, "direction": "buy", "amount": 0.1}, {"trade_seq": 1800, "trade_id": "122577446", "timestamp": 1611813496554, "tick_direction": 1, "price": 0.5785, "mark_price": 0.57848569, "iv": 148.65, "instrument_name": "BTC-26MAR21-14000-C", "index_price": 31737.21, "direction": "buy", "amount": 0.1}, {"trade_seq": 1799, "trade_id": "122577444", "timestamp": 1611813496497, "tick_direction": 1, "price": 0.5785, "mark_price": 0.57848569, "iv": 148.65, "instrument_name": "BTC-26MAR21-14000-C", "index_price": 31737.21, "direction": "buy", "amount": 0.1}, {"trade_seq": 1798, "trade_id": "122577431", "timestamp": 1611813496307, "tick_direction": 1, "price": 0.5785, "mark_price": 0.57846671, "iv": 148.65, "instrument_name": "BTC-26MAR21-14000-C", "index_price": 31737.21, "direction": "buy", "amount": 0.2}, {"trade_seq": 1797, "trade_id": "122577408", "timestamp": 1611813496054, "tick_direction": 1, "price": 0.5785, "mark_price": 0.57846671, "iv": 148.7, "instrument_name": "BTC-26MAR21-14000-C", "index_price": 31725.12, "direction": "buy", "amount": 0.2}, {"trade_seq": 1796, "trade_id": "122577359", "timestamp": 1611813495594, "tick_direction": 1, "price": 0.5785, "mark_price": 0.57846671, "iv": 148.7, "instrument_name": "BTC-26MAR21-14000-C", "index_price": 31725.12, "direction": "buy", "amount": 0.1}, {"trade_seq": 1795, "trade_id": "122577349", "timestamp": 1611813495396, "tick_direction": 0, "price": 0.5785, "mark_price": 0.57830628, "iv": 148.7, "instrument_name": "BTC-26MAR21-14000-C", "index_price": 31725.12, "direction": "buy", "amount": 0.1}, {"trade_seq": 1794, "trade_id": "122575168", "timestamp": 1611812938052, "tick_direction": 1, "price": 0.5775, "mark_price": 0.57728795, "iv": 148.79, "instrument_name": "BTC-26MAR21-14000-C", "index_price": 31644.63, "direction": "buy", "amount": 0.1}, {"trade_seq": 1793, "trade_id": "122575167", "timestamp": 1611812937889, "tick_direction": 1, "price": 0.5775, "mark_price": 0.57728795, "iv": 148.79, "instrument_name": "BTC-26MAR21-14000-C", "index_price": 31644.63, "direction": "buy", "amount": 0.1}, {"trade_seq": 1792, "trade_id": "122575159", "timestamp": 1611812937771, "tick_direction": 1, "price": 0.5775, "mark_price": 0.57728795, "iv": 148.79, "instrument_name": "BTC-26MAR21-14000-C", "index_price": 31644.63, "direction": "buy", "amount": 0.1}, {"trade_seq": 1791, "trade_id": "122575158", "timestamp": 1611812937660, "tick_direction": 1, "price": 0.5775, "mark_price": 0.57728795, "iv": 148.79, "instrument_name": "BTC-26MAR21-14000-C", "index_price": 31644.63, "direction": "buy", "amount": 0.1}, {"trade_seq": 1790, "trade_id": "122575150", "timestamp": 1611812937486, "tick_direction": 0, "price": 0.5775, "mark_price": 0.57727421, "iv": 148.79, "instrument_name": "BTC-26MAR21-14000-C", "index_price": 31644.63, "direction": "buy", "amount": 0.1}, {"trade_seq": 1789, "trade_id": "122556885", "timestamp": 1611805550647, "tick_direction": 0, "price": 0.5735, "mark_price": 0.57348138, "iv": 148.93, "instrument_name": "BTC-26MAR21-14000-C", "index_price": 31336.62, "direction": "buy", "amount": 0.1}, {"trade_seq": 1788, "trade_id": "122538586", "timestamp": 1611799652721, "tick_direction": 1, "price": 0.5715, "mark_price": 0.57085591, "iv": 149.47, "instrument_name": "BTC-26MAR21-14000-C", "index_price": 31127.33, "direction": "buy", "amount": 0.1}, {"trade_seq": 1787, "trade_id": "122538585", "timestamp": 1611799652578, "tick_direction": 0, "price": 0.5715, "mark_price": 0.57074447, "iv": 149.74, "instrument_name": "BTC-26MAR21-14000-C", "index_price": 31127.33, "direction": "buy", "amount": 0.2}, {"trade_seq": 1786, "trade_id": "122537767", "timestamp": 1611799589282, "tick_direction": 1, "price": 0.5705, "mark_price": 0.57016228, "iv": 148.83, "instrument_name": "BTC-26MAR21-14000-C", "index_price": 31069.5, "direction": "buy", "amount": 0.1}, {"trade_seq": 1785, "trade_id": "122537765", "timestamp": 1611799589191, "tick_direction": 0, "price": 0.5705, "mark_price": 0.57016228, "iv": 148.83, "instrument_name": "BTC-26MAR21-14000-C", "index_price": 31069.5, "direction": "buy", "amount": 0.1}, {"trade_seq": 1784, "trade_id": "122536597", "timestamp": 1611799242491, "tick_direction": 0, "price": 0.5695, "mark_price": 0.56911626, "iv": 148.66, "instrument_name": "BTC-26MAR21-14000-C", "index_price": 31001.83, "direction": "buy", "amount": 0.1}, {"trade_seq": 1783, "trade_id": "122535692", "timestamp": 1611799034552, "tick_direction": 1, "price": 0.5675, "mark_price": 0.5667398, "iv": 149.23, "instrument_name": "BTC-26MAR21-14000-C", "index_price": 30840.38, "direction": "buy", "amount": 0.1}, {"trade_seq": 1782, "trade_id": "122535691", "timestamp": 1611799034493, "tick_direction": 1, "price": 0.5675, "mark_price": 0.56673307, "iv": 149.42, "instrument_name": "BTC-26MAR21-14000-C", "index_price": 30835.35, "direction": "buy", "amount": 0.1}, {"trade_seq": 1781, "trade_id": "122535679", "timestamp": 1611799034103, "tick_direction": 1, "price": 0.5675, "mark_price": 0.56673307, "iv": 149.42, "instrument_name": "BTC-26MAR21-14000-C", "index_price": 30835.35, "direction": "buy", "amount": 0.1}, {"trade_seq": 1780, "trade_id": "122535675", "timestamp": 1611799033579, "tick_direction": 0, "price": 0.5675, "mark_price": 0.56673307, "iv": 149.42, "instrument_name": "BTC-26MAR21-14000-C", "index_price": 30835.35, "direction": "buy", "amount": 0.1}, {"trade_seq": 1779, "trade_id": "122535366", "timestamp": 1611798931747, "tick_direction": 1, "price": 0.5665, "mark_price": 0.56580267, "iv": 148.87, "instrument_name": "BTC-26MAR21-14000-C", "index_price": 30769.23, "direction": "buy", "amount": 0.1}, {"trade_seq": 1778, "trade_id": "122535364", "timestamp": 1611798931555, "tick_direction": 1, "price": 0.5665, "mark_price": 0.56580267, "iv": 148.87, "instrument_name": "BTC-26MAR21-14000-C", "index_price": 30769.23, "direction": "buy", "amount": 0.1}, {"trade_seq": 1777, "trade_id": "122535362", "timestamp": 1611798931366, "tick_direction": 1, "price": 0.5665, "mark_price": 0.56580267, "iv": 149.06, "instrument_name": "BTC-26MAR21-14000-C", "index_price": 30766.81, "direction": "buy", "amount": 0.1}, {"trade_seq": 1776, "trade_id": "122535360", "timestamp": 1611798931203, "tick_direction": 1, "price": 0.5665, "mark_price": 0.56580447, "iv": 149.06, "instrument_name": "BTC-26MAR21-14000-C", "index_price": 30766.81, "direction": "buy", "amount": 0.1}, {"trade_seq": 1775, "trade_id": "122535359", "timestamp": 1611798931042, "tick_direction": 1, "price": 0.5665, "mark_price": 0.56580447, "iv": 149.06, "instrument_name": "BTC-26MAR21-14000-C", "index_price": 30766.81, "direction": "buy", "amount": 0.3}, {"trade_seq": 1774, "trade_id": "122535347", "timestamp": 1611798930628, "tick_direction": 1, "price": 0.5665, "mark_price": 0.56580447, "iv": 149.06, "instrument_name": "BTC-26MAR21-14000-C", "index_price": 30766.81, "direction": "buy", "amount": 0.1}, {"trade_seq": 1773, "trade_id": "122535345", "timestamp": 1611798930385, "tick_direction": 1, "price": 0.5665, "mark_price": 0.56580447, "iv": 149.06, "instrument_name": "BTC-26MAR21-14000-C", "index_price": 30760.99, "direction": "buy", "amount": 0.2}, {"trade_seq": 1772, "trade_id": "122535327", "timestamp": 1611798929383, "tick_direction": 1, "price": 0.5665, "mark_price": 0.56575871, "iv": 149.17, "instrument_name": "BTC-26MAR21-14000-C", "index_price": 30757.94, "direction": "buy", "amount": 0.1}, {"trade_seq": 1771, "trade_id": "122535287", "timestamp": 1611798921548, "tick_direction": 1, "price": 0.5665, "mark_price": 0.5658558, "iv": 148.92, "instrument_name": "BTC-26MAR21-14000-C", "index_price": 30764.77, "direction": "buy", "amount": 0.1}, {"trade_seq": 1770, "trade_id": "122535272", "timestamp": 1611798916796, "tick_direction": 1, "price": 0.5665, "mark_price": 0.56577836, "iv": 149.03, "instrument_name": "BTC-26MAR21-14000-C", "index_price": 30762.31, "direction": "buy", "amount": 0.1}, {"trade_seq": 1769, "trade_id": "122535270", "timestamp": 1611798916502, "tick_direction": 1, "price": 0.5665, "mark_price": 0.56577836, "iv": 149.03, "instrument_name": "BTC-26MAR21-14000-C", "index_price": 30762.31, "direction": "buy", "amount": 0.1}, {"trade_seq": 1768, "trade_id": "122535222", "timestamp": 1611798909074, "tick_direction": 1, "price": 0.5665, "mark_price": 0.56575264, "iv": 149.12, "instrument_name": "BTC-26MAR21-14000-C", "index_price": 30761.0, "direction": "buy", "amount": 0.2}, {"trade_seq": 1767, "trade_id": "122535219", "timestamp": 1611798907025, "tick_direction": 1, "price": 0.5665, "mark_price": 0.56557825, "iv": 149.56, "instrument_name": "BTC-26MAR21-14000-C", "index_price": 30757.31, "direction": "buy", "amount": 0.1}, {"trade_seq": 1766, "trade_id": "122535217", "timestamp": 1611798906911, "tick_direction": 1, "price": 0.5665, "mark_price": 0.56557825, "iv": 149.56, "instrument_name": "BTC-26MAR21-14000-C", "index_price": 30757.31, "direction": "buy", "amount": 0.1}, {"trade_seq": 1765, "trade_id": "122535204", "timestamp": 1611798906716, "tick_direction": 1, "price": 0.5665, "mark_price": 0.56557825, "iv": 149.56, "instrument_name": "BTC-26MAR21-14000-C", "index_price": 30757.31, "direction": "buy", "amount": 0.1}, {"trade_seq": 1764, "trade_id": "122535188", "timestamp": 1611798905977, "tick_direction": 1, "price": 0.5665, "mark_price": 0.56556482, "iv": 149.56, "instrument_name": "BTC-26MAR21-14000-C", "index_price": 30747.65, "direction": "buy", "amount": 0.1}, {"trade_seq": 1763, "trade_id": "122535174", "timestamp": 1611798905449, "tick_direction": 1, "price": 0.5665, "mark_price": 0.56556482, "iv": 149.59, "instrument_name": "BTC-26MAR21-14000-C", "index_price": 30747.65, "direction": "buy", "amount": 0.1}, {"trade_seq": 1762, "trade_id": "122535173", "timestamp": 1611798905383, "tick_direction": 0, "price": 0.5665, "mark_price": 0.56556482, "iv": 149.59, "instrument_name": "BTC-26MAR21-14000-C", "index_price": 30747.65, "direction": "buy", "amount": 0.1}, {"trade_seq": 1761, "trade_id": "122492806", "timestamp": 1611786557223, "tick_direction": 2, "price": 0.553, "mark_price": 0.56838939, "iv": 0.0, "instrument_name": "BTC-26MAR21-14000-C", "index_price": 31002.93, "direction": "sell", "amount": 0.3}, {"trade_seq": 1760, "trade_id": "120529503", "timestamp": 1611252111511, "tick_direction": 2, "price": 0.5655, "mark_price": 0.58124219, "iv": 0.0, "instrument_name": "BTC-26MAR21-14000-C", "index_price": 31738.77, "direction": "sell", "amount": 0.2}, {"trade_seq": 1759, "trade_id": "120345522", "timestamp": 1611230709280, "tick_direction": 3, "price": 0.5825, "mark_price": 0.58257984, "iv": 137.53, "instrument_name": "BTC-26MAR21-14000-C", "index_price": 31867.41, "direction": "sell", "amount": 0.1}, {"trade_seq": 1758, "trade_id": "120345328", "timestamp": 1611230702169, "tick_direction": 2, "price": 0.5825, "mark_price": 0.58276451, "iv": 137.04, "instrument_name": "BTC-26MAR21-14000-C", "index_price": 31886.14, "direction": "sell", "amount": 0.1}, {"trade_seq": 1757, "trade_id": "120312176", "timestamp": 1611225066244, "tick_direction": 0, "price": 0.59, "mark_price": 0.59124866, "iv": 133.34, "instrument_name": "BTC-26MAR21-14000-C", "index_price": 32617.43, "direction": "buy", "amount": 0.1}, {"trade_seq": 1756, "trade_id": "120301168", "timestamp": 1611224004192, "tick_direction": 2, "price": 0.5885, "mark_price": 0.58813152, "iv": 139.56, "instrument_name": "BTC-26MAR21-14000-C", "index_price": 32321.17, "direction": "sell", "amount": 0.1}, {"trade_seq": 1755, "trade_id": "120028582", "timestamp": 1611158468890, "tick_direction": 2, "price": 0.608, "mark_price": 0.60922954, "iv": 141.94, "instrument_name": "BTC-26MAR21-14000-C", "index_price": 33839.95, "direction": "sell", "amount": 0.1}, {"trade_seq": 1754, "trade_id": "119908780", "timestamp": 1611135645094, "tick_direction": 2, "price": 0.619, "mark_price": 0.62028958, "iv": 144.7, "instrument_name": "BTC-26MAR21-14000-C", "index_price": 34681.03, "direction": "sell", "amount": 0.1}, {"trade_seq": 1753, "trade_id": "119776951", "timestamp": 1611100854609, "tick_direction": 0, "price": 0.6325, "mark_price": 0.63260319, "iv": 146.42, "instrument_name": "BTC-26MAR21-14000-C", "index_price": 35743.82, "direction": "sell", "amount": 0.1}, {"trade_seq": 1752, "trade_id": "119271440", "timestamp": 1610958686932, "tick_direction": 2, "price": 0.6275, "mark_price": 0.63918491, "iv": 0.0, "instrument_name": "BTC-26MAR21-14000-C", "index_price": 36244.92, "direction": "sell", "amount": 0.1}, {"trade_seq": 1751, "trade_id": "118949628", "timestamp": 1610864502633, "tick_direction": 2, "price": 0.6285, "mark_price": 0.62857491, "iv": 149.29, "instrument_name": "BTC-26MAR21-14000-C", "index_price": 35136.24, "direction": "sell", "amount": 0.1}, {"trade_seq": 1750, "trade_id": "118504532", "timestamp": 1610726773132, "tick_direction": 0, "price": 0.631, "mark_price": 0.62699947, "iv": 152.39, "instrument_name": "BTC-26MAR21-14000-C", "index_price": 34864.94, "direction": "sell", "amount": 0.1}, {"trade_seq": 1749, "trade_id": "118500602", "timestamp": 1610726661001, "tick_direction": 2, "price": 0.6305, "mark_price": 0.63040708, "iv": 149.83, "instrument_name": "BTC-26MAR21-14000-C", "index_price": 34901.74, "direction": "sell", "amount": 0.1}, {"trade_seq": 1748, "trade_id": "118496423", "timestamp": 1610726495277, "tick_direction": 3, "price": 0.636, "mark_price": 0.63274482, "iv": 158.08, "instrument_name": "BTC-26MAR21-14000-C", "index_price": 35156.52, "direction": "sell", "amount": 0.1}, {"trade_seq": 1747, "trade_id": "118496227", "timestamp": 1610726490141, "tick_direction": 2, "price": 0.636, "mark_price": 0.63256132, "iv": 159.06, "instrument_name": "BTC-26MAR21-14000-C", "index_price": 35121.13, "direction": "sell", "amount": 0.1}, {"trade_seq": 1746, "trade_id": "118495483", "timestamp": 1610726462236, "tick_direction": 1, "price": 0.6365, "mark_price": 0.63416923, "iv": 155.92, "instrument_name": "BTC-26MAR21-14000-C", "index_price": 35301.93, "direction": "sell", "amount": 0.1}, {"trade_seq": 1745, "trade_id": "118495482", "timestamp": 1610726462236, "tick_direction": 1, "price": 0.6365, "mark_price": 0.63416923, "iv": 155.92, "instrument_name": "BTC-26MAR21-14000-C", "index_price": 35301.93, "direction": "sell", "amount": 0.1}, {"trade_seq": 1744, "trade_id": "118495322", "timestamp": 1610726453765, "tick_direction": 1, "price": 0.6365, "mark_price": 0.63494171, "iv": 153.88, "instrument_name": "BTC-26MAR21-14000-C", "index_price": 35378.83, "direction": "sell", "amount": 0.1}, {"trade_seq": 1743, "trade_id": "118495253", "timestamp": 1610726452298, "tick_direction": 1, "price": 0.6365, "mark_price": 0.63515168, "iv": 153.26, "instrument_name": "BTC-26MAR21-14000-C", "index_price": 35381.04, "direction": "sell", "amount": 0.1}, {"trade_seq": 1742, "trade_id": "118494844", "timestamp": 1610726444565, "tick_direction": 1, "price": 0.6365, "mark_price": 0.6347014, "iv": 154.28, "instrument_name": "BTC-26MAR21-14000-C", "index_price": 35360.23, "direction": "sell", "amount": 0.1}, {"trade_seq": 1741, "trade_id": "118494829", "timestamp": 1610726443825, "tick_direction": 0, "price": 0.6365, "mark_price": 0.63456091, "iv": 154.44, "instrument_name": "BTC-26MAR21-14000-C", "index_price": 35355.91, "direction": "sell", "amount": 0.1}, {"trade_seq": 1740, "trade_id": "118494213", "timestamp": 1610726417616, "tick_direction": 1, "price": 0.6355, "mark_price": 0.63506278, "iv": 150.48, "instrument_name": "BTC-26MAR21-14000-C", "index_price": 35412.07, "direction": "sell", "amount": 0.1}, {"trade_seq": 1739, "trade_id": "118494168", "timestamp": 1610726416691, "tick_direction": 0, "price": 0.6355, "mark_price": 0.63534066, "iv": 150.31, "instrument_name": "BTC-26MAR21-14000-C", "index_price": 35416.41, "direction": "sell", "amount": 0.1}, {"trade_seq": 1738, "trade_id": "118491275", "timestamp": 1610726233372, "tick_direction": 2, "price": 0.634, "mark_price": 0.63434306, "iv": 148.03, "instrument_name": "BTC-26MAR21-14000-C", "index_price": 35306.37, "direction": "sell", "amount": 0.1}, {"trade_seq": 1737, "trade_id": "118488831", "timestamp": 1610726110432, "tick_direction": 2, "price": 0.637, "mark_price": 0.63571629, "iv": 153.04, "instrument_name": "BTC-26MAR21-14000-C", "index_price": 35444.94, "direction": "sell", "amount": 0.1}, {"trade_seq": 1736, "trade_id": "118488785", "timestamp": 1610726107102, "tick_direction": 3, "price": 0.6375, "mark_price": 0.63595711, "iv": 153.79, "instrument_name": "BTC-26MAR21-14000-C", "index_price": 35459.21, "direction": "sell", "amount": 0.1}, {"trade_seq": 1735, "trade_id": "118488639", "timestamp": 1610726100461, "tick_direction": 3, "price": 0.6375, "mark_price": 0.63643166, "iv": 152.43, "instrument_name": "BTC-26MAR21-14000-C", "index_price": 35514.05, "direction": "sell", "amount": 0.1}, {"trade_seq": 1734, "trade_id": "118488619", "timestamp": 1610726096306, "tick_direction": 3, "price": 0.6375, "mark_price": 0.63631515, "iv": 152.68, "instrument_name": "BTC-26MAR21-14000-C", "index_price": 35511.46, "direction": "sell", "amount": 0.1}, {"trade_seq": 1733, "trade_id": "118488543", "timestamp": 1610726092654, "tick_direction": 2, "price": 0.6375, "mark_price": 0.63628939, "iv": 152.81, "instrument_name": "BTC-26MAR21-14000-C", "index_price": 35507.47, "direction": "sell", "amount": 0.1}, {"trade_seq": 1732, "trade_id": "118477016", "timestamp": 1610725225754, "tick_direction": 2, "price": 0.6415, "mark_price": 0.64256991, "iv": 148.21, "instrument_name": "BTC-26MAR21-14000-C", "index_price": 36152.51, "direction": "sell", "amount": 0.1}, {"trade_seq": 1731, "trade_id": "118365588", "timestamp": 1610701387090, "tick_direction": 0, "price": 0.658, "mark_price": 0.65789822, "iv": 151.59, "instrument_name": "BTC-26MAR21-14000-C", "index_price": 38062.42, "direction": "sell", "amount": 0.1}, {"trade_seq": 1730, "trade_id": "118365573", "timestamp": 1610701379714, "tick_direction": 2, "price": 0.6575, "mark_price": 0.65790555, "iv": 149.78, "instrument_name": "BTC-26MAR21-14000-C", "index_price": 38053.59, "direction": "sell", "amount": 0.1}, {"trade_seq": 1729, "trade_id": "118231597", "timestamp": 1610659273947, "tick_direction": 0, "price": 0.6635, "mark_price": 0.66222654, "iv": 155.94, "instrument_name": "BTC-26MAR21-14000-C", "index_price": 38574.43, "direction": "sell", "amount": 0.1}, {"trade_seq": 1728, "trade_id": "118230993", "timestamp": 1610659237340, "tick_direction": 1, "price": 0.663, "mark_price": 0.66195041, "iv": 155.46, "instrument_name": "BTC-26MAR21-14000-C", "index_price": 38525.71, "direction": "sell", "amount": 0.1}, {"trade_seq": 1727, "trade_id": "118230992", "timestamp": 1610659236989, "tick_direction": 1, "price": 0.663, "mark_price": 0.66195041, "iv": 155.12, "instrument_name": "BTC-26MAR21-14000-C", "index_price": 38529.98, "direction": "sell", "amount": 0.1}, {"trade_seq": 1726, "trade_id": "118230865", "timestamp": 1610659227771, "tick_direction": 0, "price": 0.663, "mark_price": 0.66176508, "iv": 155.74, "instrument_name": "BTC-26MAR21-14000-C", "index_price": 38518.4, "direction": "sell", "amount": 0.1}, {"trade_seq": 1725, "trade_id": "118230517", "timestamp": 1610659211122, "tick_direction": 3, "price": 0.6625, "mark_price": 0.66216645, "iv": 153.67, "instrument_name": "BTC-26MAR21-14000-C", "index_price": 38557.53, "direction": "sell", "amount": 0.1}, {"trade_seq": 1724, "trade_id": "118230453", "timestamp": 1610659208939, "tick_direction": 2, "price": 0.6625, "mark_price": 0.66226124, "iv": 152.63, "instrument_name": "BTC-26MAR21-14000-C", "index_price": 38596.95, "direction": "sell", "amount": 0.1}, {"trade_seq": 1723, "trade_id": "118228226", "timestamp": 1610659044028, "tick_direction": 1, "price": 0.665, "mark_price": 0.66469189, "iv": 152.06, "instrument_name": "BTC-26MAR21-14000-C", "index_price": 38951.68, "direction": "sell", "amount": 0.1}, {"trade_seq": 1722, "trade_id": "118228224", "timestamp": 1610659043284, "tick_direction": 1, "price": 0.665, "mark_price": 0.66478175, "iv": 152.49, "instrument_name": "BTC-26MAR21-14000-C", "index_price": 38935.41, "direction": "sell", "amount": 0.1}, {"trade_seq": 1721, "trade_id": "118228222", "timestamp": 1610659042934, "tick_direction": 1, "price": 0.665, "mark_price": 0.66478175, "iv": 152.49, "instrument_name": "BTC-26MAR21-14000-C", "index_price": 38935.41, "direction": "sell", "amount": 0.1}, {"trade_seq": 1720, "trade_id": "118228149", "timestamp": 1610659036370, "tick_direction": 1, "price": 0.665, "mark_price": 0.66447328, "iv": 153.14, "instrument_name": "BTC-26MAR21-14000-C", "index_price": 38913.4, "direction": "sell", "amount": 0.1}, {"trade_seq": 1719, "trade_id": "118228144", "timestamp": 1610659036140, "tick_direction": 1, "price": 0.665, "mark_price": 0.66447328, "iv": 153.14, "instrument_name": "BTC-26MAR21-14000-C", "index_price": 38913.4, "direction": "sell", "amount": 0.1}, {"trade_seq": 1718, "trade_id": "118228136", "timestamp": 1610659035937, "tick_direction": 1, "price": 0.665, "mark_price": 0.66447328, "iv": 153.14, "instrument_name": "BTC-26MAR21-14000-C", "index_price": 38913.4, "direction": "sell", "amount": 0.1}, {"trade_seq": 1717, "trade_id": "118228023", "timestamp": 1610659029176, "tick_direction": 1, "price": 0.665, "mark_price": 0.66436541, "iv": 153.72, "instrument_name": "BTC-26MAR21-14000-C", "index_price": 38891.31, "direction": "sell", "amount": 0.1}, {"trade_seq": 1716, "trade_id": "118228013", "timestamp": 1610659027991, "tick_direction": 0, "price": 0.665, "mark_price": 0.6643798, "iv": 153.68, "instrument_name": "BTC-26MAR21-14000-C", "index_price": 38894.82, "direction": "sell", "amount": 0.1}, {"trade_seq": 1715, "trade_id": "118227967", "timestamp": 1610659022792, "tick_direction": 3, "price": 0.6645, "mark_price": 0.66469436, "iv": 150.67, "instrument_name": "BTC-26MAR21-14000-C", "index_price": 38926.21, "direction": "sell", "amount": 0.1}, {"trade_seq": 1714, "trade_id": "118227942", "timestamp": 1610659021441, "tick_direction": 2, "price": 0.6645, "mark_price": 0.66480744, "iv": 150.22, "instrument_name": "BTC-26MAR21-14000-C", "index_price": 38947.06, "direction": "sell", "amount": 0.1}, {"trade_seq": 1713, "trade_id": "118227587", "timestamp": 1610658952938, "tick_direction": 0, "price": 0.6665, "mark_price": 0.66668002, "iv": 150.7, "instrument_name": "BTC-26MAR21-14000-C", "index_price": 39202.92, "direction": "sell", "amount": 0.1}, {"trade_seq": 1712, "trade_id": "117568852", "timestamp": 1610497595330, "tick_direction": 2, "price": 0.611, "mark_price": 0.6098399, "iv": 150.37, "instrument_name": "BTC-26MAR21-14000-C", "index_price": 33070.44, "direction": "sell", "amount": 0.1}, {"trade_seq": 1711, "trade_id": "117349256", "timestamp": 1610458938463, "tick_direction": 3, "price": 0.6185, "mark_price": 0.61842101, "iv": 145.34, "instrument_name": "BTC-26MAR21-14000-C", "index_price": 33946.22, "direction": "sell", "amount": 0.1}, {"trade_seq": 1710, "trade_id": "117348805", "timestamp": 1610458917946, "tick_direction": 3, "price": 0.6185, "mark_price": 0.61878015, "iv": 144.17, "instrument_name": "BTC-26MAR21-14000-C", "index_price": 33986.55, "direction": "sell", "amount": 0.1}, {"trade_seq": 1709, "trade_id": "117348731", "timestamp": 1610458905816, "tick_direction": 2, "price": 0.6185, "mark_price": 0.61869882, "iv": 144.48, "instrument_name": "BTC-26MAR21-14000-C", "index_price": 33981.03, "direction": "sell", "amount": 0.1}, {"trade_seq": 1708, "trade_id": "115718934", "timestamp": 1610249995075, "tick_direction": 2, "price": 0.679, "mark_price": 0.67977145, "iv": 154.0, "instrument_name": "BTC-26MAR21-14000-C", "index_price": 40611.97, "direction": "sell", "amount": 0.1}, {"trade_seq": 1707, "trade_id": "115715376", "timestamp": 1610248756508, "tick_direction": 1, "price": 0.6795, "mark_price": 0.67959872, "iv": 155.93, "instrument_name": "BTC-26MAR21-14000-C", "index_price": 40614.26, "direction": "sell", "amount": 0.1}, {"trade_seq": 1706, "trade_id": "115715375", "timestamp": 1610248756508, "tick_direction": 0, "price": 0.6795, "mark_price": 0.67959872, "iv": 155.93, "instrument_name": "BTC-26MAR21-14000-C", "index_price": 40614.26, "direction": "sell", "amount": 0.1}, {"trade_seq": 1705, "trade_id": "115589247", "timestamp": 1610209926843, "tick_direction": 3, "price": 0.671, "mark_price": 0.67129079, "iv": 138.3, "instrument_name": "BTC-26MAR21-14000-C", "index_price": 40478.57, "direction": "buy", "amount": 9.6}, {"trade_seq": 1704, "trade_id": "115589237", "timestamp": 1610209925475, "tick_direction": 3, "price": 0.671, "mark_price": 0.67126821, "iv": 138.4, "instrument_name": "BTC-26MAR21-14000-C", "index_price": 40465.51, "direction": "buy", "amount": 0.1}, {"trade_seq": 1703, "trade_id": "115589235", "timestamp": 1610209925092, "tick_direction": 3, "price": 0.671, "mark_price": 0.67119577, "iv": 138.4, "instrument_name": "BTC-26MAR21-14000-C", "index_price": 40465.51, "direction": "buy", "amount": 0.1}, {"trade_seq": 1702, "trade_id": "115589231", "timestamp": 1610209924705, "tick_direction": 2, "price": 0.671, "mark_price": 0.67119577, "iv": 138.64, "instrument_name": "BTC-26MAR21-14000-C", "index_price": 40458.25, "direction": "buy", "amount": 0.1}, {"trade_seq": 1701, "trade_id": "115583607", "timestamp": 1610208677067, "tick_direction": 3, "price": 0.6725, "mark_price": 0.67241906, "iv": 140.2, "instrument_name": "BTC-26MAR21-14000-C", "index_price": 40552.7, "direction": "sell", "amount": 0.1}, {"trade_seq": 1700, "trade_id": "115583606", "timestamp": 1610208677067, "tick_direction": 3, "price": 0.6725, "mark_price": 0.67241906, "iv": 140.2, "instrument_name": "BTC-26MAR21-14000-C", "index_price": 40552.7, "direction": "sell", "amount": 0.1}, {"trade_seq": 1699, "trade_id": "115583605", "timestamp": 1610208677067, "tick_direction": 3, "price": 0.6725, "mark_price": 0.67241906, "iv": 140.2, "instrument_name": "BTC-26MAR21-14000-C", "index_price": 40552.7, "direction": "sell", "amount": 0.1}, {"trade_seq": 1698, "trade_id": "115583604", "timestamp": 1610208677067, "tick_direction": 3, "price": 0.6725, "mark_price": 0.67241906, "iv": 140.2, "instrument_name": "BTC-26MAR21-14000-C", "index_price": 40552.7, "direction": "sell", "amount": 0.1}, {"trade_seq": 1697, "trade_id": "115583603", "timestamp": 1610208677067, "tick_direction": 2, "price": 0.6725, "mark_price": 0.67241906, "iv": 140.2, "instrument_name": "BTC-26MAR21-14000-C", "index_price": 40552.7, "direction": "sell", "amount": 0.1}, {"trade_seq": 1696, "trade_id": "115583300", "timestamp": 1610208573511, "tick_direction": 3, "price": 0.673, "mark_price": 0.67301292, "iv": 139.43, "instrument_name": "BTC-26MAR21-14000-C", "index_price": 40637.99, "direction": "buy", "amount": 0.1}, {"trade_seq": 1695, "trade_id": "115583278", "timestamp": 1610208544461, "tick_direction": 3, "price": 0.673, "mark_price": 0.67298591, "iv": 139.69, "instrument_name": "BTC-26MAR21-14000-C", "index_price": 40633.17, "direction": "buy", "amount": 0.1}, {"trade_seq": 1694, "trade_id": "115583277", "timestamp": 1610208544376, "tick_direction": 3, "price": 0.673, "mark_price": 0.67298591, "iv": 139.69, "instrument_name": "BTC-26MAR21-14000-C", "index_price": 40633.17, "direction": "buy", "amount": 0.1}, {"trade_seq": 1693, "trade_id": "115583168", "timestamp": 1610208492141, "tick_direction": 3, "price": 0.673, "mark_price": 0.67303615, "iv": 139.45, "instrument_name": "BTC-26MAR21-14000-C", "index_price": 40642.54, "direction": "buy", "amount": 0.1}, {"trade_seq": 1692, "trade_id": "115583156", "timestamp": 1610208489001, "tick_direction": 3, "price": 0.673, "mark_price": 0.67294137, "iv": 139.97, "instrument_name": "BTC-26MAR21-14000-C", "index_price": 40628.3, "direction": "buy", "amount": 0.2}, {"trade_seq": 1691, "trade_id": "115583155", "timestamp": 1610208488939, "tick_direction": 2, "price": 0.673, "mark_price": 0.67294137, "iv": 139.97, "instrument_name": "BTC-26MAR21-14000-C", "index_price": 40628.3, "direction": "buy", "amount": 0.2}, {"trade_seq": 1690, "trade_id": "115556967", "timestamp": 1610203135234, "tick_direction": 1, "price": 0.677, "mark_price": 0.67760667, "iv": 137.63, "instrument_name": "BTC-26MAR21-14000-C", "index_price": 41160.06, "direction": "buy", "amount": 0.1}, {"trade_seq": 1689, "trade_id": "115556964", "timestamp": 1610203134991, "tick_direction": 0, "price": 0.677, "mark_price": 0.67760148, "iv": 137.63, "instrument_name": "BTC-26MAR21-14000-C", "index_price": 41160.06, "direction": "buy", "amount": 0.1}, {"trade_seq": 1688, "trade_id": "115556310", "timestamp": 1610202915717, "tick_direction": 3, "price": 0.676, "mark_price": 0.6764942, "iv": 137.66, "instrument_name": "BTC-26MAR21-14000-C", "index_price": 41045.07, "direction": "buy", "amount": 0.1}, {"trade_seq": 1687, "trade_id": "115556307", "timestamp": 1610202915041, "tick_direction": 3, "price": 0.676, "mark_price": 0.6764942, "iv": 137.66, "instrument_name": "BTC-26MAR21-14000-C", "index_price": 41045.07, "direction": "buy", "amount": 0.1}, {"trade_seq": 1686, "trade_id": "115556294", "timestamp": 1610202914054, "tick_direction": 3, "price": 0.676, "mark_price": 0.67642437, "iv": 138.09, "instrument_name": "BTC-26MAR21-14000-C", "index_price": 41041.26, "direction": "buy", "amount": 0.1}, {"trade_seq": 1685, "trade_id": "115556293", "timestamp": 1610202913504, "tick_direction": 2, "price": 0.676, "mark_price": 0.67642629, "iv": 138.42, "instrument_name": "BTC-26MAR21-14000-C", "index_price": 41028.35, "direction": "buy", "amount": 0.1}, {"trade_seq": 1684, "trade_id": "115554464", "timestamp": 1610202429987, "tick_direction": 2, "price": 0.6775, "mark_price": 0.67751241, "iv": 140.15, "instrument_name": "BTC-26MAR21-14000-C", "index_price": 41148.65, "direction": "buy", "amount": 0.1}, {"trade_seq": 1683, "trade_id": "115553622", "timestamp": 1610202098051, "tick_direction": 3, "price": 0.678, "mark_price": 0.67849087, "iv": 137.93, "instrument_name": "BTC-26MAR21-14000-C", "index_price": 41256.12, "direction": "buy", "amount": 0.1}, {"trade_seq": 1682, "trade_id": "115553620", "timestamp": 1610202097821, "tick_direction": 3, "price": 0.678, "mark_price": 0.67849087, "iv": 137.93, "instrument_name": "BTC-26MAR21-14000-C", "index_price": 41256.12, "direction": "buy", "amount": 0.1}, {"trade_seq": 1681, "trade_id": "115553597", "timestamp": 1610202089253, "tick_direction": 3, "price": 0.678, "mark_price": 0.67839113, "iv": 138.47, "instrument_name": "BTC-26MAR21-14000-C", "index_price": 41251.71, "direction": "buy", "amount": 0.1}, {"trade_seq": 1680, "trade_id": "115553594", "timestamp": 1610202088658, "tick_direction": 3, "price": 0.678, "mark_price": 0.67839113, "iv": 138.47, "instrument_name": "BTC-26MAR21-14000-C", "index_price": 41246.27, "direction": "buy", "amount": 0.1}, {"trade_seq": 1679, "trade_id": "115553586", "timestamp": 1610202087501, "tick_direction": 3, "price": 0.678, "mark_price": 0.6783677, "iv": 138.6, "instrument_name": "BTC-26MAR21-14000-C", "index_price": 41244.98, "direction": "buy", "amount": 0.1}, {"trade_seq": 1678, "trade_id": "115553529", "timestamp": 1610202078375, "tick_direction": 3, "price": 0.678, "mark_price": 0.67811812, "iv": 139.24, "instrument_name": "BTC-26MAR21-14000-C", "index_price": 41220.5, "direction": "buy", "amount": 0.1}, {"trade_seq": 1677, "trade_id": "115553518", "timestamp": 1610202077064, "tick_direction": 2, "price": 0.678, "mark_price": 0.678047, "iv": 139.77, "instrument_name": "BTC-26MAR21-14000-C", "index_price": 41216.39, "direction": "buy", "amount": 0.2}, {"trade_seq": 1676, "trade_id": "115552875", "timestamp": 1610201948374, "tick_direction": 0, "price": 0.6785, "mark_price": 0.67858627, "iv": 140.19, "instrument_name": "BTC-26MAR21-14000-C", "index_price": 41254.88, "direction": "buy", "amount": 0.1}, {"trade_seq": 1675, "trade_id": "115549147", "timestamp": 1610201075911, "tick_direction": 1, "price": 0.678, "mark_price": 0.67819838, "iv": 138.72, "instrument_name": "BTC-26MAR21-14000-C", "index_price": 41256.46, "direction": "buy", "amount": 0.1}, {"trade_seq": 1674, "trade_id": "115549145", "timestamp": 1610201075759, "tick_direction": 1, "price": 0.678, "mark_price": 0.67819838, "iv": 138.72, "instrument_name": "BTC-26MAR21-14000-C", "index_price": 41256.46, "direction": "buy", "amount": 0.1}, {"trade_seq": 1673, "trade_id": "115549144", "timestamp": 1610201075504, "tick_direction": 1, "price": 0.678, "mark_price": 0.67819838, "iv": 138.72, "instrument_name": "BTC-26MAR21-14000-C", "index_price": 41256.46, "direction": "buy", "amount": 0.1}, {"trade_seq": 1672, "trade_id": "115549132", "timestamp": 1610201075169, "tick_direction": 0, "price": 0.678, "mark_price": 0.67817619, "iv": 138.72, "instrument_name": "BTC-26MAR21-14000-C", "index_price": 41256.46, "direction": "buy", "amount": 0.1}, {"trade_seq": 1671, "trade_id": "115545530", "timestamp": 1610200150981, "tick_direction": 1, "price": 0.677, "mark_price": 0.67731334, "iv": 138.35, "instrument_name": "BTC-26MAR21-14000-C", "index_price": 41127.75, "direction": "buy", "amount": 0.2}, {"trade_seq": 1670, "trade_id": "115545529", "timestamp": 1610200150937, "tick_direction": 1, "price": 0.677, "mark_price": 0.67731334, "iv": 138.35, "instrument_name": "BTC-26MAR21-14000-C", "index_price": 41127.75, "direction": "buy", "amount": 0.2}, {"trade_seq": 1669, "trade_id": "115545513", "timestamp": 1610200150295, "tick_direction": 1, "price": 0.677, "mark_price": 0.67731334, "iv": 139.59, "instrument_name": "BTC-26MAR21-14000-C", "index_price": 41105.23, "direction": "buy", "amount": 0.2}, {"trade_seq": 1668, "trade_id": "115545457", "timestamp": 1610200149112, "tick_direction": 1, "price": 0.677, "mark_price": 0.67721408, "iv": 140.02, "instrument_name": "BTC-26MAR21-14000-C", "index_price": 41092.09, "direction": "buy", "amount": 0.1}, {"trade_seq": 1667, "trade_id": "115545452", "timestamp": 1610200148594, "tick_direction": 1, "price": 0.677, "mark_price": 0.67721408, "iv": 140.02, "instrument_name": "BTC-26MAR21-14000-C", "index_price": 41092.09, "direction": "buy", "amount": 0.1}, {"trade_seq": 1666, "trade_id": "115545080", "timestamp": 1610200002907, "tick_direction": 1, "price": 0.677, "mark_price": 0.67743981, "iv": 139.12, "instrument_name": "BTC-26MAR21-14000-C", "index_price": 41111.33, "direction": "buy", "amount": 0.1}, {"trade_seq": 1665, "trade_id": "115542263", "timestamp": 1610199370320, "tick_direction": 1, "price": 0.677, "mark_price": 0.67769658, "iv": 137.96, "instrument_name": "BTC-26MAR21-14000-C", "index_price": 41205.14, "direction": "buy", "amount": 0.1}, {"trade_seq": 1664, "trade_id": "115542255", "timestamp": 1610199370046, "tick_direction": 1, "price": 0.677, "mark_price": 0.67769658, "iv": 137.96, "instrument_name": "BTC-26MAR21-14000-C", "index_price": 41205.14, "direction": "buy", "amount": 0.2}, {"trade_seq": 1663, "trade_id": "115542234", "timestamp": 1610199369243, "tick_direction": 1, "price": 0.677, "mark_price": 0.67765764, "iv": 138.15, "instrument_name": "BTC-26MAR21-14000-C", "index_price": 41196.72, "direction": "buy", "amount": 0.1}, {"trade_seq": 1662, "trade_id": "115542228", "timestamp": 1610199369076, "tick_direction": 1, "price": 0.677, "mark_price": 0.67765764, "iv": 138.15, "instrument_name": "BTC-26MAR21-14000-C", "index_price": 41196.72, "direction": "buy", "amount": 0.1}, {"trade_seq": 1661, "trade_id": "115542226", "timestamp": 1610199368960, "tick_direction": 1, "price": 0.677, "mark_price": 0.6775379, "iv": 138.15, "instrument_name": "BTC-26MAR21-14000-C", "index_price": 41196.72, "direction": "buy", "amount": 0.1}, {"trade_seq": 1660, "trade_id": "115542215", "timestamp": 1610199368774, "tick_direction": 1, "price": 0.677, "mark_price": 0.6775379, "iv": 138.15, "instrument_name": "BTC-26MAR21-14000-C", "index_price": 41196.72, "direction": "buy", "amount": 5.5}, {"trade_seq": 1659, "trade_id": "115542188", "timestamp": 1610199368558, "tick_direction": 0, "price": 0.677, "mark_price": 0.6775379, "iv": 138.73, "instrument_name": "BTC-26MAR21-14000-C", "index_price": 41187.88, "direction": "buy", "amount": 0.1}, {"trade_seq": 1658, "trade_id": "115541360", "timestamp": 1610199266313, "tick_direction": 1, "price": 0.676, "mark_price": 0.67643892, "iv": 139.31, "instrument_name": "BTC-26MAR21-14000-C", "index_price": 41062.86, "direction": "buy", "amount": 0.1}, {"trade_seq": 1657, "trade_id": "115541357", "timestamp": 1610199265777, "tick_direction": 1, "price": 0.676, "mark_price": 0.67639317, "iv": 139.31, "instrument_name": "BTC-26MAR21-14000-C", "index_price": 41056.83, "direction": "buy", "amount": 0.1}, {"trade_seq": 1656, "trade_id": "115540030", "timestamp": 1610198777558, "tick_direction": 1, "price": 0.676, "mark_price": 0.67658804, "iv": 138.55, "instrument_name": "BTC-26MAR21-14000-C", "index_price": 41096.7, "direction": "buy", "amount": 5.5}, {"trade_seq": 1655, "trade_id": "115539944", "timestamp": 1610198770550, "tick_direction": 1, "price": 0.676, "mark_price": 0.67613048, "iv": 139.36, "instrument_name": "BTC-26MAR21-14000-C", "index_price": 41073.31, "direction": "buy", "amount": 0.1}, {"trade_seq": 1654, "trade_id": "115539931", "timestamp": 1610198770202, "tick_direction": 0, "price": 0.676, "mark_price": 0.67612837, "iv": 140.66, "instrument_name": "BTC-26MAR21-14000-C", "index_price": 41059.11, "direction": "buy", "amount": 0.1}, {"trade_seq": 1653, "trade_id": "115539253", "timestamp": 1610198660997, "tick_direction": 1, "price": 0.675, "mark_price": 0.67549537, "iv": 138.95, "instrument_name": "BTC-26MAR21-14000-C", "index_price": 40977.58, "direction": "buy", "amount": 0.1}, {"trade_seq": 1652, "trade_id": "115539250", "timestamp": 1610198660775, "tick_direction": 1, "price": 0.675, "mark_price": 0.67549537, "iv": 138.95, "instrument_name": "BTC-26MAR21-14000-C", "index_price": 40977.58, "direction": "buy", "amount": 0.1}, {"trade_seq": 1651, "trade_id": "115539227", "timestamp": 1610198659884, "tick_direction": 1, "price": 0.675, "mark_price": 0.67539136, "iv": 138.99, "instrument_name": "BTC-26MAR21-14000-C", "index_price": 40967.59, "direction": "buy", "amount": 0.1}, {"trade_seq": 1650, "trade_id": "115539225", "timestamp": 1610198659706, "tick_direction": 1, "price": 0.675, "mark_price": 0.67539136, "iv": 138.99, "instrument_name": "BTC-26MAR21-14000-C", "index_price": 40967.59, "direction": "buy", "amount": 0.1}, {"trade_seq": 1649, "trade_id": "115538347", "timestamp": 1610198267886, "tick_direction": 1, "price": 0.675, "mark_price": 0.67534018, "iv": 139.42, "instrument_name": "BTC-26MAR21-14000-C", "index_price": 40964.25, "direction": "buy", "amount": 0.1}, {"trade_seq": 1648, "trade_id": "115537499", "timestamp": 1610197743425, "tick_direction": 1, "price": 0.675, "mark_price": 0.67565722, "iv": 137.7, "instrument_name": "BTC-26MAR21-14000-C", "index_price": 41014.9, "direction": "buy", "amount": 0.3}, {"trade_seq": 1647, "trade_id": "115537450", "timestamp": 1610197722095, "tick_direction": 1, "price": 0.675, "mark_price": 0.67559274, "iv": 138.27, "instrument_name": "BTC-26MAR21-14000-C", "index_price": 41001.09, "direction": "buy", "amount": 0.1}, {"trade_seq": 1646, "trade_id": "115537395", "timestamp": 1610197713403, "tick_direction": 1, "price": 0.675, "mark_price": 0.67524561, "iv": 139.82, "instrument_name": "BTC-26MAR21-14000-C", "index_price": 40972.91, "direction": "buy", "amount": 0.1}, {"trade_seq": 1645, "trade_id": "115537394", "timestamp": 1610197713298, "tick_direction": 0, "price": 0.675, "mark_price": 0.67524561, "iv": 139.82, "instrument_name": "BTC-26MAR21-14000-C", "index_price": 40972.91, "direction": "buy", "amount": 0.1}, {"trade_seq": 1644, "trade_id": "115536940", "timestamp": 1610197538994, "tick_direction": 2, "price": 0.6745, "mark_price": 0.67461055, "iv": 140.17, "instrument_name": "BTC-26MAR21-14000-C", "index_price": 40872.65, "direction": "buy", "amount": 0.1}, {"trade_seq": 1643, "trade_id": "115536287", "timestamp": 1610197293433, "tick_direction": 1, "price": 0.675, "mark_price": 0.67552112, "iv": 138.35, "instrument_name": "BTC-26MAR21-14000-C", "index_price": 41011.38, "direction": "buy", "amount": 0.1}, {"trade_seq": 1642, "trade_id": "115536263", "timestamp": 1610197289164, "tick_direction": 1, "price": 0.675, "mark_price": 0.67530842, "iv": 139.13, "instrument_name": "BTC-26MAR21-14000-C", "index_price": 40989.49, "direction": "buy", "amount": 0.1}, {"trade_seq": 1641, "trade_id": "115535997", "timestamp": 1610197224467, "tick_direction": 1, "price": 0.675, "mark_price": 0.67562163, "iv": 137.79, "instrument_name": "BTC-26MAR21-14000-C", "index_price": 41005.54, "direction": "buy", "amount": 0.1}, {"trade_seq": 1640, "trade_id": "115535995", "timestamp": 1610197224042, "tick_direction": 1, "price": 0.675, "mark_price": 0.67557664, "iv": 137.79, "instrument_name": "BTC-26MAR21-14000-C", "index_price": 41005.54, "direction": "buy", "amount": 0.1}, {"trade_seq": 1639, "trade_id": "115535976", "timestamp": 1610197219902, "tick_direction": 1, "price": 0.675, "mark_price": 0.67545756, "iv": 138.18, "instrument_name": "BTC-26MAR21-14000-C", "index_price": 40993.37, "direction": "buy", "amount": 0.1}, {"trade_seq": 1638, "trade_id": "115535972", "timestamp": 1610197219529, "tick_direction": 1, "price": 0.675, "mark_price": 0.67545756, "iv": 138.18, "instrument_name": "BTC-26MAR21-14000-C", "index_price": 40993.37, "direction": "buy", "amount": 0.1}, {"trade_seq": 1637, "trade_id": "115535971", "timestamp": 1610197219317, "tick_direction": 1, "price": 0.675, "mark_price": 0.67545756, "iv": 138.56, "instrument_name": "BTC-26MAR21-14000-C", "index_price": 40982.7, "direction": "buy", "amount": 0.1}, {"trade_seq": 1636, "trade_id": "115535970", "timestamp": 1610197219069, "tick_direction": 0, "price": 0.675, "mark_price": 0.67532244, "iv": 138.56, "instrument_name": "BTC-26MAR21-14000-C", "index_price": 40982.7, "direction": "buy", "amount": 0.1}, {"trade_seq": 1635, "trade_id": "115535291", "timestamp": 1610197108367, "tick_direction": 1, "price": 0.674, "mark_price": 0.67452084, "iv": 138.2, "instrument_name": "BTC-26MAR21-14000-C", "index_price": 40878.4, "direction": "buy", "amount": 0.1}, {"trade_seq": 1634, "trade_id": "115535255", "timestamp": 1610197107667, "tick_direction": 0, "price": 0.674, "mark_price": 0.67447665, "iv": 138.41, "instrument_name": "BTC-26MAR21-14000-C", "index_price": 40873.62, "direction": "buy", "amount": 0.1}, {"trade_seq": 1633, "trade_id": "115506772", "timestamp": 1610191312778, "tick_direction": 2, "price": 0.673, "mark_price": 0.67268392, "iv": 137.54, "instrument_name": "BTC-26MAR21-14000-C", "index_price": 40723.64, "direction": "buy", "amount": 0.1}, {"trade_seq": 1632, "trade_id": "115494861", "timestamp": 1610188450601, "tick_direction": 1, "price": 0.674, "mark_price": 0.67369788, "iv": 138.39, "instrument_name": "BTC-26MAR21-14000-C", "index_price": 40784.55, "direction": "buy", "amount": 0.1}, {"trade_seq": 1631, "trade_id": "115494711", "timestamp": 1610188437172, "tick_direction": 1, "price": 0.674, "mark_price": 0.6737133, "iv": 138.36, "instrument_name": "BTC-26MAR21-14000-C", "index_price": 40787.93, "direction": "buy", "amount": 0.1}, {"trade_seq": 1630, "trade_id": "115494492", "timestamp": 1610188403235, "tick_direction": 1, "price": 0.674, "mark_price": 0.67366484, "iv": 138.51, "instrument_name": "BTC-26MAR21-14000-C", "index_price": 40782.32, "direction": "buy", "amount": 0.1}, {"trade_seq": 1629, "trade_id": "115494455", "timestamp": 1610188399730, "tick_direction": 0, "price": 0.674, "mark_price": 0.67360666, "iv": 138.65, "instrument_name": "BTC-26MAR21-14000-C", "index_price": 40776.9, "direction": "buy", "amount": 0.1}, {"trade_seq": 1628, "trade_id": "115487166", "timestamp": 1610186733493, "tick_direction": 3, "price": 0.67, "mark_price": 0.66918243, "iv": 137.96, "instrument_name": "BTC-26MAR21-14000-C", "index_price": 40317.55, "direction": "buy", "amount": 0.1}, {"trade_seq": 1627, "trade_id": "115487158", "timestamp": 1610186731767, "tick_direction": 3, "price": 0.67, "mark_price": 0.66916679, "iv": 138.77, "instrument_name": "BTC-26MAR21-14000-C", "index_price": 40298.89, "direction": "buy", "amount": 0.1}, {"trade_seq": 1626, "trade_id": "115487154", "timestamp": 1610186731577, "tick_direction": 3, "price": 0.67, "mark_price": 0.66916679, "iv": 138.77, "instrument_name": "BTC-26MAR21-14000-C", "index_price": 40298.89, "direction": "buy", "amount": 0.1}, {"trade_seq": 1625, "trade_id": "115487151", "timestamp": 1610186731515, "tick_direction": 2, "price": 0.67, "mark_price": 0.6690214, "iv": 138.77, "instrument_name": "BTC-26MAR21-14000-C", "index_price": 40298.89, "direction": "buy", "amount": 0.1}, {"trade_seq": 1624, "trade_id": "115481281", "timestamp": 1610185417891, "tick_direction": 3, "price": 0.671, "mark_price": 0.67039969, "iv": 137.87, "instrument_name": "BTC-26MAR21-14000-C", "index_price": 40436.84, "direction": "buy", "amount": 0.1}, {"trade_seq": 1623, "trade_id": "115481255", "timestamp": 1610185413265, "tick_direction": 2, "price": 0.671, "mark_price": 0.67025649, "iv": 138.19, "instrument_name": "BTC-26MAR21-14000-C", "index_price": 40429.48, "direction": "buy", "amount": 0.1}, {"trade_seq": 1622, "trade_id": "115477798", "timestamp": 1610184801567, "tick_direction": 3, "price": 0.672, "mark_price": 0.67116931, "iv": 139.5, "instrument_name": "BTC-26MAR21-14000-C", "index_price": 40515.38, "direction": "buy", "amount": 0.1}, {"trade_seq": 1621, "trade_id": "115477797", "timestamp": 1610184801393, "tick_direction": 3, "price": 0.672, "mark_price": 0.67116931, "iv": 139.5, "instrument_name": "BTC-26MAR21-14000-C", "index_price": 40515.38, "direction": "buy", "amount": 0.1}, {"trade_seq": 1620, "trade_id": "115477793", "timestamp": 1610184799916, "tick_direction": 3, "price": 0.672, "mark_price": 0.67107893, "iv": 139.85, "instrument_name": "BTC-26MAR21-14000-C", "index_price": 40506.09, "direction": "buy", "amount": 0.2}, {"trade_seq": 1619, "trade_id": "115477787", "timestamp": 1610184799650, "tick_direction": 2, "price": 0.672, "mark_price": 0.67107893, "iv": 139.84, "instrument_name": "BTC-26MAR21-14000-C", "index_price": 40494.75, "direction": "buy", "amount": 0.1}, {"trade_seq": 1618, "trade_id": "115476754", "timestamp": 1610184668962, "tick_direction": 1, "price": 0.673, "mark_price": 0.67213996, "iv": 139.69, "instrument_name": "BTC-26MAR21-14000-C", "index_price": 40632.45, "direction": "buy", "amount": 0.1}, {"trade_seq": 1617, "trade_id": "115476739", "timestamp": 1610184668334, "tick_direction": 0, "price": 0.673, "mark_price": 0.67207911, "iv": 139.96, "instrument_name": "BTC-26MAR21-14000-C", "index_price": 40627.26, "direction": "buy", "amount": 0.2}, {"trade_seq": 1616, "trade_id": "115475979", "timestamp": 1610184519817, "tick_direction": 3, "price": 0.6725, "mark_price": 0.67143857, "iv": 140.59, "instrument_name": "BTC-26MAR21-14000-C", "index_price": 40569.46, "direction": "buy", "amount": 0.1}, {"trade_seq": 1615, "trade_id": "115475974", "timestamp": 1610184519417, "tick_direction": 3, "price": 0.6725, "mark_price": 0.67143697, "iv": 140.59, "instrument_name": "BTC-26MAR21-14000-C", "index_price": 40569.46, "direction": "buy", "amount": 0.1}, {"trade_seq": 1614, "trade_id": "115475913", "timestamp": 1610184498930, "tick_direction": 3, "price": 0.6725, "mark_price": 0.6714754, "iv": 140.43, "instrument_name": "BTC-26MAR21-14000-C", "index_price": 40575.59, "direction": "buy", "amount": 0.1}, {"trade_seq": 1613, "trade_id": "115475844", "timestamp": 1610184470670, "tick_direction": 3, "price": 0.6725, "mark_price": 0.67153278, "iv": 140.16, "instrument_name": "BTC-26MAR21-14000-C", "index_price": 40582.11, "direction": "buy", "amount": 0.1}, {"trade_seq": 1612, "trade_id": "115475843", "timestamp": 1610184470496, "tick_direction": 3, "price": 0.6725, "mark_price": 0.67153278, "iv": 140.2, "instrument_name": "BTC-26MAR21-14000-C", "index_price": 40580.37, "direction": "buy", "amount": 0.1}, {"trade_seq": 1611, "trade_id": "115475801", "timestamp": 1610184453583, "tick_direction": 3, "price": 0.6725, "mark_price": 0.67154968, "iv": 140.17, "instrument_name": "BTC-26MAR21-14000-C", "index_price": 40580.92, "direction": "buy", "amount": 0.1}, {"trade_seq": 1610, "trade_id": "115475800", "timestamp": 1610184453221, "tick_direction": 3, "price": 0.6725, "mark_price": 0.67154968, "iv": 140.13, "instrument_name": "BTC-26MAR21-14000-C", "index_price": 40567.58, "direction": "buy", "amount": 0.1}, {"trade_seq": 1609, "trade_id": "115475794", "timestamp": 1610184452821, "tick_direction": 3, "price": 0.6725, "mark_price": 0.67154968, "iv": 140.13, "instrument_name": "BTC-26MAR21-14000-C", "index_price": 40567.58, "direction": "buy", "amount": 0.3}, {"trade_seq": 1608, "trade_id": "115475785", "timestamp": 1610184451666, "tick_direction": 2, "price": 0.6725, "mark_price": 0.67149557, "iv": 140.3, "instrument_name": "BTC-26MAR21-14000-C", "index_price": 40561.73, "direction": "buy", "amount": 0.1}, {"trade_seq": 1607, "trade_id": "115472059", "timestamp": 1610183759087, "tick_direction": 1, "price": 0.673, "mark_price": 0.67250798, "iv": 137.72, "instrument_name": "BTC-26MAR21-14000-C", "index_price": 40725.71, "direction": "buy", "amount": 0.1}, {"trade_seq": 1606, "trade_id": "115472051", "timestamp": 1610183758835, "tick_direction": 1, "price": 0.673, "mark_price": 0.67250798, "iv": 137.72, "instrument_name": "BTC-26MAR21-14000-C", "index_price": 40725.71, "direction": "buy", "amount": 0.1}, {"trade_seq": 1605, "trade_id": "115472045", "timestamp": 1610183758761, "tick_direction": 0, "price": 0.673, "mark_price": 0.67250798, "iv": 137.72, "instrument_name": "BTC-26MAR21-14000-C", "index_price": 40725.71, "direction": "buy", "amount": 0.1}, {"trade_seq": 1604, "trade_id": "115382876", "timestamp": 1610162964949, "tick_direction": 3, "price": 0.671, "mark_price": 0.67091242, "iv": 138.74, "instrument_name": "BTC-26MAR21-14000-C", "index_price": 40257.02, "direction": "buy", "amount": 0.1}, {"trade_seq": 1603, "trade_id": "115382863", "timestamp": 1610162964762, "tick_direction": 3, "price": 0.671, "mark_price": 0.67091242, "iv": 138.74, "instrument_name": "BTC-26MAR21-14000-C", "index_price": 40257.02, "direction": "buy", "amount": 0.1}, {"trade_seq": 1602, "trade_id": "115382859", "timestamp": 1610162964585, "tick_direction": 3, "price": 0.671, "mark_price": 0.67075118, "iv": 138.74, "instrument_name": "BTC-26MAR21-14000-C", "index_price": 40257.02, "direction": "buy", "amount": 0.1}, {"trade_seq": 1601, "trade_id": "115382833", "timestamp": 1610162964034, "tick_direction": 3, "price": 0.671, "mark_price": 0.67075118, "iv": 139.44, "instrument_name": "BTC-26MAR21-14000-C", "index_price": 40237.98, "direction": "buy", "amount": 0.1}, {"trade_seq": 1600, "trade_id": "115343347", "timestamp": 1610153415194, "tick_direction": 2, "price": 0.671, "mark_price": 0.67117023, "iv": 138.4, "instrument_name": "BTC-26MAR21-14000-C", "index_price": 40289.04, "direction": "buy", "amount": 0.1}, {"trade_seq": 1599, "trade_id": "115335366", "timestamp": 1610151879854, "tick_direction": 1, "price": 0.675, "mark_price": 0.67496027, "iv": 138.32, "instrument_name": "BTC-26MAR21-14000-C", "index_price": 40859.46, "direction": "buy", "amount": 0.1}, {"trade_seq": 1598, "trade_id": "115335364", "timestamp": 1610151879659, "tick_direction": 1, "price": 0.675, "mark_price": 0.67496027, "iv": 138.32, "instrument_name": "BTC-26MAR21-14000-C", "index_price": 40859.46, "direction": "buy", "amount": 0.2}, {"trade_seq": 1597, "trade_id": "115335359", "timestamp": 1610151879410, "tick_direction": 1, "price": 0.675, "mark_price": 0.67496027, "iv": 138.32, "instrument_name": "BTC-26MAR21-14000-C", "index_price": 40859.46, "direction": "buy", "amount": 0.1}, {"trade_seq": 1596, "trade_id": "115335358", "timestamp": 1610151879121, "tick_direction": 1, "price": 0.675, "mark_price": 0.67468025, "iv": 139.59, "instrument_name": "BTC-26MAR21-14000-C", "index_price": 40847.26, "direction": "buy", "amount": 0.3}, {"trade_seq": 1595, "trade_id": "115335340", "timestamp": 1610151878495, "tick_direction": 0, "price": 0.675, "mark_price": 0.67468025, "iv": 139.59, "instrument_name": "BTC-26MAR21-14000-C", "index_price": 40847.26, "direction": "buy", "amount": 0.2}, {"trade_seq": 1594, "trade_id": "115335212", "timestamp": 1610151854880, "tick_direction": 2, "price": 0.6745, "mark_price": 0.6740351, "iv": 140.11, "instrument_name": "BTC-26MAR21-14000-C", "index_price": 40756.14, "direction": "buy", "amount": 0.1}, {"trade_seq": 1593, "trade_id": "115333201", "timestamp": 1610150965328, "tick_direction": 1, "price": 0.676, "mark_price": 0.67536563, "iv": 139.3, "instrument_name": "BTC-26MAR21-14000-C", "index_price": 40976.55, "direction": "buy", "amount": 0.1}, {"trade_seq": 1592, "trade_id": "115333198", "timestamp": 1610150965159, "tick_direction": 1, "price": 0.676, "mark_price": 0.67536563, "iv": 139.3, "instrument_name": "BTC-26MAR21-14000-C", "index_price": 40976.55, "direction": "buy", "amount": 0.1}, {"trade_seq": 1591, "trade_id": "115333111", "timestamp": 1610150917922, "tick_direction": 1, "price": 0.676, "mark_price": 0.67530928, "iv": 139.58, "instrument_name": "BTC-26MAR21-14000-C", "index_price": 40960.9, "direction": "buy", "amount": 0.1}, {"trade_seq": 1590, "trade_id": "115333107", "timestamp": 1610150912175, "tick_direction": 1, "price": 0.676, "mark_price": 0.67527131, "iv": 139.61, "instrument_name": "BTC-26MAR21-14000-C", "index_price": 40960.32, "direction": "buy", "amount": 0.1}, {"trade_seq": 1589, "trade_id": "115333082", "timestamp": 1610150906715, "tick_direction": 1, "price": 0.676, "mark_price": 0.67521948, "iv": 139.83, "instrument_name": "BTC-26MAR21-14000-C", "index_price": 40954.31, "direction": "buy", "amount": 0.1}, {"trade_seq": 1588, "trade_id": "115333081", "timestamp": 1610150906430, "tick_direction": 1, "price": 0.676, "mark_price": 0.67521948, "iv": 139.83, "instrument_name": "BTC-26MAR21-14000-C", "index_price": 40954.31, "direction": "buy", "amount": 0.1}, {"trade_seq": 1587, "trade_id": "115332926", "timestamp": 1610150812282, "tick_direction": 1, "price": 0.676, "mark_price": 0.6750782, "iv": 140.5, "instrument_name": "BTC-26MAR21-14000-C", "index_price": 40950.53, "direction": "buy", "amount": 0.1}, {"trade_seq": 1586, "trade_id": "115332923", "timestamp": 1610150812111, "tick_direction": 1, "price": 0.676, "mark_price": 0.6750782, "iv": 140.5, "instrument_name": "BTC-26MAR21-14000-C", "index_price": 40950.53, "direction": "buy", "amount": 0.1}, {"trade_seq": 1585, "trade_id": "115332909", "timestamp": 1610150811667, "tick_direction": 0, "price": 0.676, "mark_price": 0.67506216, "iv": 140.5, "instrument_name": "BTC-26MAR21-14000-C", "index_price": 40950.53, "direction": "buy", "amount": 0.1}, {"trade_seq": 1584, "trade_id": "115326778", "timestamp": 1610149070311, "tick_direction": 1, "price": 0.675, "mark_price": 0.67544965, "iv": 138.21, "instrument_name": "BTC-26MAR21-14000-C", "index_price": 40864.55, "direction": "buy", "amount": 0.1}, {"trade_seq": 1583, "trade_id": "115326771", "timestamp": 1610149070034, "tick_direction": 1, "price": 0.675, "mark_price": 0.67542876, "iv": 138.21, "instrument_name": "BTC-26MAR21-14000-C", "index_price": 40864.55, "direction": "buy", "amount": 0.1}, {"trade_seq": 1582, "trade_id": "115326769", "timestamp": 1610149069873, "tick_direction": 1, "price": 0.675, "mark_price": 0.67542876, "iv": 138.21, "instrument_name": "BTC-26MAR21-14000-C", "index_price": 40864.55, "direction": "buy", "amount": 0.1}, {"trade_seq": 1581, "trade_id": "115326757", "timestamp": 1610149068586, "tick_direction": 0, "price": 0.675, "mark_price": 0.67525273, "iv": 138.31, "instrument_name": "BTC-26MAR21-14000-C", "index_price": 40862.78, "direction": "buy", "amount": 0.1}, {"trade_seq": 1580, "trade_id": "115320271", "timestamp": 1610147076894, "tick_direction": 2, "price": 0.674, "mark_price": 0.67444637, "iv": 138.24, "instrument_name": "BTC-26MAR21-14000-C", "index_price": 40728.41, "direction": "buy", "amount": 0.2}, {"trade_seq": 1579, "trade_id": "115318312", "timestamp": 1610146253292, "tick_direction": 0, "price": 0.675, "mark_price": 0.67536753, "iv": 138.86, "instrument_name": "BTC-26MAR21-14000-C", "index_price": 40791.98, "direction": "buy", "amount": 0.1}, {"trade_seq": 1578, "trade_id": "115317819", "timestamp": 1610146178162, "tick_direction": 1, "price": 0.674, "mark_price": 0.67458225, "iv": 137.92, "instrument_name": "BTC-26MAR21-14000-C", "index_price": 40690.75, "direction": "buy", "amount": 0.1}, {"trade_seq": 1577, "trade_id": "115317817", "timestamp": 1610146177942, "tick_direction": 1, "price": 0.674, "mark_price": 0.67451717, "iv": 137.98, "instrument_name": "BTC-26MAR21-14000-C", "index_price": 40690.37, "direction": "buy", "amount": 0.1}, {"trade_seq": 1576, "trade_id": "115317814", "timestamp": 1610146177111, "tick_direction": 1, "price": 0.674, "mark_price": 0.67451717, "iv": 138.22, "instrument_name": "BTC-26MAR21-14000-C", "index_price": 40690.37, "direction": "buy", "amount": 0.1}, {"trade_seq": 1575, "trade_id": "115317811", "timestamp": 1610146176676, "tick_direction": 1, "price": 0.674, "mark_price": 0.67451237, "iv": 138.24, "instrument_name": "BTC-26MAR21-14000-C", "index_price": 40683.16, "direction": "buy", "amount": 0.1}, {"trade_seq": 1574, "trade_id": "115317753", "timestamp": 1610146167021, "tick_direction": 1, "price": 0.674, "mark_price": 0.67431582, "iv": 139.12, "instrument_name": "BTC-26MAR21-14000-C", "index_price": 40668.48, "direction": "buy", "amount": 0.1}, {"trade_seq": 1573, "trade_id": "115317747", "timestamp": 1610146164439, "tick_direction": 1, "price": 0.674, "mark_price": 0.67423641, "iv": 139.47, "instrument_name": "BTC-26MAR21-14000-C", "index_price": 40663.93, "direction": "buy", "amount": 0.1}, {"trade_seq": 1572, "trade_id": "115317745", "timestamp": 1610146164042, "tick_direction": 1, "price": 0.674, "mark_price": 0.6742346, "iv": 139.47, "instrument_name": "BTC-26MAR21-14000-C", "index_price": 40663.93, "direction": "buy", "amount": 0.1}, {"trade_seq": 1571, "trade_id": "115317744", "timestamp": 1610146163797, "tick_direction": 1, "price": 0.674, "mark_price": 0.6742346, "iv": 139.47, "instrument_name": "BTC-26MAR21-14000-C", "index_price": 40653.24, "direction": "buy", "amount": 0.2}, {"trade_seq": 1570, "trade_id": "115317698", "timestamp": 1610146159236, "tick_direction": 0, "price": 0.674, "mark_price": 0.67420265, "iv": 139.61, "instrument_name": "BTC-26MAR21-14000-C", "index_price": 40649.19, "direction": "buy", "amount": 0.1}, {"trade_seq": 1569, "trade_id": "115316355", "timestamp": 1610145772320, "tick_direction": 3, "price": 0.6735, "mark_price": 0.67335952, "iv": 140.47, "instrument_name": "BTC-26MAR21-14000-C", "index_price": 40549.05, "direction": "buy", "amount": 0.2}, {"trade_seq": 1568, "trade_id": "115316343", "timestamp": 1610145771739, "tick_direction": 3, "price": 0.6735, "mark_price": 0.67335952, "iv": 140.55, "instrument_name": "BTC-26MAR21-14000-C", "index_price": 40539.82, "direction": "buy", "amount": 0.1}, {"trade_seq": 1567, "trade_id": "115316048", "timestamp": 1610145703726, "tick_direction": 2, "price": 0.6735, "mark_price": 0.67323581, "iv": 140.8, "instrument_name": "BTC-26MAR21-14000-C", "index_price": 40571.18, "direction": "buy", "amount": 0.1}, {"trade_seq": 1566, "trade_id": "115315326", "timestamp": 1610145548928, "tick_direction": 0, "price": 0.6745, "mark_price": 0.67385798, "iv": 141.97, "instrument_name": "BTC-26MAR21-14000-C", "index_price": 40656.97, "direction": "buy", "amount": 0.1}, {"trade_seq": 1565, "trade_id": "115314628", "timestamp": 1610145409990, "tick_direction": 1, "price": 0.674, "mark_price": 0.67393058, "iv": 138.3, "instrument_name": "BTC-26MAR21-14000-C", "index_price": 40697.68, "direction": "buy", "amount": 0.2}, {"trade_seq": 1564, "trade_id": "115314622", "timestamp": 1610145409592, "tick_direction": 0, "price": 0.674, "mark_price": 0.67393058, "iv": 139.22, "instrument_name": "BTC-26MAR21-14000-C", "index_price": 40697.68, "direction": "buy", "amount": 0.1}, {"trade_seq": 1563, "trade_id": "115312288", "timestamp": 1610145071632, "tick_direction": 1, "price": 0.67, "mark_price": 0.67008511, "iv": 137.9, "instrument_name": "BTC-26MAR21-14000-C", "index_price": 40227.69, "direction": "buy", "amount": 0.1}, {"trade_seq": 1562, "trade_id": "115312246", "timestamp": 1610145044184, "tick_direction": 1, "price": 0.67, "mark_price": 0.670082, "iv": 138.0, "instrument_name": "BTC-26MAR21-14000-C", "index_price": 40217.78, "direction": "buy", "amount": 0.1}, {"trade_seq": 1561, "trade_id": "115312245", "timestamp": 1610145043978, "tick_direction": 1, "price": 0.67, "mark_price": 0.670082, "iv": 138.0, "instrument_name": "BTC-26MAR21-14000-C", "index_price": 40217.78, "direction": "buy", "amount": 0.1}, {"trade_seq": 1560, "trade_id": "115312244", "timestamp": 1610145043667, "tick_direction": 1, "price": 0.67, "mark_price": 0.670082, "iv": 137.97, "instrument_name": "BTC-26MAR21-14000-C", "index_price": 40218.65, "direction": "buy", "amount": 0.2}, {"trade_seq": 1559, "trade_id": "115312205", "timestamp": 1610145036402, "tick_direction": 0, "price": 0.67, "mark_price": 0.66989736, "iv": 138.77, "instrument_name": "BTC-26MAR21-14000-C", "index_price": 40195.47, "direction": "buy", "amount": 0.1}, {"trade_seq": 1558, "trade_id": "115310882", "timestamp": 1610144567661, "tick_direction": 3, "price": 0.669, "mark_price": 0.66928672, "iv": 137.91, "instrument_name": "BTC-26MAR21-14000-C", "index_price": 40069.55, "direction": "buy", "amount": 0.1}, {"trade_seq": 1557, "trade_id": "115310872", "timestamp": 1610144565053, "tick_direction": 3, "price": 0.669, "mark_price": 0.66922917, "iv": 138.14, "instrument_name": "BTC-26MAR21-14000-C", "index_price": 40055.99, "direction": "buy", "amount": 0.1}, {"trade_seq": 1556, "trade_id": "115310865", "timestamp": 1610144562544, "tick_direction": 3, "price": 0.669, "mark_price": 0.66905955, "iv": 138.79, "instrument_name": "BTC-26MAR21-14000-C", "index_price": 40036.47, "direction": "buy", "amount": 0.2}, {"trade_seq": 1555, "trade_id": "115310864", "timestamp": 1610144562486, "tick_direction": 3, "price": 0.669, "mark_price": 0.66905955, "iv": 138.79, "instrument_name": "BTC-26MAR21-14000-C", "index_price": 40036.47, "direction": "buy", "amount": 0.2}, {"trade_seq": 1554, "trade_id": "115310853", "timestamp": 1610144561789, "tick_direction": 3, "price": 0.669, "mark_price": 0.66894405, "iv": 138.89, "instrument_name": "BTC-26MAR21-14000-C", "index_price": 40033.71, "direction": "buy", "amount": 0.1}, {"trade_seq": 1553, "trade_id": "115310852", "timestamp": 1610144561652, "tick_direction": 3, "price": 0.669, "mark_price": 0.66894405, "iv": 138.89, "instrument_name": "BTC-26MAR21-14000-C", "index_price": 40033.71, "direction": "buy", "amount": 0.2}, {"trade_seq": 1552, "trade_id": "115310832", "timestamp": 1610144558544, "tick_direction": 2, "price": 0.669, "mark_price": 0.66882503, "iv": 139.55, "instrument_name": "BTC-26MAR21-14000-C", "index_price": 40013.91, "direction": "buy", "amount": 0.1}, {"trade_seq": 1551, "trade_id": "115307359", "timestamp": 1610143523940, "tick_direction": 1, "price": 0.67, "mark_price": 0.67019241, "iv": 138.27, "instrument_name": "BTC-26MAR21-14000-C", "index_price": 40105.32, "direction": "buy", "amount": 0.1}, {"trade_seq": 1550, "trade_id": "115307354", "timestamp": 1610143523499, "tick_direction": 0, "price": 0.67, "mark_price": 0.67019241, "iv": 138.27, "instrument_name": "BTC-26MAR21-14000-C", "index_price": 40105.32, "direction": "buy", "amount": 0.1}, {"trade_seq": 1549, "trade_id": "115305792", "timestamp": 1610143188822, "tick_direction": 1, "price": 0.669, "mark_price": 0.66910338, "iv": 138.29, "instrument_name": "BTC-26MAR21-14000-C", "index_price": 40019.23, "direction": "buy", "amount": 0.1}, {"trade_seq": 1548, "trade_id": "115305785", "timestamp": 1610143188588, "tick_direction": 1, "price": 0.669, "mark_price": 0.66910338, "iv": 138.33, "instrument_name": "BTC-26MAR21-14000-C", "index_price": 40008.14, "direction": "buy", "amount": 0.1}, {"trade_seq": 1547, "trade_id": "115305777", "timestamp": 1610143188361, "tick_direction": 1, "price": 0.669, "mark_price": 0.66910338, "iv": 138.33, "instrument_name": "BTC-26MAR21-14000-C", "index_price": 40008.14, "direction": "buy", "amount": 0.1}, {"trade_seq": 1546, "trade_id": "115305722", "timestamp": 1610143176826, "tick_direction": 0, "price": 0.669, "mark_price": 0.66902804, "iv": 138.54, "instrument_name": "BTC-26MAR21-14000-C", "index_price": 39998.11, "direction": "buy", "amount": 0.1}, {"trade_seq": 1545, "trade_id": "115294410", "timestamp": 1610141374765, "tick_direction": 3, "price": 0.666, "mark_price": 0.66633838, "iv": 137.94, "instrument_name": "BTC-26MAR21-14000-C", "index_price": 39664.31, "direction": "buy", "amount": 0.1}, {"trade_seq": 1544, "trade_id": "115294012", "timestamp": 1610141325644, "tick_direction": 3, "price": 0.666, "mark_price": 0.6662705, "iv": 138.19, "instrument_name": "BTC-26MAR21-14000-C", "index_price": 39663.33, "direction": "buy", "amount": 0.1}, {"trade_seq": 1543, "trade_id": "115294011", "timestamp": 1610141325603, "tick_direction": 3, "price": 0.666, "mark_price": 0.6662705, "iv": 138.19, "instrument_name": "BTC-26MAR21-14000-C", "index_price": 39663.33, "direction": "buy", "amount": 0.1}, {"trade_seq": 1542, "trade_id": "115294010", "timestamp": 1610141325186, "tick_direction": 2, "price": 0.666, "mark_price": 0.6662705, "iv": 138.25, "instrument_name": "BTC-26MAR21-14000-C", "index_price": 39657.04, "direction": "buy", "amount": 0.1}, {"trade_seq": 1541, "trade_id": "115290110", "timestamp": 1610140859399, "tick_direction": 0, "price": 0.667, "mark_price": 0.6672287, "iv": 138.21, "instrument_name": "BTC-26MAR21-14000-C", "index_price": 39788.32, "direction": "buy", "amount": 0.1}, {"trade_seq": 1540, "trade_id": "115259573", "timestamp": 1610138313243, "tick_direction": 0, "price": 0.666, "mark_price": 0.66618666, "iv": 137.98, "instrument_name": "BTC-26MAR21-14000-C", "index_price": 39684.91, "direction": "buy", "amount": 0.1}, {"trade_seq": 1539, "trade_id": "115252910", "timestamp": 1610137760478, "tick_direction": 2, "price": 0.665, "mark_price": 0.66476098, "iv": 139.4, "instrument_name": "BTC-26MAR21-14000-C", "index_price": 39557.22, "direction": "buy", "amount": 0.1}, {"trade_seq": 1538, "trade_id": "115246172", "timestamp": 1610137127795, "tick_direction": 3, "price": 0.671, "mark_price": 0.67089641, "iv": 138.43, "instrument_name": "BTC-26MAR21-14000-C", "index_price": 40298.94, "direction": "buy", "amount": 0.1}, {"trade_seq": 1537, "trade_id": "115246169", "timestamp": 1610137127453, "tick_direction": 2, "price": 0.671, "mark_price": 0.67089641, "iv": 138.43, "instrument_name": "BTC-26MAR21-14000-C", "index_price": 40298.94, "direction": "buy", "amount": 0.1}, {"trade_seq": 1536, "trade_id": "115218333", "timestamp": 1610133062357, "tick_direction": 1, "price": 0.6735, "mark_price": 0.67268811, "iv": 140.02, "instrument_name": "BTC-26MAR21-14000-C", "index_price": 40480.54, "direction": "buy", "amount": 5.0}, {"trade_seq": 1535, "trade_id": "115218252", "timestamp": 1610133051405, "tick_direction": 0, "price": 0.6735, "mark_price": 0.67264705, "iv": 140.1, "instrument_name": "BTC-26MAR21-14000-C", "index_price": 40474.53, "direction": "buy", "amount": 5.0}, {"trade_seq": 1534, "trade_id": "115217278", "timestamp": 1610132943332, "tick_direction": 3, "price": 0.673, "mark_price": 0.67255896, "iv": 137.83, "instrument_name": "BTC-26MAR21-14000-C", "index_price": 40463.23, "direction": "buy", "amount": 0.1}, {"trade_seq": 1533, "trade_id": "115217272", "timestamp": 1610132943072, "tick_direction": 2, "price": 0.673, "mark_price": 0.67255896, "iv": 137.83, "instrument_name": "BTC-26MAR21-14000-C", "index_price": 40463.23, "direction": "buy", "amount": 0.2}, {"trade_seq": 1532, "trade_id": "115073577", "timestamp": 1610118152516, "tick_direction": 1, "price": 0.684, "mark_price": 0.68445685, "iv": 128.22, "instrument_name": "BTC-26MAR21-14000-C", "index_price": 41750.53, "direction": "buy", "amount": 4.8}, {"trade_seq": 1531, "trade_id": "115073413", "timestamp": 1610118144599, "tick_direction": 1, "price": 0.684, "mark_price": 0.68425647, "iv": 129.52, "instrument_name": "BTC-26MAR21-14000-C", "index_price": 41733.69, "direction": "buy", "amount": 0.1}, {"trade_seq": 1530, "trade_id": "115073403", "timestamp": 1610118144103, "tick_direction": 0, "price": 0.684, "mark_price": 0.68410702, "iv": 129.52, "instrument_name": "BTC-26MAR21-14000-C", "index_price": 41733.69, "direction": "buy", "amount": 0.1}, {"trade_seq": 1529, "trade_id": "115049569", "timestamp": 1610114306958, "tick_direction": 3, "price": 0.681, "mark_price": 0.68175844, "iv": 129.14, "instrument_name": "BTC-26MAR21-14000-C", "index_price": 41426.15, "direction": "buy", "amount": 0.1}, {"trade_seq": 1528, "trade_id": "115049554", "timestamp": 1610114305240, "tick_direction": 3, "price": 0.681, "mark_price": 0.68166963, "iv": 129.7, "instrument_name": "BTC-26MAR21-14000-C", "index_price": 41413.96, "direction": "buy", "amount": 0.1}, {"trade_seq": 1527, "trade_id": "115049548", "timestamp": 1610114303646, "tick_direction": 3, "price": 0.681, "mark_price": 0.6816301, "iv": 129.94, "instrument_name": "BTC-26MAR21-14000-C", "index_price": 41404.8, "direction": "buy", "amount": 0.1}, {"trade_seq": 1526, "trade_id": "115042579", "timestamp": 1610113362797, "tick_direction": 3, "price": 0.681, "mark_price": 0.68187179, "iv": 128.1, "instrument_name": "BTC-26MAR21-14000-C", "index_price": 41437.0, "direction": "buy", "amount": 0.1}, {"trade_seq": 1525, "trade_id": "115042566", "timestamp": 1610113362245, "tick_direction": 3, "price": 0.681, "mark_price": 0.68186722, "iv": 128.1, "instrument_name": "BTC-26MAR21-14000-C", "index_price": 41437.0, "direction": "buy", "amount": 0.2}, {"trade_seq": 1524, "trade_id": "115042558", "timestamp": 1610113361235, "tick_direction": 3, "price": 0.681, "mark_price": 0.68182216, "iv": 128.13, "instrument_name": "BTC-26MAR21-14000-C", "index_price": 41433.84, "direction": "buy", "amount": 0.1}, {"trade_seq": 1523, "trade_id": "115042557", "timestamp": 1610113360842, "tick_direction": 3, "price": 0.681, "mark_price": 0.68182216, "iv": 128.13, "instrument_name": "BTC-26MAR21-14000-C", "index_price": 41433.84, "direction": "buy", "amount": 0.2}, {"trade_seq": 1522, "trade_id": "115042246", "timestamp": 1610113301454, "tick_direction": 2, "price": 0.681, "mark_price": 0.6817907, "iv": 128.58, "instrument_name": "BTC-26MAR21-14000-C", "index_price": 41410.69, "direction": "buy", "amount": 0.1}, {"trade_seq": 1521, "trade_id": "115002974", "timestamp": 1610107825389, "tick_direction": 1, "price": 0.6825, "mark_price": 0.68324203, "iv": 128.58, "instrument_name": "BTC-26MAR21-14000-C", "index_price": 41620.86, "direction": "buy", "amount": 0.1}, {"trade_seq": 1520, "trade_id": "115002872", "timestamp": 1610107819838, "tick_direction": 1, "price": 0.6825, "mark_price": 0.68300929, "iv": 129.79, "instrument_name": "BTC-26MAR21-14000-C", "index_price": 41593.21, "direction": "buy", "amount": 0.3}, {"trade_seq": 1519, "trade_id": "115002851", "timestamp": 1610107819302, "tick_direction": 1, "price": 0.6825, "mark_price": 0.68287591, "iv": 130.15, "instrument_name": "BTC-26MAR21-14000-C", "index_price": 41593.21, "direction": "buy", "amount": 0.3}, {"trade_seq": 1518, "trade_id": "115002789", "timestamp": 1610107817577, "tick_direction": 1, "price": 0.6825, "mark_price": 0.68277724, "iv": 131.55, "instrument_name": "BTC-26MAR21-14000-C", "index_price": 41566.79, "direction": "buy", "amount": 0.1}, {"trade_seq": 1517, "trade_id": "115002732", "timestamp": 1610107816299, "tick_direction": 1, "price": 0.6825, "mark_price": 0.68266356, "iv": 131.82, "instrument_name": "BTC-26MAR21-14000-C", "index_price": 41554.52, "direction": "buy", "amount": 0.2}, {"trade_seq": 1516, "trade_id": "115002731", "timestamp": 1610107816299, "tick_direction": 1, "price": 0.6825, "mark_price": 0.68266356, "iv": 131.82, "instrument_name": "BTC-26MAR21-14000-C", "index_price": 41554.52, "direction": "buy", "amount": 0.1}, {"trade_seq": 1515, "trade_id": "115002721", "timestamp": 1610107815938, "tick_direction": 1, "price": 0.6825, "mark_price": 0.68266356, "iv": 132.21, "instrument_name": "BTC-26MAR21-14000-C", "index_price": 41550.19, "direction": "buy", "amount": 0.1}, {"trade_seq": 1514, "trade_id": "115002716", "timestamp": 1610107815626, "tick_direction": 1, "price": 0.6825, "mark_price": 0.68266356, "iv": 132.21, "instrument_name": "BTC-26MAR21-14000-C", "index_price": 41550.19, "direction": "buy", "amount": 0.2}, {"trade_seq": 1513, "trade_id": "115002680", "timestamp": 1610107813361, "tick_direction": 1, "price": 0.6825, "mark_price": 0.6826098, "iv": 132.4, "instrument_name": "BTC-26MAR21-14000-C", "index_price": 41536.45, "direction": "buy", "amount": 0.1}, {"trade_seq": 1512, "trade_id": "115002553", "timestamp": 1610107808826, "tick_direction": 1, "price": 0.6825, "mark_price": 0.68258696, "iv": 132.65, "instrument_name": "BTC-26MAR21-14000-C", "index_price": 41523.53, "direction": "buy", "amount": 0.1}, {"trade_seq": 1511, "trade_id": "114972226", "timestamp": 1610104526061, "tick_direction": 1, "price": 0.6825, "mark_price": 0.68244121, "iv": 134.16, "instrument_name": "BTC-26MAR21-14000-C", "index_price": 41500.74, "direction": "buy", "amount": 0.1}, {"trade_seq": 1510, "trade_id": "114972224", "timestamp": 1610104525725, "tick_direction": 1, "price": 0.6825, "mark_price": 0.68244121, "iv": 134.16, "instrument_name": "BTC-26MAR21-14000-C", "index_price": 41500.74, "direction": "buy", "amount": 0.1}, {"trade_seq": 1509, "trade_id": "114972222", "timestamp": 1610104525624, "tick_direction": 0, "price": 0.6825, "mark_price": 0.68244121, "iv": 134.16, "instrument_name": "BTC-26MAR21-14000-C", "index_price": 41500.74, "direction": "buy", "amount": 0.2}, {"trade_seq": 1508, "trade_id": "114537131", "timestamp": 1610043833845, "tick_direction": 2, "price": 0.657, "mark_price": 0.65946919, "iv": 120.43, "instrument_name": "BTC-26MAR21-14000-C", "index_price": 38746.39, "direction": "buy", "amount": 0.1}, {"trade_seq": 1507, "trade_id": "114465981", "timestamp": 1610035521598, "tick_direction": 0, "price": 0.6625, "mark_price": 0.66111535, "iv": 134.33, "instrument_name": "BTC-26MAR21-14000-C", "index_price": 39085.72, "direction": "buy", "amount": 49.3}, {"trade_seq": 1506, "trade_id": "114462324", "timestamp": 1610035213995, "tick_direction": 1, "price": 0.661, "mark_price": 0.66096277, "iv": 127.55, "instrument_name": "BTC-26MAR21-14000-C", "index_price": 39030.62, "direction": "buy", "amount": 0.2}, {"trade_seq": 1505, "trade_id": "114462222", "timestamp": 1610035209678, "tick_direction": 1, "price": 0.661, "mark_price": 0.66093853, "iv": 127.95, "instrument_name": "BTC-26MAR21-14000-C", "index_price": 39026.38, "direction": "buy", "amount": 0.2}, {"trade_seq": 1504, "trade_id": "114462221", "timestamp": 1610035209634, "tick_direction": 1, "price": 0.661, "mark_price": 0.66093853, "iv": 127.95, "instrument_name": "BTC-26MAR21-14000-C", "index_price": 39026.38, "direction": "buy", "amount": 0.1}, {"trade_seq": 1503, "trade_id": "114462211", "timestamp": 1610035205055, "tick_direction": 1, "price": 0.661, "mark_price": 0.66088987, "iv": 128.26, "instrument_name": "BTC-26MAR21-14000-C", "index_price": 39024.19, "direction": "buy", "amount": 0.1}, {"trade_seq": 1502, "trade_id": "114462192", "timestamp": 1610035204159, "tick_direction": 0, "price": 0.661, "mark_price": 0.66086663, "iv": 128.39, "instrument_name": "BTC-26MAR21-14000-C", "index_price": 39025.44, "direction": "buy", "amount": 0.1}, {"trade_seq": 1501, "trade_id": "114442334", "timestamp": 1610031010965, "tick_direction": 2, "price": 0.651, "mark_price": 0.65527047, "iv": 92.03, "instrument_name": "BTC-26MAR21-14000-C", "index_price": 38443.11, "direction": "buy", "amount": 0.1}, {"trade_seq": 1500, "trade_id": "114416597", "timestamp": 1610025599084, "tick_direction": 0, "price": 0.6555, "mark_price": 0.65531848, "iv": 126.18, "instrument_name": "BTC-26MAR21-14000-C", "index_price": 38411.27, "direction": "buy", "amount": 25.9}, {"trade_seq": 1499, "trade_id": "114416149", "timestamp": 1610025517675, "tick_direction": 0, "price": 0.655, "mark_price": 0.65517585, "iv": 124.48, "instrument_name": "BTC-26MAR21-14000-C", "index_price": 38406.25, "direction": "buy", "amount": 10.0}, {"trade_seq": 1498, "trade_id": "114410538", "timestamp": 1610024556736, "tick_direction": 1, "price": 0.653, "mark_price": 0.65353335, "iv": 122.51, "instrument_name": "BTC-26MAR21-14000-C", "index_price": 38225.0, "direction": "buy", "amount": 6.1}, {"trade_seq": 1497, "trade_id": "114410520", "timestamp": 1610024556431, "tick_direction": 1, "price": 0.653, "mark_price": 0.65351097, "iv": 122.51, "instrument_name": "BTC-26MAR21-14000-C", "index_price": 38225.0, "direction": "buy", "amount": 0.6}, {"trade_seq": 1496, "trade_id": "114410479", "timestamp": 1610024555638, "tick_direction": 0, "price": 0.653, "mark_price": 0.65327947, "iv": 122.63, "instrument_name": "BTC-26MAR21-14000-C", "index_price": 38214.51, "direction": "buy", "amount": 6.1}, {"trade_seq": 1495, "trade_id": "114392507", "timestamp": 1610020927858, "tick_direction": 1, "price": 0.652, "mark_price": 0.65243335, "iv": 121.96, "instrument_name": "BTC-26MAR21-14000-C", "index_price": 37996.67, "direction": "buy", "amount": 0.1}, {"trade_seq": 1494, "trade_id": "114392505", "timestamp": 1610020927598, "tick_direction": 1, "price": 0.652, "mark_price": 0.65238646, "iv": 122.68, "instrument_name": "BTC-26MAR21-14000-C", "index_price": 37996.67, "direction": "buy", "amount": 0.3}, {"trade_seq": 1493, "trade_id": "114392496", "timestamp": 1610020927373, "tick_direction": 1, "price": 0.652, "mark_price": 0.65238646, "iv": 122.68, "instrument_name": "BTC-26MAR21-14000-C", "index_price": 37996.67, "direction": "buy", "amount": 0.3}, {"trade_seq": 1492, "trade_id": "114392494", "timestamp": 1610020927270, "tick_direction": 1, "price": 0.652, "mark_price": 0.65238646, "iv": 122.68, "instrument_name": "BTC-26MAR21-14000-C", "index_price": 37996.67, "direction": "buy", "amount": 0.2}, {"trade_seq": 1491, "trade_id": "114392464", "timestamp": 1610020925996, "tick_direction": 1, "price": 0.652, "mark_price": 0.65231907, "iv": 123.27, "instrument_name": "BTC-26MAR21-14000-C", "index_price": 37976.1, "direction": "buy", "amount": 0.1}, {"trade_seq": 1490, "trade_id": "114392452", "timestamp": 1610020925733, "tick_direction": 1, "price": 0.652, "mark_price": 0.65231889, "iv": 123.27, "instrument_name": "BTC-26MAR21-14000-C", "index_price": 37976.1, "direction": "buy", "amount": 0.2}, {"trade_seq": 1489, "trade_id": "114392432", "timestamp": 1610020924710, "tick_direction": 0, "price": 0.652, "mark_price": 0.65225762, "iv": 123.27, "instrument_name": "BTC-26MAR21-14000-C", "index_price": 37969.72, "direction": "buy", "amount": 0.1}, {"trade_seq": 1488, "trade_id": "114327500", "timestamp": 1610002577796, "tick_direction": 0, "price": 0.6445, "mark_price": 0.64534594, "iv": 118.35, "instrument_name": "BTC-26MAR21-14000-C", "index_price": 37328.08, "direction": "buy", "amount": 1.0}, {"trade_seq": 1487, "trade_id": "113944233", "timestamp": 1609918033242, "tick_direction": 2, "price": 0.6235, "mark_price": 0.62408534, "iv": 114.09, "instrument_name": "BTC-26MAR21-14000-C", "index_price": 35110.91, "direction": "buy", "amount": 2.5}, {"trade_seq": 1486, "trade_id": "113939943", "timestamp": 1609916559080, "tick_direction": 1, "price": 0.626, "mark_price": 0.62693785, "iv": 112.73, "instrument_name": "BTC-26MAR21-14000-C", "index_price": 35385.77, "direction": "buy", "amount": 0.2}, {"trade_seq": 1485, "trade_id": "113939927", "timestamp": 1609916557432, "tick_direction": 1, "price": 0.626, "mark_price": 0.62682147, "iv": 113.32, "instrument_name": "BTC-26MAR21-14000-C", "index_price": 35374.44, "direction": "buy", "amount": 0.3}, {"trade_seq": 1484, "trade_id": "113939925", "timestamp": 1609916557276, "tick_direction": 0, "price": 0.626, "mark_price": 0.62682147, "iv": 113.32, "instrument_name": "BTC-26MAR21-14000-C", "index_price": 35374.44, "direction": "buy", "amount": 0.3}, {"trade_seq": 1483, "trade_id": "113929614", "timestamp": 1609912793907, "tick_direction": 3, "price": 0.6225, "mark_price": 0.62340626, "iv": 111.68, "instrument_name": "BTC-26MAR21-14000-C", "index_price": 35093.87, "direction": "buy", "amount": 0.1}, {"trade_seq": 1482, "trade_id": "113929610", "timestamp": 1609912793690, "tick_direction": 3, "price": 0.6225, "mark_price": 0.62338502, "iv": 112.88, "instrument_name": "BTC-26MAR21-14000-C", "index_price": 35087.61, "direction": "buy", "amount": 0.2}