{"trades": [{"trade_seq": 2109, "trade_id": "237818292", "timestamp": 1671122084789, "tick_direction": 2, "price": 0.0001, "mark_price": 0.00016191, "iv": 101.13, "instrument_name": "BTC-30DEC22-32000-C", "index_price": 17399.97, "direction": "buy", "combo_id": "BTC-CS-30DEC22-30000_32000", "block_trade_id": "59021", "amount": 30.0}, {"trade_seq": 2108, "trade_id": "237665626", "timestamp": 1670949832284, "tick_direction": 1, "price": 0.0005, "mark_price": 0.00043457, "iv": 107.17, "instrument_name": "BTC-30DEC22-32000-C", "index_price": 17811.1, "direction": "buy", "amount": 1.1}, {"trade_seq": 2107, "trade_id": "237665625", "timestamp": 1670949832284, "tick_direction": 1, "price": 0.0005, "mark_price": 0.00043457, "iv": 107.17, "instrument_name": "BTC-30DEC22-32000-C", "index_price": 17811.1, "direction": "buy", "amount": 3.4}, {"trade_seq": 2106, "trade_id": "237595050", "timestamp": 1670883767644, "tick_direction": 1, "price": 0.0005, "mark_price": 0.0003238, "iv": 110.47, "instrument_name": "BTC-30DEC22-32000-C", "index_price": 17167.73, "direction": "buy", "amount": 0.2}, {"trade_seq": 2105, "trade_id": "237549419", "timestamp": 1670770367368, "tick_direction": 1, "price": 0.0005, "mark_price": 0.00044935, "iv": 106.73, "instrument_name": "BTC-30DEC22-32000-C", "index_price": 17157.48, "direction": "sell", "amount": 0.6}, {"trade_seq": 2104, "trade_id": "237514741", "timestamp": 1670598611468, "tick_direction": 1, "price": 0.0005, "mark_price": 0.00071763, "iv": 101.31, "instrument_name": "BTC-30DEC22-32000-C", "index_price": 17169.57, "direction": "sell", "amount": 20.0}, {"trade_seq": 2103, "trade_id": "237506907", "timestamp": 1670590437296, "tick_direction": 1, "price": 0.0005, "mark_price": 0.00030923, "iv": 100.4, "instrument_name": "BTC-30DEC22-32000-C", "index_price": 17240.09, "direction": "buy", "amount": 1.0}, {"trade_seq": 2102, "trade_id": "237506906", "timestamp": 1670590437296, "tick_direction": 1, "price": 0.0005, "mark_price": 0.00030923, "iv": 100.4, "instrument_name": "BTC-30DEC22-32000-C", "index_price": 17240.09, "direction": "buy", "amount": 1.0}, {"trade_seq": 2101, "trade_id": "237506905", "timestamp": 1670590437296, "tick_direction": 1, "price": 0.0005, "mark_price": 0.00030923, "iv": 100.4, "instrument_name": "BTC-30DEC22-32000-C", "index_price": 17240.09, "direction": "buy", "amount": 4.2}, {"trade_seq": 2100, "trade_id": "237493196", "timestamp": 1670565008772, "tick_direction": 0, "price": 0.0005, "mark_price": 0.00029957, "iv": 99.98, "instrument_name": "BTC-30DEC22-32000-C", "index_price": 17216.7, "direction": "buy", "amount": 0.8}, {"trade_seq": 2099, "trade_id": "237372897", "timestamp": 1670344333915, "tick_direction": 2, "price": 0.0003, "mark_price": 0.00028804, "iv": 90.89, "instrument_name": "BTC-30DEC22-32000-C", "index_price": 17013.57, "direction": "sell", "combo_id": "BTC-CS-30DEC22-32000_34000", "block_trade_id": "58216", "amount": 27.5}, {"trade_seq": 2098, "trade_id": "237089757", "timestamp": 1669905122404, "tick_direction": 3, "price": 0.0005, "mark_price": 0.00070051, "iv": 86.85, "instrument_name": "BTC-30DEC22-32000-C", "index_price": 17046.94, "direction": "sell", "amount": 1.0}, {"trade_seq": 2097, "trade_id": "237089756", "timestamp": 1669905122404, "tick_direction": 3, "price": 0.0005, "mark_price": 0.00070051, "iv": 86.85, "instrument_name": "BTC-30DEC22-32000-C", "index_price": 17046.94, "direction": "sell", "amount": 0.9}, {"trade_seq": 2096, "trade_id": "236982962", "timestamp": 1669819178288, "tick_direction": 3, "price": 0.0005, "mark_price": 0.00056379, "iv": 86.92, "instrument_name": "BTC-30DEC22-32000-C", "index_price": 16824.39, "direction": "sell", "amount": 0.1}, {"trade_seq": 2095, "trade_id": "236968609", "timestamp": 1669794326409, "tick_direction": 3, "price": 0.0005, "mark_price": 0.00068019, "iv": 85.95, "instrument_name": "BTC-30DEC22-32000-C", "index_price": 16886.94, "direction": "buy", "amount": 0.9}, {"trade_seq": 2094, "trade_id": "236928472", "timestamp": 1669742728036, "tick_direction": 3, "price": 0.0005, "mark_price": 0.0005445, "iv": 88.8, "instrument_name": "BTC-30DEC22-32000-C", "index_price": 16371.91, "direction": "buy", "amount": 0.1}, {"trade_seq": 2093, "trade_id": "236796083", "timestamp": 1669554634726, "tick_direction": 3, "price": 0.0005, "mark_price": 0.00073402, "iv": 84.72, "instrument_name": "BTC-30DEC22-32000-C", "index_price": 16551.5, "direction": "sell", "amount": 5.0}, {"trade_seq": 2092, "trade_id": "236796082", "timestamp": 1669554634726, "tick_direction": 3, "price": 0.0005, "mark_price": 0.00073402, "iv": 84.72, "instrument_name": "BTC-30DEC22-32000-C", "index_price": 16551.5, "direction": "sell", "amount": 1.0}, {"trade_seq": 2091, "trade_id": "236796081", "timestamp": 1669554634726, "tick_direction": 3, "price": 0.0005, "mark_price": 0.00073402, "iv": 84.72, "instrument_name": "BTC-30DEC22-32000-C", "index_price": 16551.5, "direction": "sell", "amount": 4.9}, {"trade_seq": 2090, "trade_id": "236750831", "timestamp": 1669421058815, "tick_direction": 3, "price": 0.0005, "mark_price": 0.00075922, "iv": 83.15, "instrument_name": "BTC-30DEC22-32000-C", "index_price": 16505.42, "direction": "sell", "amount": 0.1}, {"trade_seq": 2089, "trade_id": "236750830", "timestamp": 1669421058815, "tick_direction": 3, "price": 0.0005, "mark_price": 0.00075922, "iv": 83.15, "instrument_name": "BTC-30DEC22-32000-C", "index_price": 16505.42, "direction": "sell", "amount": 0.9}, {"trade_seq": 2088, "trade_id": "236675185", "timestamp": 1669284718606, "tick_direction": 2, "price": 0.0005, "mark_price": 0.00089156, "iv": 81.14, "instrument_name": "BTC-30DEC22-32000-C", "index_price": 16590.51, "direction": "sell", "amount": 0.4}, {"trade_seq": 2087, "trade_id": "236646992", "timestamp": 1669235355026, "tick_direction": 3, "price": 0.001, "mark_price": 0.00125064, "iv": 87.79, "instrument_name": "BTC-30DEC22-32000-C", "index_price": 16483.71, "direction": "sell", "amount": 8.7}, {"trade_seq": 2086, "trade_id": "236348850", "timestamp": 1668846457714, "tick_direction": 3, "price": 0.001, "mark_price": 0.00127223, "iv": 82.61, "instrument_name": "BTC-30DEC22-32000-C", "index_price": 16571.07, "direction": "sell", "amount": 0.1}, {"trade_seq": 2085, "trade_id": "236311092", "timestamp": 1668772291749, "tick_direction": 2, "price": 0.001, "mark_price": 0.00143999, "iv": 80.68, "instrument_name": "BTC-30DEC22-32000-C", "index_price": 16721.39, "direction": "sell", "amount": 1.0}, {"trade_seq": 2084, "trade_id": "236300906", "timestamp": 1668759658676, "tick_direction": 2, "price": 0.0015, "mark_price": 0.00144743, "iv": 84.98, "instrument_name": "BTC-30DEC22-32000-C", "index_price": 16699.01, "direction": "sell", "amount": 2.0}, {"trade_seq": 2083, "trade_id": "236291559", "timestamp": 1668755324438, "tick_direction": 1, "price": 0.002, "mark_price": 0.00172885, "iv": 87.75, "instrument_name": "BTC-30DEC22-32000-C", "index_price": 16783.24, "direction": "buy", "amount": 4.4}, {"trade_seq": 2082, "trade_id": "236291558", "timestamp": 1668755324438, "tick_direction": 1, "price": 0.002, "mark_price": 0.00172885, "iv": 87.75, "instrument_name": "BTC-30DEC22-32000-C", "index_price": 16783.24, "direction": "buy", "amount": 1.8}, {"trade_seq": 2081, "trade_id": "236291557", "timestamp": 1668755324438, "tick_direction": 0, "price": 0.002, "mark_price": 0.00172885, "iv": 87.75, "instrument_name": "BTC-30DEC22-32000-C", "index_price": 16783.24, "direction": "buy", "amount": 8.1}, {"trade_seq": 2080, "trade_id": "236266592", "timestamp": 1668725893076, "tick_direction": 3, "price": 0.0015, "mark_price": 0.00171355, "iv": 84.64, "instrument_name": "BTC-30DEC22-32000-C", "index_price": 16704.99, "direction": "buy", "amount": 8.6}, {"trade_seq": 2079, "trade_id": "236266590", "timestamp": 1668725891712, "tick_direction": 3, "price": 0.0015, "mark_price": 0.0017145, "iv": 84.64, "instrument_name": "BTC-30DEC22-32000-C", "index_price": 16704.48, "direction": "buy", "amount": 8.5}, {"trade_seq": 2078, "trade_id": "236266589", "timestamp": 1668725891197, "tick_direction": 3, "price": 0.0015, "mark_price": 0.0017145, "iv": 84.64, "instrument_name": "BTC-30DEC22-32000-C", "index_price": 16704.6, "direction": "sell", "amount": 8.3}, {"trade_seq": 2077, "trade_id": "236137463", "timestamp": 1668604191215, "tick_direction": 1, "price": 0.0025, "mark_price": 0.00177018, "iv": 90.2, "instrument_name": "BTC-30DEC22-32000-C", "index_price": 16561.86, "direction": "sell", "amount": 7.0}, {"trade_seq": 2076, "trade_id": "236137411", "timestamp": 1668604186512, "tick_direction": 1, "price": 0.0025, "mark_price": 0.00169892, "iv": 90.25, "instrument_name": "BTC-30DEC22-32000-C", "index_price": 16548.19, "direction": "sell", "amount": 10.0}, {"trade_seq": 2075, "trade_id": "236137406", "timestamp": 1668604183572, "tick_direction": 1, "price": 0.0025, "mark_price": 0.00169415, "iv": 90.26, "instrument_name": "BTC-30DEC22-32000-C", "index_price": 16554.18, "direction": "sell", "amount": 8.2}, {"trade_seq": 2074, "trade_id": "236137405", "timestamp": 1668604183569, "tick_direction": 0, "price": 0.0025, "mark_price": 0.00169415, "iv": 90.26, "instrument_name": "BTC-30DEC22-32000-C", "index_price": 16554.18, "direction": "buy", "amount": 1.8}, {"trade_seq": 2073, "trade_id": "236103251", "timestamp": 1668581627900, "tick_direction": 3, "price": 0.002, "mark_price": 0.00196693, "iv": 85.39, "instrument_name": "BTC-30DEC22-32000-C", "index_price": 16853.35, "direction": "buy", "amount": 3.0}, {"trade_seq": 2072, "trade_id": "236044400", "timestamp": 1668524061792, "tick_direction": 3, "price": 0.002, "mark_price": 0.00245873, "iv": 84.73, "instrument_name": "BTC-30DEC22-32000-C", "index_price": 16862.0, "direction": "sell", "amount": 2.7}, {"trade_seq": 2071, "trade_id": "236044399", "timestamp": 1668524061792, "tick_direction": 2, "price": 0.002, "mark_price": 0.00245873, "iv": 84.73, "instrument_name": "BTC-30DEC22-32000-C", "index_price": 16862.0, "direction": "sell", "amount": 1.0}, {"trade_seq": 2070, "trade_id": "236029769", "timestamp": 1668516288491, "tick_direction": 3, "price": 0.0025, "mark_price": 0.00245714, "iv": 87.57, "instrument_name": "BTC-30DEC22-32000-C", "index_price": 16833.53, "direction": "sell", "amount": 0.9}, {"trade_seq": 2069, "trade_id": "236029768", "timestamp": 1668516288489, "tick_direction": 2, "price": 0.0025, "mark_price": 0.00245714, "iv": 87.57, "instrument_name": "BTC-30DEC22-32000-C", "index_price": 16833.53, "direction": "buy", "amount": 0.1}, {"trade_seq": 2068, "trade_id": "235909219", "timestamp": 1668443210373, "tick_direction": 3, "price": 0.003, "mark_price": 0.00274405, "iv": 91.9, "instrument_name": "BTC-30DEC22-32000-C", "index_price": 16419.92, "direction": "sell", "amount": 9.1}, {"trade_seq": 2067, "trade_id": "235909218", "timestamp": 1668443210371, "tick_direction": 2, "price": 0.003, "mark_price": 0.00274405, "iv": 91.9, "instrument_name": "BTC-30DEC22-32000-C", "index_price": 16419.92, "direction": "buy", "amount": 2.0}, {"trade_seq": 2066, "trade_id": "235909198", "timestamp": 1668443193682, "tick_direction": 0, "price": 0.0031, "mark_price": 0.00275673, "iv": 92.32, "instrument_name": "BTC-30DEC22-32000-C", "index_price": 16423.63, "direction": "buy", "block_trade_id": "56134", "amount": 50.0}, {"trade_seq": 2065, "trade_id": "235906703", "timestamp": 1668442427660, "tick_direction": 1, "price": 0.0025, "mark_price": 0.00256814, "iv": 89.11, "instrument_name": "BTC-30DEC22-32000-C", "index_price": 16473.71, "direction": "sell", "amount": 7.5}, {"trade_seq": 2064, "trade_id": "235904240", "timestamp": 1668441549499, "tick_direction": 1, "price": 0.0025, "mark_price": 0.00221195, "iv": 88.42, "instrument_name": "BTC-30DEC22-32000-C", "index_price": 16572.56, "direction": "sell", "amount": 8.1}, {"trade_seq": 2063, "trade_id": "235904239", "timestamp": 1668441549406, "tick_direction": 1, "price": 0.0025, "mark_price": 0.00221054, "iv": 88.42, "instrument_name": "BTC-30DEC22-32000-C", "index_price": 16572.56, "direction": "sell", "amount": 8.4}, {"trade_seq": 2062, "trade_id": "235904237", "timestamp": 1668441549158, "tick_direction": 0, "price": 0.0025, "mark_price": 0.00221054, "iv": 88.42, "instrument_name": "BTC-30DEC22-32000-C", "index_price": 16572.56, "direction": "buy", "amount": 7.9}, {"trade_seq": 2061, "trade_id": "235882928", "timestamp": 1668434786417, "tick_direction": 3, "price": 0.002, "mark_price": 0.00202249, "iv": 84.44, "instrument_name": "BTC-30DEC22-32000-C", "index_price": 16721.93, "direction": "buy", "amount": 1.0}, {"trade_seq": 2060, "trade_id": "235738399", "timestamp": 1668384585104, "tick_direction": 3, "price": 0.002, "mark_price": 0.00222755, "iv": 86.66, "instrument_name": "BTC-30DEC22-32000-C", "index_price": 16328.02, "direction": "sell", "amount": 5.0}, {"trade_seq": 2059, "trade_id": "235707519", "timestamp": 1668352083827, "tick_direction": 3, "price": 0.002, "mark_price": 0.00245507, "iv": 84.42, "instrument_name": "BTC-30DEC22-32000-C", "index_price": 16607.08, "direction": "sell", "amount": 0.1}, {"trade_seq": 2058, "trade_id": "235707518", "timestamp": 1668352083827, "tick_direction": 3, "price": 0.002, "mark_price": 0.00245507, "iv": 84.42, "instrument_name": "BTC-30DEC22-32000-C", "index_price": 16607.08, "direction": "sell", "amount": 0.9}, {"trade_seq": 2057, "trade_id": "235707157", "timestamp": 1668351755656, "tick_direction": 3, "price": 0.002, "mark_price": 0.0024673, "iv": 84.36, "instrument_name": "BTC-30DEC22-32000-C", "index_price": 16620.45, "direction": "sell", "amount": 2.0}, {"trade_seq": 2056, "trade_id": "235703256", "timestamp": 1668347162740, "tick_direction": 2, "price": 0.002, "mark_price": 0.00247175, "iv": 84.16, "instrument_name": "BTC-30DEC22-32000-C", "index_price": 16628.51, "direction": "sell", "amount": 0.1}, {"trade_seq": 2055, "trade_id": "235700984", "timestamp": 1668345631242, "tick_direction": 2, "price": 0.0025, "mark_price": 0.00249332, "iv": 87.0, "instrument_name": "BTC-30DEC22-32000-C", "index_price": 16602.35, "direction": "sell", "amount": 0.1}, {"trade_seq": 2054, "trade_id": "235555306", "timestamp": 1668199016144, "tick_direction": 1, "price": 0.004, "mark_price": 0.00373094, "iv": 91.76, "instrument_name": "BTC-30DEC22-32000-C", "index_price": 16670.26, "direction": "buy", "amount": 21.0}, {"trade_seq": 2053, "trade_id": "235555305", "timestamp": 1668199016144, "tick_direction": 0, "price": 0.004, "mark_price": 0.00373094, "iv": 91.76, "instrument_name": "BTC-30DEC22-32000-C", "index_price": 16670.26, "direction": "buy", "amount": 10.0}, {"trade_seq": 2052, "trade_id": "235552933", "timestamp": 1668197993579, "tick_direction": 0, "price": 0.0035, "mark_price": 0.00317814, "iv": 89.74, "instrument_name": "BTC-30DEC22-32000-C", "index_price": 16674.86, "direction": "buy", "amount": 1.0}, {"trade_seq": 2051, "trade_id": "235552640", "timestamp": 1668197858710, "tick_direction": 0, "price": 0.0034, "mark_price": 0.00291454, "iv": 89.5, "instrument_name": "BTC-30DEC22-32000-C", "index_price": 16643.06, "direction": "buy", "block_trade_id": "55931", "amount": 25.0}, {"trade_seq": 2050, "trade_id": "235522919", "timestamp": 1668187261550, "tick_direction": 0, "price": 0.0025, "mark_price": 0.00194445, "iv": 84.25, "instrument_name": "BTC-30DEC22-32000-C", "index_price": 16803.29, "direction": "buy", "amount": 0.1}, {"trade_seq": 2049, "trade_id": "235515706", "timestamp": 1668184422972, "tick_direction": 3, "price": 0.002, "mark_price": 0.0021539, "iv": 82.47, "instrument_name": "BTC-30DEC22-32000-C", "index_price": 16663.89, "direction": "buy", "amount": 1.0}, {"trade_seq": 2048, "trade_id": "235470385", "timestamp": 1668176980945, "tick_direction": 3, "price": 0.002, "mark_price": 0.00202252, "iv": 83.14, "instrument_name": "BTC-30DEC22-32000-C", "index_price": 16544.67, "direction": "buy", "amount": 0.1}, {"trade_seq": 2047, "trade_id": "235467020", "timestamp": 1668176698886, "tick_direction": 3, "price": 0.002, "mark_price": 0.00193126, "iv": 83.19, "instrument_name": "BTC-30DEC22-32000-C", "index_price": 16551.4, "direction": "buy", "amount": 0.1}, {"trade_seq": 2046, "trade_id": "235314483", "timestamp": 1668136786947, "tick_direction": 2, "price": 0.002, "mark_price": 0.00207582, "iv": 79.55, "instrument_name": "BTC-30DEC22-32000-C", "index_price": 17037.57, "direction": "sell", "amount": 1.0}, {"trade_seq": 2045, "trade_id": "235214288", "timestamp": 1668104100176, "tick_direction": 3, "price": 0.0025, "mark_price": 0.0021199, "iv": 79.53, "instrument_name": "BTC-30DEC22-32000-C", "index_price": 17371.59, "direction": "sell", "amount": 26.0}, {"trade_seq": 2044, "trade_id": "235214287", "timestamp": 1668104100166, "tick_direction": 2, "price": 0.0025, "mark_price": 0.0021199, "iv": 79.53, "instrument_name": "BTC-30DEC22-32000-C", "index_price": 17371.59, "direction": "buy", "amount": 7.8}, {"trade_seq": 2043, "trade_id": "235111997", "timestamp": 1668088701313, "tick_direction": 0, "price": 0.003, "mark_price": 0.00257088, "iv": 79.84, "instrument_name": "BTC-30DEC22-32000-C", "index_price": 17645.72, "direction": "sell", "amount": 7.1}, {"trade_seq": 2042, "trade_id": "234773469", "timestamp": 1668034344881, "tick_direction": 2, "price": 0.0025, "mark_price": 0.00219872, "iv": 88.24, "instrument_name": "BTC-30DEC22-32000-C", "index_price": 15918.03, "direction": "buy", "amount": 1.0}, {"trade_seq": 2041, "trade_id": "234737477", "timestamp": 1668030320751, "tick_direction": 0, "price": 0.003, "mark_price": 0.00232636, "iv": 90.63, "instrument_name": "BTC-30DEC22-32000-C", "index_price": 15857.16, "direction": "buy", "amount": 0.2}, {"trade_seq": 2040, "trade_id": "234556615", "timestamp": 1668011163039, "tick_direction": 2, "price": 0.0025, "mark_price": 0.00269431, "iv": 79.75, "instrument_name": "BTC-30DEC22-32000-C", "index_price": 17087.51, "direction": "sell", "amount": 6.0}, {"trade_seq": 2039, "trade_id": "234474758", "timestamp": 1667999655210, "tick_direction": 0, "price": 0.003, "mark_price": 0.00283135, "iv": 79.51, "instrument_name": "BTC-30DEC22-32000-C", "index_price": 17460.14, "direction": "buy", "amount": 6.0}, {"trade_seq": 2038, "trade_id": "234409624", "timestamp": 1667989484452, "tick_direction": 0, "price": 0.0025, "mark_price": 0.00240062, "iv": 77.15, "instrument_name": "BTC-30DEC22-32000-C", "index_price": 17489.11, "direction": "buy", "amount": 0.3}, {"trade_seq": 2037, "trade_id": "234315914", "timestamp": 1667961772440, "tick_direction": 2, "price": 0.002, "mark_price": 0.0021505, "iv": 70.44, "instrument_name": "BTC-30DEC22-32000-C", "index_price": 18181.24, "direction": "sell", "amount": 2.0}, {"trade_seq": 2036, "trade_id": "234259247", "timestamp": 1667940724912, "tick_direction": 2, "price": 0.0025, "mark_price": 0.00261622, "iv": 72.17, "instrument_name": "BTC-30DEC22-32000-C", "index_price": 18239.58, "direction": "sell", "amount": 0.1}, {"trade_seq": 2035, "trade_id": "234201623", "timestamp": 1667936082534, "tick_direction": 1, "price": 0.0035, "mark_price": 0.00377316, "iv": 78.86, "instrument_name": "BTC-30DEC22-32000-C", "index_price": 17860.51, "direction": "buy", "amount": 0.5}, {"trade_seq": 2034, "trade_id": "234201538", "timestamp": 1667936081590, "tick_direction": 1, "price": 0.0035, "mark_price": 0.00373506, "iv": 78.98, "instrument_name": "BTC-30DEC22-32000-C", "index_price": 17837.09, "direction": "buy", "amount": 5.0}, {"trade_seq": 2033, "trade_id": "234201412", "timestamp": 1667936079284, "tick_direction": 1, "price": 0.0035, "mark_price": 0.00372076, "iv": 79.11, "instrument_name": "BTC-30DEC22-32000-C", "index_price": 17793.29, "direction": "buy", "amount": 5.0}, {"trade_seq": 2032, "trade_id": "234165254", "timestamp": 1667935120855, "tick_direction": 1, "price": 0.0035, "mark_price": 0.00327877, "iv": 74.15, "instrument_name": "BTC-30DEC22-32000-C", "index_price": 18557.77, "direction": "buy", "amount": 0.5}, {"trade_seq": 2031, "trade_id": "234165238", "timestamp": 1667935119751, "tick_direction": 1, "price": 0.0035, "mark_price": 0.00327442, "iv": 74.18, "instrument_name": "BTC-30DEC22-32000-C", "index_price": 18555.35, "direction": "buy", "amount": 16.9}, {"trade_seq": 2030, "trade_id": "234165198", "timestamp": 1667935118694, "tick_direction": 1, "price": 0.0035, "mark_price": 0.00327031, "iv": 74.22, "instrument_name": "BTC-30DEC22-32000-C", "index_price": 18552.63, "direction": "buy", "amount": 16.8}, {"trade_seq": 2029, "trade_id": "234160610", "timestamp": 1667934583462, "tick_direction": 1, "price": 0.0035, "mark_price": 0.00313378, "iv": 73.84, "instrument_name": "BTC-30DEC22-32000-C", "index_price": 18609.5, "direction": "buy", "amount": 2.0}, {"trade_seq": 2028, "trade_id": "234160522", "timestamp": 1667934551611, "tick_direction": 1, "price": 0.0035, "mark_price": 0.00315455, "iv": 73.72, "instrument_name": "BTC-30DEC22-32000-C", "index_price": 18629.59, "direction": "buy", "amount": 3.0}, {"trade_seq": 2027, "trade_id": "234146799", "timestamp": 1667932440873, "tick_direction": 1, "price": 0.0035, "mark_price": 0.00330906, "iv": 71.92, "instrument_name": "BTC-30DEC22-32000-C", "index_price": 18928.88, "direction": "buy", "amount": 4.6}, {"trade_seq": 2026, "trade_id": "234074482", "timestamp": 1667925783825, "tick_direction": 0, "price": 0.0035, "mark_price": 0.00343219, "iv": 62.25, "instrument_name": "BTC-30DEC22-32000-C", "index_price": 20611.95, "direction": "buy", "amount": 2.9}, {"trade_seq": 2025, "trade_id": "233989314", "timestamp": 1667902454260, "tick_direction": 2, "price": 0.0025, "mark_price": 0.0027671, "iv": 63.23, "instrument_name": "BTC-30DEC22-32000-C", "index_price": 19776.0, "direction": "sell", "amount": 5.0}, {"trade_seq": 2024, "trade_id": "233985505", "timestamp": 1667898153093, "tick_direction": 3, "price": 0.003, "mark_price": 0.00295457, "iv": 65.42, "instrument_name": "BTC-30DEC22-32000-C", "index_price": 19718.26, "direction": "sell", "amount": 0.2}, {"trade_seq": 2023, "trade_id": "233970787", "timestamp": 1667889876134, "tick_direction": 2, "price": 0.003, "mark_price": 0.00310359, "iv": 64.69, "instrument_name": "BTC-30DEC22-32000-C", "index_price": 19838.82, "direction": "sell", "amount": 5.0}, {"trade_seq": 2022, "trade_id": "233914798", "timestamp": 1667878059411, "tick_direction": 3, "price": 0.0035, "mark_price": 0.00294902, "iv": 63.24, "instrument_name": "BTC-30DEC22-32000-C", "index_price": 20384.27, "direction": "sell", "block_trade_id": "55096", "amount": 3.5}, {"trade_seq": 2021, "trade_id": "233901031", "timestamp": 1667863683539, "tick_direction": 3, "price": 0.0035, "mark_price": 0.00329807, "iv": 62.15, "instrument_name": "BTC-30DEC22-32000-C", "index_price": 20569.16, "direction": "buy", "amount": 1.0}, {"trade_seq": 2020, "trade_id": "233900829", "timestamp": 1667863332174, "tick_direction": 3, "price": 0.0035, "mark_price": 0.00328472, "iv": 62.29, "instrument_name": "BTC-30DEC22-32000-C", "index_price": 20546.07, "direction": "buy", "amount": 1.0}, {"trade_seq": 2019, "trade_id": "233885688", "timestamp": 1667849780247, "tick_direction": 3, "price": 0.0035, "mark_price": 0.0033663, "iv": 60.52, "instrument_name": "BTC-30DEC22-32000-C", "index_price": 20840.18, "direction": "buy", "amount": 5.0}, {"trade_seq": 2018, "trade_id": "233883977", "timestamp": 1667846139412, "tick_direction": 3, "price": 0.0035, "mark_price": 0.00325047, "iv": 61.15, "instrument_name": "BTC-30DEC22-32000-C", "index_price": 20720.19, "direction": "buy", "amount": 5.8}, {"trade_seq": 2017, "trade_id": "233881712", "timestamp": 1667840970699, "tick_direction": 3, "price": 0.0035, "mark_price": 0.00328086, "iv": 61.29, "instrument_name": "BTC-30DEC22-32000-C", "index_price": 20696.62, "direction": "buy", "amount": 10.0}, {"trade_seq": 2016, "trade_id": "233881228", "timestamp": 1667840293622, "tick_direction": 3, "price": 0.0035, "mark_price": 0.00329773, "iv": 61.34, "instrument_name": "BTC-30DEC22-32000-C", "index_price": 20681.72, "direction": "buy", "amount": 20.0}, {"trade_seq": 2015, "trade_id": "233868196", "timestamp": 1667826475249, "tick_direction": 2, "price": 0.0035, "mark_price": 0.00357725, "iv": 60.72, "instrument_name": "BTC-30DEC22-32000-C", "index_price": 20782.09, "direction": "sell", "amount": 5.0}, {"trade_seq": 2014, "trade_id": "233784308", "timestamp": 1667727355900, "tick_direction": 2, "price": 0.0035, "mark_price": 0.00423029, "iv": 57.32, "instrument_name": "BTC-30DEC22-32000-C", "index_price": 21282.71, "direction": "sell", "amount": 0.2}, {"trade_seq": 2013, "trade_id": "233758772", "timestamp": 1667687119056, "tick_direction": 0, "price": 0.0045, "mark_price": 0.00459837, "iv": 59.6, "instrument_name": "BTC-30DEC22-32000-C", "index_price": 21328.79, "direction": "sell", "amount": 1.0}, {"trade_seq": 2012, "trade_id": "233738980", "timestamp": 1667658449850, "tick_direction": 2, "price": 0.004, "mark_price": 0.00445005, "iv": 58.42, "instrument_name": "BTC-30DEC22-32000-C", "index_price": 21273.6, "direction": "sell", "amount": 0.2}, {"trade_seq": 2011, "trade_id": "233695477", "timestamp": 1667612794274, "tick_direction": 3, "price": 0.0045, "mark_price": 0.00498385, "iv": 59.03, "instrument_name": "BTC-30DEC22-32000-C", "index_price": 21349.59, "direction": "sell", "amount": 4.1}, {"trade_seq": 2010, "trade_id": "233630006", "timestamp": 1667577350275, "tick_direction": 3, "price": 0.0045, "mark_price": 0.00474427, "iv": 61.01, "instrument_name": "BTC-30DEC22-32000-C", "index_price": 20934.74, "direction": "sell", "amount": 0.1}, {"trade_seq": 2009, "trade_id": "233616895", "timestamp": 1667574812243, "tick_direction": 2, "price": 0.0045, "mark_price": 0.00496434, "iv": 59.77, "instrument_name": "BTC-30DEC22-32000-C", "index_price": 21159.21, "direction": "sell", "amount": 3.0}, {"trade_seq": 2008, "trade_id": "233615461", "timestamp": 1667574567929, "tick_direction": 1, "price": 0.005, "mark_price": 0.00498945, "iv": 60.95, "instrument_name": "BTC-30DEC22-32000-C", "index_price": 21162.05, "direction": "sell", "amount": 1.0}, {"trade_seq": 2007, "trade_id": "233614569", "timestamp": 1667574460908, "tick_direction": 0, "price": 0.005, "mark_price": 0.00516909, "iv": 60.82, "instrument_name": "BTC-30DEC22-32000-C", "index_price": 21186.5, "direction": "sell", "amount": 7.4}, {"trade_seq": 2006, "trade_id": "233565560", "timestamp": 1667565233832, "tick_direction": 0, "price": 0.0035, "mark_price": 0.0034734, "iv": 60.29, "instrument_name": "BTC-30DEC22-32000-C", "index_price": 20554.11, "direction": "buy", "amount": 0.1}, {"trade_seq": 2005, "trade_id": "233547732", "timestamp": 1667554567447, "tick_direction": 3, "price": 0.003, "mark_price": 0.00297037, "iv": 58.3, "instrument_name": "BTC-30DEC22-32000-C", "index_price": 20614.92, "direction": "buy", "amount": 0.2}, {"trade_seq": 2004, "trade_id": "233537217", "timestamp": 1667547726795, "tick_direction": 3, "price": 0.003, "mark_price": 0.00295983, "iv": 58.37, "instrument_name": "BTC-30DEC22-32000-C", "index_price": 20596.05, "direction": "buy", "amount": 0.1}, {"trade_seq": 2003, "trade_id": "233494415", "timestamp": 1667485696184, "tick_direction": 3, "price": 0.003, "mark_price": 0.00331503, "iv": 59.61, "instrument_name": "BTC-30DEC22-32000-C", "index_price": 20290.81, "direction": "sell", "amount": 10.0}, {"trade_seq": 2002, "trade_id": "233461236", "timestamp": 1667449504123, "tick_direction": 3, "price": 0.003, "mark_price": 0.00334094, "iv": 59.13, "instrument_name": "BTC-30DEC22-32000-C", "index_price": 20340.63, "direction": "sell", "amount": 0.1}, {"trade_seq": 2001, "trade_id": "233445204", "timestamp": 1667426317670, "tick_direction": 2, "price": 0.003, "mark_price": 0.00347818, "iv": 60.09, "instrument_name": "BTC-30DEC22-32000-C", "index_price": 20137.81, "direction": "sell", "amount": 0.2}, {"trade_seq": 2000, "trade_id": "233380958", "timestamp": 1667392490943, "tick_direction": 2, "price": 0.0045, "mark_price": 0.00487004, "iv": 62.72, "instrument_name": "BTC-30DEC22-32000-C", "index_price": 20394.99, "direction": "sell", "amount": 0.1}, {"trade_seq": 1999, "trade_id": "233355467", "timestamp": 1667341653991, "tick_direction": 3, "price": 0.005, "mark_price": 0.00511493, "iv": 63.35, "instrument_name": "BTC-30DEC22-32000-C", "index_price": 20452.14, "direction": "sell", "amount": 6.0}, {"trade_seq": 1998, "trade_id": "233346085", "timestamp": 1667321136858, "tick_direction": 2, "price": 0.005, "mark_price": 0.00527719, "iv": 63.26, "instrument_name": "BTC-30DEC22-32000-C", "index_price": 20454.02, "direction": "sell", "amount": 0.1}, {"trade_seq": 1997, "trade_id": "233324459", "timestamp": 1667293697213, "tick_direction": 3, "price": 0.0055, "mark_price": 0.00554507, "iv": 63.58, "instrument_name": "BTC-30DEC22-32000-C", "index_price": 20575.79, "direction": "sell", "amount": 0.5}, {"trade_seq": 1996, "trade_id": "233315841", "timestamp": 1667279148053, "tick_direction": 3, "price": 0.0055, "mark_price": 0.00563685, "iv": 63.72, "instrument_name": "BTC-30DEC22-32000-C", "index_price": 20528.64, "direction": "sell", "amount": 0.1}, {"trade_seq": 1995, "trade_id": "233315539", "timestamp": 1667278262771, "tick_direction": 3, "price": 0.0055, "mark_price": 0.0055673, "iv": 63.91, "instrument_name": "BTC-30DEC22-32000-C", "index_price": 20496.19, "direction": "sell", "amount": 0.1}, {"trade_seq": 1994, "trade_id": "233297864", "timestamp": 1667239037214, "tick_direction": 3, "price": 0.0055, "mark_price": 0.00547302, "iv": 64.36, "instrument_name": "BTC-30DEC22-32000-C", "index_price": 20368.5, "direction": "sell", "amount": 20.0}, {"trade_seq": 1993, "trade_id": "233253506", "timestamp": 1667207206728, "tick_direction": 3, "price": 0.007, "mark_price": 0.00699464, "iv": 66.56, "instrument_name": "BTC-30DEC22-32000-C", "index_price": 20487.23, "direction": "sell", "amount": 1.0}, {"trade_seq": 1992, "trade_id": "233250121", "timestamp": 1667203025106, "tick_direction": 2, "price": 0.007, "mark_price": 0.0070207, "iv": 66.21, "instrument_name": "BTC-30DEC22-32000-C", "index_price": 20545.0, "direction": "buy", "amount": 0.2}, {"trade_seq": 1991, "trade_id": "233233739", "timestamp": 1667175023551, "tick_direction": 1, "price": 0.007, "mark_price": 0.00665361, "iv": 65.36, "instrument_name": "BTC-30DEC22-32000-C", "index_price": 20665.5, "direction": "buy", "amount": 1.1}, {"trade_seq": 1990, "trade_id": "233233738", "timestamp": 1667175023551, "tick_direction": 1, "price": 0.007, "mark_price": 0.00665361, "iv": 65.36, "instrument_name": "BTC-30DEC22-32000-C", "index_price": 20665.5, "direction": "buy", "amount": 0.1}, {"trade_seq": 1989, "trade_id": "233233737", "timestamp": 1667175023551, "tick_direction": 1, "price": 0.007, "mark_price": 0.00665361, "iv": 65.36, "instrument_name": "BTC-30DEC22-32000-C", "index_price": 20665.5, "direction": "buy", "amount": 0.1}, {"trade_seq": 1988, "trade_id": "233233720", "timestamp": 1667175021337, "tick_direction": 1, "price": 0.007, "mark_price": 0.00664569, "iv": 65.36, "instrument_name": "BTC-30DEC22-32000-C", "index_price": 20665.63, "direction": "buy", "amount": 0.9}, {"trade_seq": 1987, "trade_id": "233233719", "timestamp": 1667175021337, "tick_direction": 1, "price": 0.007, "mark_price": 0.00664569, "iv": 65.36, "instrument_name": "BTC-30DEC22-32000-C", "index_price": 20665.63, "direction": "buy", "amount": 0.7}, {"trade_seq": 1986, "trade_id": "233233714", "timestamp": 1667175019516, "tick_direction": 1, "price": 0.007, "mark_price": 0.00663482, "iv": 65.36, "instrument_name": "BTC-30DEC22-32000-C", "index_price": 20665.22, "direction": "buy", "amount": 1.4}, {"trade_seq": 1985, "trade_id": "233233712", "timestamp": 1667175015471, "tick_direction": 0, "price": 0.007, "mark_price": 0.00661394, "iv": 65.37, "instrument_name": "BTC-30DEC22-32000-C", "index_price": 20665.12, "direction": "buy", "amount": 1.3}, {"trade_seq": 1984, "trade_id": "233233557", "timestamp": 1667174893163, "tick_direction": 0, "price": 0.0065, "mark_price": 0.00647631, "iv": 64.43, "instrument_name": "BTC-30DEC22-32000-C", "index_price": 20661.99, "direction": "buy", "amount": 0.1}, {"trade_seq": 1983, "trade_id": "233212894", "timestamp": 1667137119912, "tick_direction": 1, "price": 0.006, "mark_price": 0.00634803, "iv": 63.08, "instrument_name": "BTC-30DEC22-32000-C", "index_price": 20684.94, "direction": "sell", "amount": 0.2}, {"trade_seq": 1982, "trade_id": "233209409", "timestamp": 1667129350440, "tick_direction": 1, "price": 0.006, "mark_price": 0.00644527, "iv": 62.98, "instrument_name": "BTC-30DEC22-32000-C", "index_price": 20696.79, "direction": "sell", "amount": 1.2}, {"trade_seq": 1981, "trade_id": "233197885", "timestamp": 1667114042967, "tick_direction": 0, "price": 0.006, "mark_price": 0.00597911, "iv": 61.67, "instrument_name": "BTC-30DEC22-32000-C", "index_price": 20915.89, "direction": "buy", "amount": 0.2}, {"trade_seq": 1980, "trade_id": "233186601", "timestamp": 1667080662491, "tick_direction": 3, "price": 0.0055, "mark_price": 0.00593677, "iv": 60.73, "instrument_name": "BTC-30DEC22-32000-C", "index_price": 20863.2, "direction": "sell", "amount": 0.1}, {"trade_seq": 1979, "trade_id": "233186328", "timestamp": 1667080178329, "tick_direction": 3, "price": 0.0055, "mark_price": 0.00599937, "iv": 60.56, "instrument_name": "BTC-30DEC22-32000-C", "index_price": 20891.87, "direction": "sell", "amount": 0.1}, {"trade_seq": 1978, "trade_id": "233186145", "timestamp": 1667080084653, "tick_direction": 3, "price": 0.0055, "mark_price": 0.006004, "iv": 60.55, "instrument_name": "BTC-30DEC22-32000-C", "index_price": 20893.67, "direction": "sell", "amount": 0.1}, {"trade_seq": 1977, "trade_id": "233186097", "timestamp": 1667080029286, "tick_direction": 3, "price": 0.0055, "mark_price": 0.00600341, "iv": 60.56, "instrument_name": "BTC-30DEC22-32000-C", "index_price": 20893.41, "direction": "sell", "amount": 0.1}, {"trade_seq": 1976, "trade_id": "233186053", "timestamp": 1667080009312, "tick_direction": 2, "price": 0.0055, "mark_price": 0.00600346, "iv": 60.56, "instrument_name": "BTC-30DEC22-32000-C", "index_price": 20893.36, "direction": "sell", "amount": 0.2}, {"trade_seq": 1975, "trade_id": "233178651", "timestamp": 1667064962144, "tick_direction": 1, "price": 0.006, "mark_price": 0.005534, "iv": 61.54, "instrument_name": "BTC-30DEC22-32000-C", "index_price": 20897.34, "direction": "buy", "amount": 2.7}, {"trade_seq": 1974, "trade_id": "233178650", "timestamp": 1667064962144, "tick_direction": 0, "price": 0.006, "mark_price": 0.005534, "iv": 61.54, "instrument_name": "BTC-30DEC22-32000-C", "index_price": 20897.34, "direction": "buy", "amount": 0.3}, {"trade_seq": 1973, "trade_id": "233165733", "timestamp": 1667052530315, "tick_direction": 2, "price": 0.0055, "mark_price": 0.00545809, "iv": 60.87, "instrument_name": "BTC-30DEC22-32000-C", "index_price": 20816.61, "direction": "buy", "amount": 1.0}, {"trade_seq": 1972, "trade_id": "233135777", "timestamp": 1667013656992, "tick_direction": 0, "price": 0.006, "mark_price": 0.00549756, "iv": 61.83, "instrument_name": "BTC-30DEC22-32000-C", "index_price": 20784.34, "direction": "buy", "amount": 0.5}, {"trade_seq": 1971, "trade_id": "233114453", "timestamp": 1666978081833, "tick_direction": 1, "price": 0.0055, "mark_price": 0.00534795, "iv": 60.96, "instrument_name": "BTC-30DEC22-32000-C", "index_price": 20711.03, "direction": "buy", "amount": 0.1}, {"trade_seq": 1970, "trade_id": "233114452", "timestamp": 1666978081833, "tick_direction": 1, "price": 0.0055, "mark_price": 0.00534795, "iv": 60.96, "instrument_name": "BTC-30DEC22-32000-C", "index_price": 20711.03, "direction": "buy", "amount": 0.1}, {"trade_seq": 1969, "trade_id": "233114451", "timestamp": 1666978081833, "tick_direction": 0, "price": 0.0055, "mark_price": 0.00534795, "iv": 60.96, "instrument_name": "BTC-30DEC22-32000-C", "index_price": 20711.03, "direction": "buy", "amount": 0.8}, {"trade_seq": 1968, "trade_id": "233113782", "timestamp": 1666977577498, "tick_direction": 2, "price": 0.0053, "mark_price": 0.00536176, "iv": 60.5, "instrument_name": "BTC-30DEC22-32000-C", "index_price": 20715.15, "direction": "sell", "combo_id": "BTC-CDIAG-30DEC22_25NOV22-32000_24000", "block_trade_id": "54171", "amount": 100.0}, {"trade_seq": 1967, "trade_id": "233102274", "timestamp": 1666974303117, "tick_direction": 0, "price": 0.0055, "mark_price": 0.00540722, "iv": 61.3, "instrument_name": "BTC-30DEC22-32000-C", "index_price": 20636.65, "direction": "buy", "amount": 0.2}, {"trade_seq": 1966, "trade_id": "233067121", "timestamp": 1666955888962, "tick_direction": 3, "price": 0.005, "mark_price": 0.00480664, "iv": 62.71, "instrument_name": "BTC-30DEC22-32000-C", "index_price": 20153.59, "direction": "buy", "amount": 0.9}, {"trade_seq": 1965, "trade_id": "233067120", "timestamp": 1666955884780, "tick_direction": 3, "price": 0.005, "mark_price": 0.00480692, "iv": 62.71, "instrument_name": "BTC-30DEC22-32000-C", "index_price": 20154.31, "direction": "buy", "amount": 0.8}, {"trade_seq": 1964, "trade_id": "233053917", "timestamp": 1666944798734, "tick_direction": 2, "price": 0.005, "mark_price": 0.00531401, "iv": 62.76, "instrument_name": "BTC-30DEC22-32000-C", "index_price": 20131.79, "direction": "sell", "amount": 0.2}, {"trade_seq": 1963, "trade_id": "233045709", "timestamp": 1666942831353, "tick_direction": 0, "price": 0.006, "mark_price": 0.00571895, "iv": 64.71, "instrument_name": "BTC-30DEC22-32000-C", "index_price": 20167.52, "direction": "buy", "amount": 2.5}, {"trade_seq": 1962, "trade_id": "233044036", "timestamp": 1666942418980, "tick_direction": 3, "price": 0.0055, "mark_price": 0.00569259, "iv": 63.7, "instrument_name": "BTC-30DEC22-32000-C", "index_price": 20161.63, "direction": "sell", "amount": 1.5}, {"trade_seq": 1961, "trade_id": "233043521", "timestamp": 1666942343726, "tick_direction": 2, "price": 0.0055, "mark_price": 0.00565587, "iv": 63.74, "instrument_name": "BTC-30DEC22-32000-C", "index_price": 20154.01, "direction": "sell", "amount": 2.5}, {"trade_seq": 1960, "trade_id": "232989211", "timestamp": 1666888722937, "tick_direction": 2, "price": 0.007, "mark_price": 0.00724962, "iv": 64.41, "instrument_name": "BTC-30DEC22-32000-C", "index_price": 20541.49, "direction": "sell", "amount": 1.0}, {"trade_seq": 1959, "trade_id": "232889056", "timestamp": 1666802308175, "tick_direction": 3, "price": 0.01, "mark_price": 0.01002208, "iv": 67.36, "instrument_name": "BTC-30DEC22-32000-C", "index_price": 20825.77, "direction": "sell", "amount": 3.4}, {"trade_seq": 1958, "trade_id": "232889049", "timestamp": 1666802306724, "tick_direction": 3, "price": 0.01, "mark_price": 0.01001985, "iv": 67.35, "instrument_name": "BTC-30DEC22-32000-C", "index_price": 20827.06, "direction": "sell", "amount": 0.1}, {"trade_seq": 1957, "trade_id": "232889048", "timestamp": 1666802306712, "tick_direction": 3, "price": 0.01, "mark_price": 0.01001985, "iv": 67.35, "instrument_name": "BTC-30DEC22-32000-C", "index_price": 20827.06, "direction": "sell", "amount": 0.1}, {"trade_seq": 1956, "trade_id": "232889047", "timestamp": 1666802306690, "tick_direction": 3, "price": 0.01, "mark_price": 0.01001985, "iv": 67.35, "instrument_name": "BTC-30DEC22-32000-C", "index_price": 20826.59, "direction": "sell", "amount": 0.2}, {"trade_seq": 1955, "trade_id": "232889036", "timestamp": 1666802300341, "tick_direction": 3, "price": 0.01, "mark_price": 0.01004088, "iv": 67.32, "instrument_name": "BTC-30DEC22-32000-C", "index_price": 20833.56, "direction": "sell", "amount": 0.1}, {"trade_seq": 1954, "trade_id": "232889035", "timestamp": 1666802300329, "tick_direction": 3, "price": 0.01, "mark_price": 0.01004088, "iv": 67.32, "instrument_name": "BTC-30DEC22-32000-C", "index_price": 20833.56, "direction": "sell", "amount": 0.1}, {"trade_seq": 1953, "trade_id": "232889034", "timestamp": 1666802300315, "tick_direction": 3, "price": 0.01, "mark_price": 0.01004088, "iv": 67.32, "instrument_name": "BTC-30DEC22-32000-C", "index_price": 20833.56, "direction": "sell", "amount": 0.1}, {"trade_seq": 1952, "trade_id": "232889027", "timestamp": 1666802292337, "tick_direction": 3, "price": 0.01, "mark_price": 0.01003367, "iv": 67.32, "instrument_name": "BTC-30DEC22-32000-C", "index_price": 20832.62, "direction": "sell", "amount": 0.1}, {"trade_seq": 1951, "trade_id": "232889011", "timestamp": 1666802282647, "tick_direction": 3, "price": 0.01, "mark_price": 0.01005204, "iv": 67.29, "instrument_name": "BTC-30DEC22-32000-C", "index_price": 20835.67, "direction": "sell", "amount": 0.1}, {"trade_seq": 1950, "trade_id": "232889010", "timestamp": 1666802282632, "tick_direction": 3, "price": 0.01, "mark_price": 0.01005204, "iv": 67.29, "instrument_name": "BTC-30DEC22-32000-C", "index_price": 20835.67, "direction": "sell", "amount": 0.1}, {"trade_seq": 1949, "trade_id": "232889009", "timestamp": 1666802282616, "tick_direction": 3, "price": 0.01, "mark_price": 0.01005204, "iv": 67.29, "instrument_name": "BTC-30DEC22-32000-C", "index_price": 20835.67, "direction": "sell", "amount": 0.1}, {"trade_seq": 1948, "trade_id": "232889008", "timestamp": 1666802282597, "tick_direction": 3, "price": 0.01, "mark_price": 0.01005204, "iv": 67.29, "instrument_name": "BTC-30DEC22-32000-C", "index_price": 20835.67, "direction": "sell", "amount": 0.1}, {"trade_seq": 1947, "trade_id": "232888976", "timestamp": 1666802271651, "tick_direction": 3, "price": 0.01, "mark_price": 0.01006495, "iv": 67.28, "instrument_name": "BTC-30DEC22-32000-C", "index_price": 20838.32, "direction": "sell", "amount": 0.1}, {"trade_seq": 1946, "trade_id": "232888975", "timestamp": 1666802270809, "tick_direction": 3, "price": 0.01, "mark_price": 0.01006572, "iv": 67.26, "instrument_name": "BTC-30DEC22-32000-C", "index_price": 20841.66, "direction": "sell", "amount": 0.1}, {"trade_seq": 1945, "trade_id": "232888870", "timestamp": 1666802214840, "tick_direction": 3, "price": 0.01, "mark_price": 0.00999407, "iv": 67.34, "instrument_name": "BTC-30DEC22-32000-C", "index_price": 20827.0, "direction": "sell", "amount": 0.1}, {"trade_seq": 1944, "trade_id": "232888844", "timestamp": 1666802189658, "tick_direction": 3, "price": 0.01, "mark_price": 0.00997677, "iv": 67.35, "instrument_name": "BTC-30DEC22-32000-C", "index_price": 20826.43, "direction": "sell", "amount": 0.1}, {"trade_seq": 1943, "trade_id": "232888627", "timestamp": 1666801949409, "tick_direction": 3, "price": 0.01, "mark_price": 0.01007629, "iv": 67.07, "instrument_name": "BTC-30DEC22-32000-C", "index_price": 20877.41, "direction": "sell", "amount": 0.1}, {"trade_seq": 1942, "trade_id": "232888626", "timestamp": 1666801947565, "tick_direction": 2, "price": 0.01, "mark_price": 0.01007538, "iv": 67.07, "instrument_name": "BTC-30DEC22-32000-C", "index_price": 20877.42, "direction": "sell", "amount": 0.1}, {"trade_seq": 1941, "trade_id": "232885850", "timestamp": 1666800634635, "tick_direction": 1, "price": 0.0105, "mark_price": 0.0104884, "iv": 67.15, "instrument_name": "BTC-30DEC22-32000-C", "index_price": 20985.31, "direction": "sell", "amount": 3.1}, {"trade_seq": 1940, "trade_id": "232885849", "timestamp": 1666800634634, "tick_direction": 1, "price": 0.0105, "mark_price": 0.0104884, "iv": 67.15, "instrument_name": "BTC-30DEC22-32000-C", "index_price": 20985.31, "direction": "buy", "amount": 4.0}, {"trade_seq": 1939, "trade_id": "232885848", "timestamp": 1666800634634, "tick_direction": 1, "price": 0.0105, "mark_price": 0.0104884, "iv": 67.15, "instrument_name": "BTC-30DEC22-32000-C", "index_price": 20985.31, "direction": "buy", "amount": 0.9}, {"trade_seq": 1938, "trade_id": "232874534", "timestamp": 1666795268528, "tick_direction": 0, "price": 0.0105, "mark_price": 0.0103393, "iv": 67.27, "instrument_name": "BTC-30DEC22-32000-C", "index_price": 20971.47, "direction": "buy", "amount": 0.1}, {"trade_seq": 1937, "trade_id": "232829847", "timestamp": 1666782571598, "tick_direction": 1, "price": 0.0095, "mark_price": 0.00926413, "iv": 67.15, "instrument_name": "BTC-30DEC22-32000-C", "index_price": 20694.75, "direction": "buy", "amount": 25.0}, {"trade_seq": 1936, "trade_id": "232829842", "timestamp": 1666782567997, "tick_direction": 1, "price": 0.0095, "mark_price": 0.00927038, "iv": 67.14, "instrument_name": "BTC-30DEC22-32000-C", "index_price": 20695.97, "direction": "buy", "amount": 25.0}, {"trade_seq": 1935, "trade_id": "232829841", "timestamp": 1666782567997, "tick_direction": 0, "price": 0.0095, "mark_price": 0.00927038, "iv": 67.14, "instrument_name": "BTC-30DEC22-32000-C", "index_price": 20695.97, "direction": "buy", "amount": 0.5}, {"trade_seq": 1934, "trade_id": "232824745", "timestamp": 1666777923433, "tick_direction": 0, "price": 0.009, "mark_price": 0.0089127, "iv": 66.63, "instrument_name": "BTC-30DEC22-32000-C", "index_price": 20645.69, "direction": "buy", "amount": 0.2}, {"trade_seq": 1933, "trade_id": "232821753", "timestamp": 1666776435001, "tick_direction": 0, "price": 0.0085, "mark_price": 0.00843283, "iv": 65.91, "instrument_name": "BTC-30DEC22-32000-C", "index_price": 20624.84, "direction": "buy", "amount": 0.2}, {"trade_seq": 1932, "trade_id": "232815241", "timestamp": 1666773763537, "tick_direction": 0, "price": 0.008, "mark_price": 0.00814529, "iv": 64.6, "instrument_name": "BTC-30DEC22-32000-C", "index_price": 20701.62, "direction": "buy", "amount": 0.2}, {"trade_seq": 1931, "trade_id": "232762520", "timestamp": 1666740446918, "tick_direction": 2, "price": 0.0065, "mark_price": 0.00674945, "iv": 64.9, "instrument_name": "BTC-30DEC22-32000-C", "index_price": 20088.68, "direction": "sell", "amount": 1.0}, {"trade_seq": 1930, "trade_id": "232726122", "timestamp": 1666725362822, "tick_direction": 1, "price": 0.008, "mark_price": 0.00820612, "iv": 66.27, "instrument_name": "BTC-30DEC22-32000-C", "index_price": 20356.89, "direction": "sell", "amount": 0.1}, {"trade_seq": 1929, "trade_id": "232726115", "timestamp": 1666725361913, "tick_direction": 1, "price": 0.008, "mark_price": 0.00821463, "iv": 66.25, "instrument_name": "BTC-30DEC22-32000-C", "index_price": 20359.57, "direction": "sell", "amount": 0.1}, {"trade_seq": 1928, "trade_id": "232726114", "timestamp": 1666725361902, "tick_direction": 1, "price": 0.008, "mark_price": 0.00821463, "iv": 66.25, "instrument_name": "BTC-30DEC22-32000-C", "index_price": 20359.57, "direction": "sell", "amount": 0.1}, {"trade_seq": 1927, "trade_id": "232726100", "timestamp": 1666725361163, "tick_direction": 1, "price": 0.008, "mark_price": 0.00821596, "iv": 66.25, "instrument_name": "BTC-30DEC22-32000-C", "index_price": 20359.95, "direction": "sell", "amount": 0.1}, {"trade_seq": 1926, "trade_id": "232724091", "timestamp": 1666724411423, "tick_direction": 1, "price": 0.008, "mark_price": 0.00790963, "iv": 66.57, "instrument_name": "BTC-30DEC22-32000-C", "index_price": 20296.06, "direction": "buy", "amount": 0.2}, {"trade_seq": 1925, "trade_id": "232724090", "timestamp": 1666724411423, "tick_direction": 0, "price": 0.008, "mark_price": 0.00790963, "iv": 66.57, "instrument_name": "BTC-30DEC22-32000-C", "index_price": 20296.06, "direction": "buy", "amount": 0.2}, {"trade_seq": 1924, "trade_id": "232680209", "timestamp": 1666713569493, "tick_direction": 1, "price": 0.0055, "mark_price": 0.00534653, "iv": 64.69, "instrument_name": "BTC-30DEC22-32000-C", "index_price": 19735.94, "direction": "buy", "amount": 0.2}, {"trade_seq": 1923, "trade_id": "232583758", "timestamp": 1666593617412, "tick_direction": 1, "price": 0.0055, "mark_price": 0.00574865, "iv": 66.09, "instrument_name": "BTC-30DEC22-32000-C", "index_price": 19349.75, "direction": "sell", "amount": 2.0}, {"trade_seq": 1922, "trade_id": "232570467", "timestamp": 1666569413798, "tick_direction": 1, "price": 0.0055, "mark_price": 0.00572092, "iv": 64.86, "instrument_name": "BTC-30DEC22-32000-C", "index_price": 19555.89, "direction": "sell", "amount": 0.3}, {"trade_seq": 1921, "trade_id": "232558827", "timestamp": 1666556203722, "tick_direction": 1, "price": 0.0055, "mark_price": 0.00495503, "iv": 65.21, "instrument_name": "BTC-30DEC22-32000-C", "index_price": 19477.63, "direction": "buy", "amount": 8.7}, {"trade_seq": 1920, "trade_id": "232558826", "timestamp": 1666556203722, "tick_direction": 1, "price": 0.0055, "mark_price": 0.00495503, "iv": 65.21, "instrument_name": "BTC-30DEC22-32000-C", "index_price": 19477.63, "direction": "buy", "amount": 5.4}, {"trade_seq": 1919, "trade_id": "232558825", "timestamp": 1666556203722, "tick_direction": 0, "price": 0.0055, "mark_price": 0.00495503, "iv": 65.21, "instrument_name": "BTC-30DEC22-32000-C", "index_price": 19477.63, "direction": "buy", "amount": 0.9}, {"trade_seq": 1918, "trade_id": "232527485", "timestamp": 1666458093095, "tick_direction": 3, "price": 0.004, "mark_price": 0.00399231, "iv": 62.47, "instrument_name": "BTC-30DEC22-32000-C", "index_price": 19195.76, "direction": "buy", "amount": 0.5}, {"trade_seq": 1917, "trade_id": "232489577", "timestamp": 1666367278986, "tick_direction": 3, "price": 0.004, "mark_price": 0.00394503, "iv": 62.69, "instrument_name": "BTC-30DEC22-32000-C", "index_price": 19068.18, "direction": "buy", "amount": 0.5}, {"trade_seq": 1916, "trade_id": "232476993", "timestamp": 1666360690283, "tick_direction": 2, "price": 0.004, "mark_price": 0.00388103, "iv": 62.7, "instrument_name": "BTC-30DEC22-32000-C", "index_price": 19064.16, "direction": "buy", "amount": 0.2}, {"trade_seq": 1915, "trade_id": "232398168", "timestamp": 1666282289977, "tick_direction": 2, "price": 0.0045, "mark_price": 0.00490581, "iv": 62.94, "instrument_name": "BTC-30DEC22-32000-C", "index_price": 19191.32, "direction": "sell", "amount": 0.5}, {"trade_seq": 1914, "trade_id": "232396529", "timestamp": 1666280873361, "tick_direction": 0, "price": 0.005, "mark_price": 0.00496284, "iv": 63.71, "instrument_name": "BTC-30DEC22-32000-C", "index_price": 19269.1, "direction": "buy", "amount": 0.5}, {"trade_seq": 1913, "trade_id": "232371009", "timestamp": 1666254463673, "tick_direction": 2, "price": 0.0045, "mark_price": 0.00473278, "iv": 63.05, "instrument_name": "BTC-30DEC22-32000-C", "index_price": 19135.27, "direction": "sell", "amount": 1.0}, {"trade_seq": 1912, "trade_id": "232353877", "timestamp": 1666230834063, "tick_direction": 3, "price": 0.005, "mark_price": 0.00499777, "iv": 64.66, "instrument_name": "BTC-30DEC22-32000-C", "index_price": 19038.7, "direction": "buy", "amount": 0.5}, {"trade_seq": 1911, "trade_id": "232334535", "timestamp": 1666202950099, "tick_direction": 3, "price": 0.005, "mark_price": 0.00498444, "iv": 63.57, "instrument_name": "BTC-30DEC22-32000-C", "index_price": 19211.41, "direction": "buy", "amount": 0.1}, {"trade_seq": 1910, "trade_id": "232334534", "timestamp": 1666202948065, "tick_direction": 3, "price": 0.005, "mark_price": 0.00498426, "iv": 63.57, "instrument_name": "BTC-30DEC22-32000-C", "index_price": 19211.19, "direction": "buy", "amount": 0.1}, {"trade_seq": 1909, "trade_id": "232334533", "timestamp": 1666202948065, "tick_direction": 3, "price": 0.005, "mark_price": 0.00498426, "iv": 63.57, "instrument_name": "BTC-30DEC22-32000-C", "index_price": 19211.19, "direction": "buy", "amount": 0.1}, {"trade_seq": 1908, "trade_id": "232334532", "timestamp": 1666202945037, "tick_direction": 3, "price": 0.005, "mark_price": 0.00498418, "iv": 63.58, "instrument_name": "BTC-30DEC22-32000-C", "index_price": 19211.1, "direction": "buy", "amount": 0.1}, {"trade_seq": 1907, "trade_id": "232334531", "timestamp": 1666202944762, "tick_direction": 3, "price": 0.005, "mark_price": 0.00498418, "iv": 63.58, "instrument_name": "BTC-30DEC22-32000-C", "index_price": 19211.1, "direction": "buy", "amount": 0.1}, {"trade_seq": 1906, "trade_id": "232327725", "timestamp": 1666194957264, "tick_direction": 3, "price": 0.005, "mark_price": 0.00511431, "iv": 63.13, "instrument_name": "BTC-30DEC22-32000-C", "index_price": 19296.98, "direction": "buy", "amount": 0.1}, {"trade_seq": 1905, "trade_id": "232327722", "timestamp": 1666194957226, "tick_direction": 3, "price": 0.005, "mark_price": 0.00511431, "iv": 63.13, "instrument_name": "BTC-30DEC22-32000-C", "index_price": 19296.98, "direction": "buy", "amount": 0.2}, {"trade_seq": 1904, "trade_id": "232327705", "timestamp": 1666194956323, "tick_direction": 3, "price": 0.005, "mark_price": 0.00511152, "iv": 63.14, "instrument_name": "BTC-30DEC22-32000-C", "index_price": 19295.62, "direction": "buy", "amount": 0.2}, {"trade_seq": 1903, "trade_id": "232326411", "timestamp": 1666194255280, "tick_direction": 3, "price": 0.005, "mark_price": 0.00504852, "iv": 63.49, "instrument_name": "BTC-30DEC22-32000-C", "index_price": 19221.43, "direction": "buy", "amount": 0.2}, {"trade_seq": 1902, "trade_id": "232322896", "timestamp": 1666190403634, "tick_direction": 3, "price": 0.005, "mark_price": 0.00503625, "iv": 63.56, "instrument_name": "BTC-30DEC22-32000-C", "index_price": 19205.33, "direction": "buy", "amount": 0.2}, {"trade_seq": 1901, "trade_id": "232322895", "timestamp": 1666190401044, "tick_direction": 3, "price": 0.005, "mark_price": 0.00503369, "iv": 63.56, "instrument_name": "BTC-30DEC22-32000-C", "index_price": 19205.51, "direction": "buy", "amount": 0.6}, {"trade_seq": 1900, "trade_id": "232322892", "timestamp": 1666190399004, "tick_direction": 3, "price": 0.005, "mark_price": 0.00503294, "iv": 63.57, "instrument_name": "BTC-30DEC22-32000-C", "index_price": 19204.5, "direction": "buy", "amount": 1.2}, {"trade_seq": 1899, "trade_id": "232322024", "timestamp": 1666189357041, "tick_direction": 2, "price": 0.005, "mark_price": 0.00523707, "iv": 63.53, "instrument_name": "BTC-30DEC22-32000-C", "index_price": 19211.76, "direction": "sell", "amount": 7.5}, {"trade_seq": 1898, "trade_id": "232290199", "timestamp": 1666149586035, "tick_direction": 3, "price": 0.0055, "mark_price": 0.00537975, "iv": 64.09, "instrument_name": "BTC-30DEC22-32000-C", "index_price": 19276.36, "direction": "buy", "amount": 0.5}, {"trade_seq": 1897, "trade_id": "232290197", "timestamp": 1666149585996, "tick_direction": 3, "price": 0.0055, "mark_price": 0.00537975, "iv": 64.09, "instrument_name": "BTC-30DEC22-32000-C", "index_price": 19276.36, "direction": "buy", "amount": 0.5}, {"trade_seq": 1896, "trade_id": "232268685", "timestamp": 1666119351290, "tick_direction": 3, "price": 0.0055, "mark_price": 0.0057008, "iv": 64.41, "instrument_name": "BTC-30DEC22-32000-C", "index_price": 19188.9, "direction": "sell", "amount": 5.0}, {"trade_seq": 1895, "trade_id": "232268679", "timestamp": 1666119347185, "tick_direction": 3, "price": 0.0055, "mark_price": 0.00569148, "iv": 64.44, "instrument_name": "BTC-30DEC22-32000-C", "index_price": 19185.32, "direction": "sell", "amount": 5.0}, {"trade_seq": 1894, "trade_id": "232268678", "timestamp": 1666119347185, "tick_direction": 3, "price": 0.0055, "mark_price": 0.00569148, "iv": 64.44, "instrument_name": "BTC-30DEC22-32000-C", "index_price": 19185.32, "direction": "sell", "amount": 9.1}, {"trade_seq": 1893, "trade_id": "232247219", "timestamp": 1666103924295, "tick_direction": 3, "price": 0.0055, "mark_price": 0.00561359, "iv": 63.29, "instrument_name": "BTC-30DEC22-32000-C", "index_price": 19392.3, "direction": "sell", "amount": 0.1}, {"trade_seq": 1892, "trade_id": "232246621", "timestamp": 1666103733416, "tick_direction": 2, "price": 0.0055, "mark_price": 0.00562838, "iv": 63.15, "instrument_name": "BTC-30DEC22-32000-C", "index_price": 19415.26, "direction": "sell", "amount": 0.1}, {"trade_seq": 1891, "trade_id": "232224801", "timestamp": 1666080393082, "tick_direction": 1, "price": 0.0065, "mark_price": 0.00622892, "iv": 63.91, "instrument_name": "BTC-30DEC22-32000-C", "index_price": 19636.91, "direction": "buy", "amount": 0.1}, {"trade_seq": 1890, "trade_id": "232217314", "timestamp": 1666075683357, "tick_direction": 1, "price": 0.0065, "mark_price": 0.00637524, "iv": 63.8, "instrument_name": "BTC-30DEC22-32000-C", "index_price": 19652.6, "direction": "buy", "amount": 0.1}, {"trade_seq": 1889, "trade_id": "232217313", "timestamp": 1666075683222, "tick_direction": 1, "price": 0.0065, "mark_price": 0.00637524, "iv": 63.8, "instrument_name": "BTC-30DEC22-32000-C", "index_price": 19652.6, "direction": "buy", "amount": 0.1}, {"trade_seq": 1888, "trade_id": "232217312", "timestamp": 1666075683136, "tick_direction": 1, "price": 0.0065, "mark_price": 0.00637524, "iv": 63.8, "instrument_name": "BTC-30DEC22-32000-C", "index_price": 19652.6, "direction": "buy", "amount": 0.3}, {"trade_seq": 1887, "trade_id": "232217311", "timestamp": 1666075683119, "tick_direction": 1, "price": 0.0065, "mark_price": 0.00637524, "iv": 63.8, "instrument_name": "BTC-30DEC22-32000-C", "index_price": 19652.6, "direction": "buy", "amount": 0.4}, {"trade_seq": 1886, "trade_id": "232216931", "timestamp": 1666075464474, "tick_direction": 1, "price": 0.0065, "mark_price": 0.00644681, "iv": 63.64, "instrument_name": "BTC-30DEC22-32000-C", "index_price": 19682.49, "direction": "buy", "amount": 0.3}, {"trade_seq": 1885, "trade_id": "232216930", "timestamp": 1666075463861, "tick_direction": 1, "price": 0.0065, "mark_price": 0.00645262, "iv": 63.64, "instrument_name": "BTC-30DEC22-32000-C", "index_price": 19682.49, "direction": "buy", "amount": 0.4}, {"trade_seq": 1884, "trade_id": "232216929", "timestamp": 1666075463839, "tick_direction": 1, "price": 0.0065, "mark_price": 0.00645262, "iv": 63.64, "instrument_name": "BTC-30DEC22-32000-C", "index_price": 19682.49, "direction": "buy", "amount": 0.6}, {"trade_seq": 1883, "trade_id": "232216928", "timestamp": 1666075462784, "tick_direction": 1, "price": 0.0065, "mark_price": 0.00646206, "iv": 63.63, "instrument_name": "BTC-30DEC22-32000-C", "index_price": 19684.34, "direction": "buy", "amount": 1.0}, {"trade_seq": 1882, "trade_id": "232216446", "timestamp": 1666075264199, "tick_direction": 1, "price": 0.0065, "mark_price": 0.00635452, "iv": 63.79, "instrument_name": "BTC-30DEC22-32000-C", "index_price": 19657.22, "direction": "buy", "amount": 0.1}, {"trade_seq": 1881, "trade_id": "232216443", "timestamp": 1666075264170, "tick_direction": 1, "price": 0.0065, "mark_price": 0.00635452, "iv": 63.79, "instrument_name": "BTC-30DEC22-32000-C", "index_price": 19657.22, "direction": "buy", "amount": 0.3}, {"trade_seq": 1880, "trade_id": "232216423", "timestamp": 1666075261535, "tick_direction": 0, "price": 0.0065, "mark_price": 0.00634947, "iv": 63.8, "instrument_name": "BTC-30DEC22-32000-C", "index_price": 19655.82, "direction": "buy", "amount": 0.1}, {"trade_seq": 1879, "trade_id": "232206206", "timestamp": 1666055799874, "tick_direction": 1, "price": 0.006, "mark_price": 0.00572965, "iv": 63.02, "instrument_name": "BTC-30DEC22-32000-C", "index_price": 19595.19, "direction": "buy", "amount": 0.1}, {"trade_seq": 1878, "trade_id": "232206200", "timestamp": 1666055793784, "tick_direction": 0, "price": 0.006, "mark_price": 0.00572651, "iv": 63.02, "instrument_name": "BTC-30DEC22-32000-C", "index_price": 19595.48, "direction": "buy", "amount": 0.1}, {"trade_seq": 1877, "trade_id": "232165499", "timestamp": 1666005902026, "tick_direction": 0, "price": 0.006, "mark_price": 0.00573771, "iv": 63.34, "instrument_name": "BTC-30DEC22-32000-C", "index_price": 19487.43, "direction": "buy", "amount": 0.1}, {"trade_seq": 1876, "trade_id": "232156585", "timestamp": 1665996916225, "tick_direction": 3, "price": 0.0055, "mark_price": 0.00574855, "iv": 63.41, "instrument_name": "BTC-30DEC22-32000-C", "index_price": 19263.27, "direction": "sell", "amount": 5.0}, {"trade_seq": 1875, "trade_id": "232111823", "timestamp": 1665897990791, "tick_direction": 3, "price": 0.0055, "mark_price": 0.00525144, "iv": 63.52, "instrument_name": "BTC-30DEC22-32000-C", "index_price": 19147.83, "direction": "buy", "amount": 4.7}, {"trade_seq": 1874, "trade_id": "232111822", "timestamp": 1665897990791, "tick_direction": 2, "price": 0.0055, "mark_price": 0.00525144, "iv": 63.52, "instrument_name": "BTC-30DEC22-32000-C", "index_price": 19147.83, "direction": "buy", "amount": 1.0}, {"trade_seq": 1873, "trade_id": "232104019", "timestamp": 1665873249426, "tick_direction": 0, "price": 0.006, "mark_price": 0.0054769, "iv": 64.74, "instrument_name": "BTC-30DEC22-32000-C", "index_price": 19085.95, "direction": "buy", "amount": 1.0}, {"trade_seq": 1872, "trade_id": "232103979", "timestamp": 1665873120148, "tick_direction": 3, "price": 0.0055, "mark_price": 0.00535265, "iv": 63.73, "instrument_name": "BTC-30DEC22-32000-C", "index_price": 19083.32, "direction": "buy", "amount": 0.2}, {"trade_seq": 1871, "trade_id": "232097481", "timestamp": 1665850206222, "tick_direction": 3, "price": 0.0055, "mark_price": 0.00548984, "iv": 63.33, "instrument_name": "BTC-30DEC22-32000-C", "index_price": 19135.25, "direction": "buy", "amount": 0.2}, {"trade_seq": 1870, "trade_id": "232097478", "timestamp": 1665850195665, "tick_direction": 3, "price": 0.0055, "mark_price": 0.00549115, "iv": 63.33, "instrument_name": "BTC-30DEC22-32000-C", "index_price": 19135.44, "direction": "buy", "amount": 0.2}, {"trade_seq": 1869, "trade_id": "232096529", "timestamp": 1665844681277, "tick_direction": 3, "price": 0.0055, "mark_price": 0.00535057, "iv": 63.22, "instrument_name": "BTC-30DEC22-32000-C", "index_price": 19145.0, "direction": "buy", "amount": 0.8}, {"trade_seq": 1868, "trade_id": "232096528", "timestamp": 1665844681268, "tick_direction": 2, "price": 0.0055, "mark_price": 0.00535057, "iv": 63.22, "instrument_name": "BTC-30DEC22-32000-C", "index_price": 19145.0, "direction": "sell", "amount": 0.2}, {"trade_seq": 1867, "trade_id": "232093894", "timestamp": 1665837810490, "tick_direction": 0, "price": 0.006, "mark_price": 0.00578043, "iv": 64.02, "instrument_name": "BTC-30DEC22-32000-C", "index_price": 19184.27, "direction": "sell", "amount": 0.2}, {"trade_seq": 1866, "trade_id": "232081629", "timestamp": 1665809013393, "tick_direction": 0, "price": 0.0055, "mark_price": 0.00546819, "iv": 62.88, "instrument_name": "BTC-30DEC22-32000-C", "index_price": 19186.13, "direction": "buy", "amount": 0.1}, {"trade_seq": 1865, "trade_id": "232078581", "timestamp": 1665794438133, "tick_direction": 3, "price": 0.005, "mark_price": 0.0054846, "iv": 61.65, "instrument_name": "BTC-30DEC22-32000-C", "index_price": 19197.99, "direction": "sell", "amount": 1.0}, {"trade_seq": 1864, "trade_id": "232076622", "timestamp": 1665785685239, "tick_direction": 2, "price": 0.005, "mark_price": 0.00546266, "iv": 62.05, "instrument_name": "BTC-30DEC22-32000-C", "index_price": 19116.34, "direction": "sell", "amount": 0.1}, {"trade_seq": 1863, "trade_id": "232071078", "timestamp": 1665775632275, "tick_direction": 3, "price": 0.0055, "mark_price": 0.00561163, "iv": 62.7, "instrument_name": "BTC-30DEC22-32000-C", "index_price": 19195.84, "direction": "buy", "amount": 0.1}, {"trade_seq": 1862, "trade_id": "232070487", "timestamp": 1665775189028, "tick_direction": 3, "price": 0.0055, "mark_price": 0.00563982, "iv": 62.94, "instrument_name": "BTC-30DEC22-32000-C", "index_price": 19148.0, "direction": "buy", "amount": 0.1}, {"trade_seq": 1861, "trade_id": "232067947", "timestamp": 1665773009918, "tick_direction": 2, "price": 0.0055, "mark_price": 0.00554389, "iv": 62.9, "instrument_name": "BTC-30DEC22-32000-C", "index_price": 19154.4, "direction": "sell", "amount": 0.1}, {"trade_seq": 1860, "trade_id": "232031110", "timestamp": 1665753798306, "tick_direction": 1, "price": 0.007, "mark_price": 0.00683605, "iv": 62.85, "instrument_name": "BTC-30DEC22-32000-C", "index_price": 19722.86, "direction": "buy", "amount": 1.1}, {"trade_seq": 1859, "trade_id": "232031109", "timestamp": 1665753798306, "tick_direction": 1, "price": 0.007, "mark_price": 0.00683605, "iv": 62.85, "instrument_name": "BTC-30DEC22-32000-C", "index_price": 19722.86, "direction": "buy", "amount": 0.9}, {"trade_seq": 1858, "trade_id": "232031108", "timestamp": 1665753798306, "tick_direction": 0, "price": 0.007, "mark_price": 0.00683605, "iv": 62.85, "instrument_name": "BTC-30DEC22-32000-C", "index_price": 19722.86, "direction": "buy", "amount": 4.0}, {"trade_seq": 1857, "trade_id": "232012803", "timestamp": 1665739896055, "tick_direction": 3, "price": 0.006, "mark_price": 0.00629215, "iv": 61.62, "instrument_name": "BTC-30DEC22-32000-C", "index_price": 19580.38, "direction": "buy", "amount": 0.1}, {"trade_seq": 1856, "trade_id": "232012802", "timestamp": 1665739896052, "tick_direction": 3, "price": 0.006, "mark_price": 0.00629215, "iv": 61.62, "instrument_name": "BTC-30DEC22-32000-C", "index_price": 19580.38, "direction": "sell", "amount": 4.0}, {"trade_seq": 1855, "trade_id": "232012801", "timestamp": 1665739896052, "tick_direction": 3, "price": 0.006, "mark_price": 0.00629215, "iv": 61.62, "instrument_name": "BTC-30DEC22-32000-C", "index_price": 19580.38, "direction": "sell", "amount": 0.9}, {"trade_seq": 1854, "trade_id": "232012800", "timestamp": 1665739882082, "tick_direction": 3, "price": 0.006, "mark_price": 0.00629719, "iv": 61.63, "instrument_name": "BTC-30DEC22-32000-C", "index_price": 19579.96, "direction": "sell", "amount": 5.0}, {"trade_seq": 1853, "trade_id": "232005976", "timestamp": 1665734845108, "tick_direction": 3, "price": 0.006, "mark_price": 0.00682883, "iv": 61.29, "instrument_name": "BTC-30DEC22-32000-C", "index_price": 19639.62, "direction": "sell", "amount": 1.0}, {"trade_seq": 1852, "trade_id": "232005968", "timestamp": 1665734840297, "tick_direction": 3, "price": 0.006, "mark_price": 0.0068296, "iv": 61.3, "instrument_name": "BTC-30DEC22-32000-C", "index_price": 19638.36, "direction": "sell", "amount": 0.7}, {"trade_seq": 1851, "trade_id": "232005967", "timestamp": 1665734840297, "tick_direction": 3, "price": 0.006, "mark_price": 0.0068296, "iv": 61.3, "instrument_name": "BTC-30DEC22-32000-C", "index_price": 19638.36, "direction": "sell", "amount": 0.1}, {"trade_seq": 1850, "trade_id": "232005966", "timestamp": 1665734840297, "tick_direction": 2, "price": 0.006, "mark_price": 0.0068296, "iv": 61.3, "instrument_name": "BTC-30DEC22-32000-C", "index_price": 19638.36, "direction": "sell", "amount": 0.2}, {"trade_seq": 1849, "trade_id": "231985759", "timestamp": 1665718256786, "tick_direction": 2, "price": 0.0085, "mark_price": 0.00866052, "iv": 64.59, "instrument_name": "BTC-30DEC22-32000-C", "index_price": 19821.93, "direction": "sell", "amount": 1.0}, {"trade_seq": 1848, "trade_id": "231983629", "timestamp": 1665716594636, "tick_direction": 0, "price": 0.009, "mark_price": 0.0084628, "iv": 65.38, "instrument_name": "BTC-30DEC22-32000-C", "index_price": 19822.84, "direction": "buy", "amount": 0.5}, {"trade_seq": 1847, "trade_id": "231973456", "timestamp": 1665712184536, "tick_direction": 1, "price": 0.0085, "mark_price": 0.00857447, "iv": 64.31, "instrument_name": "BTC-30DEC22-32000-C", "index_price": 19870.77, "direction": "buy", "amount": 0.9}, {"trade_seq": 1846, "trade_id": "231959701", "timestamp": 1665697861970, "tick_direction": 0, "price": 0.0085, "mark_price": 0.00802758, "iv": 66.69, "instrument_name": "BTC-30DEC22-32000-C", "index_price": 19401.99, "direction": "buy", "amount": 0.1}, {"trade_seq": 1845, "trade_id": "231888832", "timestamp": 1665669621383, "tick_direction": 2, "price": 0.0065, "mark_price": 0.00634855, "iv": 68.26, "instrument_name": "BTC-30DEC22-32000-C", "index_price": 18419.66, "direction": "buy", "amount": 0.9}, {"trade_seq": 1844, "trade_id": "231825422", "timestamp": 1665656848227, "tick_direction": 3, "price": 0.008, "mark_price": 0.00794611, "iv": 68.77, "instrument_name": "BTC-30DEC22-32000-C", "index_price": 18826.35, "direction": "sell", "amount": 1.0}, {"trade_seq": 1843, "trade_id": "231806253", "timestamp": 1665643236388, "tick_direction": 3, "price": 0.008, "mark_price": 0.00823207, "iv": 67.44, "instrument_name": "BTC-30DEC22-32000-C", "index_price": 19064.99, "direction": "sell", "amount": 1.0}, {"trade_seq": 1842, "trade_id": "231761909", "timestamp": 1665568902075, "tick_direction": 3, "price": 0.008, "mark_price": 0.00787304, "iv": 66.43, "instrument_name": "BTC-30DEC22-32000-C", "index_price": 19174.25, "direction": "buy", "amount": 0.1}, {"trade_seq": 1841, "trade_id": "231761907", "timestamp": 1665568902030, "tick_direction": 3, "price": 0.008, "mark_price": 0.00787304, "iv": 66.43, "instrument_name": "BTC-30DEC22-32000-C", "index_price": 19174.25, "direction": "buy", "amount": 0.1}, {"trade_seq": 1840, "trade_id": "231761901", "timestamp": 1665568896777, "tick_direction": 3, "price": 0.008, "mark_price": 0.00787054, "iv": 66.43, "instrument_name": "BTC-30DEC22-32000-C", "index_price": 19173.69, "direction": "buy", "amount": 0.1}, {"trade_seq": 1839, "trade_id": "231761900", "timestamp": 1665568892735, "tick_direction": 3, "price": 0.008, "mark_price": 0.00786992, "iv": 66.44, "instrument_name": "BTC-30DEC22-32000-C", "index_price": 19173.56, "direction": "buy", "amount": 0.2}, {"trade_seq": 1838, "trade_id": "231761899", "timestamp": 1665568884636, "tick_direction": 3, "price": 0.008, "mark_price": 0.00787534, "iv": 66.43, "instrument_name": "BTC-30DEC22-32000-C", "index_price": 19174.84, "direction": "buy", "amount": 0.1}, {"trade_seq": 1837, "trade_id": "231761851", "timestamp": 1665568608128, "tick_direction": 3, "price": 0.008, "mark_price": 0.00786015, "iv": 66.4, "instrument_name": "BTC-30DEC22-32000-C", "index_price": 19179.32, "direction": "buy", "amount": 0.1}, {"trade_seq": 1836, "trade_id": "231761850", "timestamp": 1665568608108, "tick_direction": 3, "price": 0.008, "mark_price": 0.00786015, "iv": 66.4, "instrument_name": "BTC-30DEC22-32000-C", "index_price": 19179.32, "direction": "buy", "amount": 0.1}, {"trade_seq": 1835, "trade_id": "231761849", "timestamp": 1665568606128, "tick_direction": 2, "price": 0.008, "mark_price": 0.0078613, "iv": 66.4, "instrument_name": "BTC-30DEC22-32000-C", "index_price": 19179.18, "direction": "buy", "amount": 0.2}, {"trade_seq": 1834, "trade_id": "231713015", "timestamp": 1665497655702, "tick_direction": 1, "price": 0.0085, "mark_price": 0.00839344, "iv": 67.87, "instrument_name": "BTC-30DEC22-32000-C", "index_price": 18994.79, "direction": "buy", "amount": 0.1}, {"trade_seq": 1833, "trade_id": "231713003", "timestamp": 1665497653613, "tick_direction": 1, "price": 0.0085, "mark_price": 0.00839967, "iv": 67.86, "instrument_name": "BTC-30DEC22-32000-C", "index_price": 18996.72, "direction": "buy", "amount": 0.1}, {"trade_seq": 1832, "trade_id": "231712999", "timestamp": 1665497651060, "tick_direction": 0, "price": 0.0085, "mark_price": 0.00840409, "iv": 67.86, "instrument_name": "BTC-30DEC22-32000-C", "index_price": 18998.32, "direction": "buy", "amount": 0.1}, {"trade_seq": 1831, "trade_id": "231687175", "timestamp": 1665477128040, "tick_direction": 1, "price": 0.008, "mark_price": 0.00824794, "iv": 66.3, "instrument_name": "BTC-30DEC22-32000-C", "index_price": 19109.65, "direction": "sell", "amount": 2.0}, {"trade_seq": 1830, "trade_id": "231668505", "timestamp": 1665455357678, "tick_direction": 1, "price": 0.008, "mark_price": 0.00797533, "iv": 66.66, "instrument_name": "BTC-30DEC22-32000-C", "index_price": 19024.86, "direction": "buy", "amount": 0.5}, {"trade_seq": 1829, "trade_id": "231665919", "timestamp": 1665453148895, "tick_direction": 0, "price": 0.008, "mark_price": 0.00799545, "iv": 66.63, "instrument_name": "BTC-30DEC22-32000-C", "index_price": 19029.62, "direction": "buy", "amount": 2.0}, {"trade_seq": 1828, "trade_id": "231655029", "timestamp": 1665444838109, "tick_direction": 2, "price": 0.0075, "mark_price": 0.00801495, "iv": 64.97, "instrument_name": "BTC-30DEC22-32000-C", "index_price": 19180.3, "direction": "sell", "amount": 0.1}, {"trade_seq": 1827, "trade_id": "231563953", "timestamp": 1665365101089, "tick_direction": 2, "price": 0.0085, "mark_price": 0.00847355, "iv": 64.65, "instrument_name": "BTC-30DEC22-32000-C", "index_price": 19488.07, "direction": "sell", "amount": 0.1}, {"trade_seq": 1826, "trade_id": "231523743", "timestamp": 1665297983897, "tick_direction": 3, "price": 0.009, "mark_price": 0.00894221, "iv": 65.56, "instrument_name": "BTC-30DEC22-32000-C", "index_price": 19412.3, "direction": "sell", "amount": 0.2}, {"trade_seq": 1825, "trade_id": "231516967", "timestamp": 1665283433508, "tick_direction": 3, "price": 0.009, "mark_price": 0.00883671, "iv": 65.66, "instrument_name": "BTC-30DEC22-32000-C", "index_price": 19382.9, "direction": "buy", "amount": 0.3}, {"trade_seq": 1824, "trade_id": "231516957", "timestamp": 1665283406647, "tick_direction": 2, "price": 0.009, "mark_price": 0.00884212, "iv": 65.64, "instrument_name": "BTC-30DEC22-32000-C", "index_price": 19386.71, "direction": "buy", "amount": 0.2}, {"trade_seq": 1823, "trade_id": "231468776", "timestamp": 1665178671244, "tick_direction": 0, "price": 0.0105, "mark_price": 0.01032342, "iv": 66.14, "instrument_name": "BTC-30DEC22-32000-C", "index_price": 19610.89, "direction": "buy", "amount": 1.0}, {"trade_seq": 1822, "trade_id": "231456685", "timestamp": 1665167395971, "tick_direction": 3, "price": 0.01, "mark_price": 0.01006682, "iv": 66.35, "instrument_name": "BTC-30DEC22-32000-C", "index_price": 19426.41, "direction": "sell", "amount": 0.1}, {"trade_seq": 1821, "trade_id": "231456684", "timestamp": 1665167390663, "tick_direction": 3, "price": 0.01, "mark_price": 0.01006808, "iv": 66.33, "instrument_name": "BTC-30DEC22-32000-C", "index_price": 19428.56, "direction": "sell", "amount": 0.1}, {"trade_seq": 1820, "trade_id": "231456683", "timestamp": 1665167390640, "tick_direction": 3, "price": 0.01, "mark_price": 0.01006808, "iv": 66.33, "instrument_name": "BTC-30DEC22-32000-C", "index_price": 19428.56, "direction": "sell", "amount": 0.1}, {"trade_seq": 1819, "trade_id": "231456511", "timestamp": 1665167177298, "tick_direction": 3, "price": 0.01, "mark_price": 0.01001452, "iv": 66.3, "instrument_name": "BTC-30DEC22-32000-C", "index_price": 19433.22, "direction": "sell", "amount": 0.1}, {"trade_seq": 1818, "trade_id": "231456509", "timestamp": 1665167177234, "tick_direction": 3, "price": 0.01, "mark_price": 0.01001452, "iv": 66.3, "instrument_name": "BTC-30DEC22-32000-C", "index_price": 19433.22, "direction": "sell", "amount": 0.1}, {"trade_seq": 1817, "trade_id": "231454978", "timestamp": 1665166609536, "tick_direction": 3, "price": 0.01, "mark_price": 0.01013513, "iv": 66.12, "instrument_name": "BTC-30DEC22-32000-C", "index_price": 19463.99, "direction": "sell", "amount": 0.1}, {"trade_seq": 1816, "trade_id": "231454972", "timestamp": 1665166603514, "tick_direction": 3, "price": 0.01, "mark_price": 0.0101265, "iv": 66.12, "instrument_name": "BTC-30DEC22-32000-C", "index_price": 19463.22, "direction": "sell", "amount": 0.1}, {"trade_seq": 1815, "trade_id": "231448759", "timestamp": 1665162749131, "tick_direction": 3, "price": 0.01, "mark_price": 0.01007458, "iv": 66.41, "instrument_name": "BTC-30DEC22-32000-C", "index_price": 19408.08, "direction": "sell", "amount": 0.1}, {"trade_seq": 1814, "trade_id": "231448758", "timestamp": 1665162749110, "tick_direction": 2, "price": 0.01, "mark_price": 0.01007458, "iv": 66.41, "instrument_name": "BTC-30DEC22-32000-C", "index_price": 19408.08, "direction": "sell", "amount": 0.1}, {"trade_seq": 1813, "trade_id": "231437904", "timestamp": 1665157354670, "tick_direction": 3, "price": 0.0105, "mark_price": 0.01060562, "iv": 66.37, "instrument_name": "BTC-30DEC22-32000-C", "index_price": 19547.02, "direction": "sell", "amount": 0.1}, {"trade_seq": 1812, "trade_id": "231437875", "timestamp": 1665157354586, "tick_direction": 3, "price": 0.0105, "mark_price": 0.01061461, "iv": 66.37, "instrument_name": "BTC-30DEC22-32000-C", "index_price": 19547.02, "direction": "sell", "amount": 0.1}, {"trade_seq": 1811, "trade_id": "231437863", "timestamp": 1665157353761, "tick_direction": 3, "price": 0.0105, "mark_price": 0.01061461, "iv": 66.35, "instrument_name": "BTC-30DEC22-32000-C", "index_price": 19549.63, "direction": "sell", "amount": 0.1}, {"trade_seq": 1810, "trade_id": "231437861", "timestamp": 1665157353746, "tick_direction": 3, "price": 0.0105, "mark_price": 0.01061461, "iv": 66.35, "instrument_name": "BTC-30DEC22-32000-C", "index_price": 19549.63, "direction": "sell", "amount": 0.1}, {"trade_seq": 1809, "trade_id": "231437857", "timestamp": 1665157353591, "tick_direction": 3, "price": 0.0105, "mark_price": 0.01061461, "iv": 66.35, "instrument_name": "BTC-30DEC22-32000-C", "index_price": 19549.63, "direction": "sell", "amount": 0.1}, {"trade_seq": 1808, "trade_id": "231437855", "timestamp": 1665157353466, "tick_direction": 3, "price": 0.0105, "mark_price": 0.01062741, "iv": 66.34, "instrument_name": "BTC-30DEC22-32000-C", "index_price": 19553.11, "direction": "sell", "amount": 0.1}, {"trade_seq": 1807, "trade_id": "231437854", "timestamp": 1665157353456, "tick_direction": 3, "price": 0.0105, "mark_price": 0.01062741, "iv": 66.34, "instrument_name": "BTC-30DEC22-32000-C", "index_price": 19553.11, "direction": "sell", "amount": 0.1}, {"trade_seq": 1806, "trade_id": "231437853", "timestamp": 1665157353443, "tick_direction": 3, "price": 0.0105, "mark_price": 0.01062741, "iv": 66.34, "instrument_name": "BTC-30DEC22-32000-C", "index_price": 19553.11, "direction": "sell", "amount": 0.1}, {"trade_seq": 1805, "trade_id": "231437852", "timestamp": 1665157353426, "tick_direction": 3, "price": 0.0105, "mark_price": 0.01062741, "iv": 66.34, "instrument_name": "BTC-30DEC22-32000-C", "index_price": 19553.11, "direction": "sell", "amount": 0.2}, {"trade_seq": 1804, "trade_id": "231437849", "timestamp": 1665157353381, "tick_direction": 3, "price": 0.0105, "mark_price": 0.01062741, "iv": 66.34, "instrument_name": "BTC-30DEC22-32000-C", "index_price": 19553.11, "direction": "sell", "amount": 0.1}, {"trade_seq": 1803, "trade_id": "231437833", "timestamp": 1665157351678, "tick_direction": 3, "price": 0.0105, "mark_price": 0.01062791, "iv": 66.34, "instrument_name": "BTC-30DEC22-32000-C", "index_price": 19553.28, "direction": "sell", "amount": 0.1}, {"trade_seq": 1802, "trade_id": "231437832", "timestamp": 1665157351664, "tick_direction": 3, "price": 0.0105, "mark_price": 0.01062791, "iv": 66.34, "instrument_name": "BTC-30DEC22-32000-C", "index_price": 19553.28, "direction": "sell", "amount": 0.1}, {"trade_seq": 1801, "trade_id": "231437829", "timestamp": 1665157351546, "tick_direction": 3, "price": 0.0105, "mark_price": 0.01064283, "iv": 66.34, "instrument_name": "BTC-30DEC22-32000-C", "index_price": 19553.28, "direction": "sell", "amount": 0.1}, {"trade_seq": 1800, "trade_id": "231437828", "timestamp": 1665157350755, "tick_direction": 3, "price": 0.0105, "mark_price": 0.01064283, "iv": 66.31, "instrument_name": "BTC-30DEC22-32000-C", "index_price": 19557.19, "direction": "sell", "amount": 0.1}, {"trade_seq": 1799, "trade_id": "231437797", "timestamp": 1665157336746, "tick_direction": 3, "price": 0.0105, "mark_price": 0.01066826, "iv": 66.28, "instrument_name": "BTC-30DEC22-32000-C", "index_price": 19562.8, "direction": "sell", "amount": 0.1}, {"trade_seq": 1798, "trade_id": "231437796", "timestamp": 1665157336730, "tick_direction": 3, "price": 0.0105, "mark_price": 0.01066826, "iv": 66.28, "instrument_name": "BTC-30DEC22-32000-C", "index_price": 19562.8, "direction": "sell", "amount": 0.1}, {"trade_seq": 1797, "trade_id": "231437795", "timestamp": 1665157336715, "tick_direction": 3, "price": 0.0105, "mark_price": 0.01066826, "iv": 66.28, "instrument_name": "BTC-30DEC22-32000-C", "index_price": 19562.8, "direction": "sell", "amount": 0.1}, {"trade_seq": 1796, "trade_id": "231437794", "timestamp": 1665157336684, "tick_direction": 3, "price": 0.0105, "mark_price": 0.01066826, "iv": 66.28, "instrument_name": "BTC-30DEC22-32000-C", "index_price": 19562.8, "direction": "sell", "amount": 0.1}, {"trade_seq": 1795, "trade_id": "231437782", "timestamp": 1665157332412, "tick_direction": 3, "price": 0.0105, "mark_price": 0.01067869, "iv": 66.27, "instrument_name": "BTC-30DEC22-32000-C", "index_price": 19563.39, "direction": "sell", "amount": 0.1}, {"trade_seq": 1794, "trade_id": "231437780", "timestamp": 1665157332398, "tick_direction": 3, "price": 0.0105, "mark_price": 0.01067869, "iv": 66.27, "instrument_name": "BTC-30DEC22-32000-C", "index_price": 19563.39, "direction": "sell", "amount": 0.1}, {"trade_seq": 1793, "trade_id": "231437777", "timestamp": 1665157332384, "tick_direction": 3, "price": 0.0105, "mark_price": 0.01067869, "iv": 66.27, "instrument_name": "BTC-30DEC22-32000-C", "index_price": 19563.39, "direction": "sell", "amount": 0.1}, {"trade_seq": 1792, "trade_id": "231437766", "timestamp": 1665157328880, "tick_direction": 3, "price": 0.0105, "mark_price": 0.01068146, "iv": 66.26, "instrument_name": "BTC-30DEC22-32000-C", "index_price": 19565.73, "direction": "sell", "amount": 0.1}, {"trade_seq": 1791, "trade_id": "231437765", "timestamp": 1665157325143, "tick_direction": 3, "price": 0.0105, "mark_price": 0.01068574, "iv": 66.25, "instrument_name": "BTC-30DEC22-32000-C", "index_price": 19566.36, "direction": "sell", "amount": 0.1}, {"trade_seq": 1790, "trade_id": "231437764", "timestamp": 1665157325134, "tick_direction": 3, "price": 0.0105, "mark_price": 0.01068574, "iv": 66.25, "instrument_name": "BTC-30DEC22-32000-C", "index_price": 19566.36, "direction": "sell", "amount": 0.1}, {"trade_seq": 1789, "trade_id": "231437762", "timestamp": 1665157324094, "tick_direction": 2, "price": 0.0105, "mark_price": 0.01068502, "iv": 66.25, "instrument_name": "BTC-30DEC22-32000-C", "index_price": 19566.04, "direction": "sell", "amount": 0.2}, {"trade_seq": 1788, "trade_id": "231418997", "timestamp": 1665148609423, "tick_direction": 0, "price": 0.0115, "mark_price": 0.01074168, "iv": 67.28, "instrument_name": "BTC-30DEC22-32000-C", "index_price": 19622.52, "direction": "buy", "amount": 25.0}, {"trade_seq": 1787, "trade_id": "231418856", "timestamp": 1665148496050, "tick_direction": 3, "price": 0.011, "mark_price": 0.01070805, "iv": 66.5, "instrument_name": "BTC-30DEC22-32000-C", "index_price": 19638.91, "direction": "buy", "amount": 16.9}, {"trade_seq": 1786, "trade_id": "231418855", "timestamp": 1665148496050, "tick_direction": 3, "price": 0.011, "mark_price": 0.01070805, "iv": 66.5, "instrument_name": "BTC-30DEC22-32000-C", "index_price": 19638.91, "direction": "buy", "amount": 4.0}, {"trade_seq": 1785, "trade_id": "231418854", "timestamp": 1665148496050, "tick_direction": 2, "price": 0.011, "mark_price": 0.01070805, "iv": 66.5, "instrument_name": "BTC-30DEC22-32000-C", "index_price": 19638.91, "direction": "buy", "amount": 4.1}, {"trade_seq": 1784, "trade_id": "231400564", "timestamp": 1665146240110, "tick_direction": 1, "price": 0.0115, "mark_price": 0.01129258, "iv": 66.13, "instrument_name": "BTC-30DEC22-32000-C", "index_price": 19831.65, "direction": "buy", "amount": 0.1}, {"trade_seq": 1783, "trade_id": "231400563", "timestamp": 1665146240097, "tick_direction": 1, "price": 0.0115, "mark_price": 0.01129258, "iv": 66.13, "instrument_name": "BTC-30DEC22-32000-C", "index_price": 19831.65, "direction": "buy", "amount": 0.1}, {"trade_seq": 1782, "trade_id": "231400562", "timestamp": 1665146240084, "tick_direction": 1, "price": 0.0115, "mark_price": 0.01129258, "iv": 66.13, "instrument_name": "BTC-30DEC22-32000-C", "index_price": 19831.65, "direction": "buy", "amount": 0.2}, {"trade_seq": 1781, "trade_id": "231400559", "timestamp": 1665146240065, "tick_direction": 1, "price": 0.0115, "mark_price": 0.01129258, "iv": 66.13, "instrument_name": "BTC-30DEC22-32000-C", "index_price": 19831.65, "direction": "buy", "amount": 0.1}, {"trade_seq": 1780, "trade_id": "231400558", "timestamp": 1665146240054, "tick_direction": 1, "price": 0.0115, "mark_price": 0.01129258, "iv": 66.13, "instrument_name": "BTC-30DEC22-32000-C", "index_price": 19831.65, "direction": "buy", "amount": 0.1}, {"trade_seq": 1779, "trade_id": "231400551", "timestamp": 1665146239547, "tick_direction": 1, "price": 0.0115, "mark_price": 0.01129105, "iv": 66.13, "instrument_name": "BTC-30DEC22-32000-C", "index_price": 19831.65, "direction": "buy", "amount": 0.1}, {"trade_seq": 1778, "trade_id": "231400550", "timestamp": 1665146239537, "tick_direction": 1, "price": 0.0115, "mark_price": 0.01129105, "iv": 66.13, "instrument_name": "BTC-30DEC22-32000-C", "index_price": 19831.65, "direction": "buy", "amount": 0.1}, {"trade_seq": 1777, "trade_id": "231400546", "timestamp": 1665146239503, "tick_direction": 1, "price": 0.0115, "mark_price": 0.01129105, "iv": 66.14, "instrument_name": "BTC-30DEC22-32000-C", "index_price": 19831.13, "direction": "buy", "amount": 0.1}, {"trade_seq": 1776, "trade_id": "231400545", "timestamp": 1665146239481, "tick_direction": 1, "price": 0.0115, "mark_price": 0.01129105, "iv": 66.14, "instrument_name": "BTC-30DEC22-32000-C", "index_price": 19831.13, "direction": "buy", "amount": 0.1}, {"trade_seq": 1775, "trade_id": "231400534", "timestamp": 1665146238472, "tick_direction": 1, "price": 0.0115, "mark_price": 0.01128364, "iv": 66.14, "instrument_name": "BTC-30DEC22-32000-C", "index_price": 19829.21, "direction": "buy", "amount": 0.1}, {"trade_seq": 1774, "trade_id": "231400532", "timestamp": 1665146238364, "tick_direction": 1, "price": 0.0115, "mark_price": 0.01128364, "iv": 66.14, "instrument_name": "BTC-30DEC22-32000-C", "index_price": 19829.21, "direction": "buy", "amount": 0.1}, {"trade_seq": 1773, "trade_id": "231400043", "timestamp": 1665146197792, "tick_direction": 1, "price": 0.0115, "mark_price": 0.01139764, "iv": 65.97, "instrument_name": "BTC-30DEC22-32000-C", "index_price": 19864.34, "direction": "buy", "amount": 0.2}, {"trade_seq": 1772, "trade_id": "231400042", "timestamp": 1665146197775, "tick_direction": 1, "price": 0.0115, "mark_price": 0.01139764, "iv": 65.97, "instrument_name": "BTC-30DEC22-32000-C", "index_price": 19864.34, "direction": "buy", "amount": 0.2}, {"trade_seq": 1771, "trade_id": "231397978", "timestamp": 1665145984095, "tick_direction": 1, "price": 0.0115, "mark_price": 0.01127216, "iv": 65.89, "instrument_name": "BTC-30DEC22-32000-C", "index_price": 19872.12, "direction": "sell", "amount": 6.0}, {"trade_seq": 1770, "trade_id": "231385427", "timestamp": 1665144860783, "tick_direction": 1, "price": 0.0115, "mark_price": 0.0112882, "iv": 65.3, "instrument_name": "BTC-30DEC22-32000-C", "index_price": 19988.42, "direction": "buy", "amount": 0.1}, {"trade_seq": 1769, "trade_id": "231385426", "timestamp": 1665144858870, "tick_direction": 1, "price": 0.0115, "mark_price": 0.01128721, "iv": 65.3, "instrument_name": "BTC-30DEC22-32000-C", "index_price": 19988.0, "direction": "buy", "amount": 0.1}, {"trade_seq": 1768, "trade_id": "231385425", "timestamp": 1665144858197, "tick_direction": 1, "price": 0.0115, "mark_price": 0.01128721, "iv": 65.3, "instrument_name": "BTC-30DEC22-32000-C", "index_price": 19987.89, "direction": "buy", "amount": 0.1}, {"trade_seq": 1767, "trade_id": "231385424", "timestamp": 1665144858176, "tick_direction": 1, "price": 0.0115, "mark_price": 0.01128721, "iv": 65.3, "instrument_name": "BTC-30DEC22-32000-C", "index_price": 19987.89, "direction": "buy", "amount": 0.1}, {"trade_seq": 1766, "trade_id": "231385423", "timestamp": 1665144857737, "tick_direction": 1, "price": 0.0115, "mark_price": 0.01127732, "iv": 65.3, "instrument_name": "BTC-30DEC22-32000-C", "index_price": 19987.89, "direction": "buy", "amount": 0.1}, {"trade_seq": 1765, "trade_id": "231385422", "timestamp": 1665144857728, "tick_direction": 1, "price": 0.0115, "mark_price": 0.01127732, "iv": 65.3, "instrument_name": "BTC-30DEC22-32000-C", "index_price": 19987.89, "direction": "buy", "amount": 0.2}, {"trade_seq": 1764, "trade_id": "231385420", "timestamp": 1665144857039, "tick_direction": 1, "price": 0.0115, "mark_price": 0.01127703, "iv": 65.31, "instrument_name": "BTC-30DEC22-32000-C", "index_price": 19985.41, "direction": "buy", "amount": 0.1}, {"trade_seq": 1763, "trade_id": "231385419", "timestamp": 1665144857027, "tick_direction": 1, "price": 0.0115, "mark_price": 0.01127703, "iv": 65.31, "instrument_name": "BTC-30DEC22-32000-C", "index_price": 19985.41, "direction": "buy", "amount": 0.2}, {"trade_seq": 1762, "trade_id": "231385415", "timestamp": 1665144857005, "tick_direction": 1, "price": 0.0115, "mark_price": 0.01127703, "iv": 65.31, "instrument_name": "BTC-30DEC22-32000-C", "index_price": 19985.41, "direction": "buy", "amount": 0.1}, {"trade_seq": 1761, "trade_id": "231385387", "timestamp": 1665144831835, "tick_direction": 1, "price": 0.0115, "mark_price": 0.01128627, "iv": 65.3, "instrument_name": "BTC-30DEC22-32000-C", "index_price": 19987.44, "direction": "buy", "amount": 0.1}, {"trade_seq": 1760, "trade_id": "231385386", "timestamp": 1665144830427, "tick_direction": 1, "price": 0.0115, "mark_price": 0.01128619, "iv": 65.3, "instrument_name": "BTC-30DEC22-32000-C", "index_price": 19986.55, "direction": "buy", "amount": 0.1}, {"trade_seq": 1759, "trade_id": "231385282", "timestamp": 1665144680370, "tick_direction": 1, "price": 0.0115, "mark_price": 0.01134091, "iv": 65.21, "instrument_name": "BTC-30DEC22-32000-C", "index_price": 20004.87, "direction": "buy", "amount": 0.1}, {"trade_seq": 1758, "trade_id": "231385267", "timestamp": 1665144664005, "tick_direction": 1, "price": 0.0115, "mark_price": 0.01134835, "iv": 65.2, "instrument_name": "BTC-30DEC22-32000-C", "index_price": 20006.22, "direction": "buy", "amount": 0.2}, {"trade_seq": 1757, "trade_id": "231385266", "timestamp": 1665144663489, "tick_direction": 1, "price": 0.0115, "mark_price": 0.01135107, "iv": 65.2, "instrument_name": "BTC-30DEC22-32000-C", "index_price": 20006.22, "direction": "buy", "amount": 0.1}, {"trade_seq": 1756, "trade_id": "231385265", "timestamp": 1665144662987, "tick_direction": 1, "price": 0.0115, "mark_price": 0.01135107, "iv": 65.2, "instrument_name": "BTC-30DEC22-32000-C", "index_price": 20007.08, "direction": "buy", "amount": 0.2}, {"trade_seq": 1755, "trade_id": "231385264", "timestamp": 1665144662688, "tick_direction": 1, "price": 0.0115, "mark_price": 0.01135612, "iv": 65.2, "instrument_name": "BTC-30DEC22-32000-C", "index_price": 20007.08, "direction": "buy", "amount": 0.3}, {"trade_seq": 1754, "trade_id": "231385245", "timestamp": 1665144600073, "tick_direction": 1, "price": 0.0115, "mark_price": 0.01133879, "iv": 65.19, "instrument_name": "BTC-30DEC22-32000-C", "index_price": 20008.39, "direction": "buy", "amount": 0.1}, {"trade_seq": 1753, "trade_id": "231385244", "timestamp": 1665144600065, "tick_direction": 1, "price": 0.0115, "mark_price": 0.01133879, "iv": 65.19, "instrument_name": "BTC-30DEC22-32000-C", "index_price": 20008.39, "direction": "buy", "amount": 0.2}, {"trade_seq": 1752, "trade_id": "231385243", "timestamp": 1665144599711, "tick_direction": 1, "price": 0.0115, "mark_price": 0.01133879, "iv": 65.19, "instrument_name": "BTC-30DEC22-32000-C", "index_price": 20008.39, "direction": "buy", "amount": 0.3}, {"trade_seq": 1751, "trade_id": "231385203", "timestamp": 1665144548322, "tick_direction": 1, "price": 0.0115, "mark_price": 0.01130381, "iv": 65.21, "instrument_name": "BTC-30DEC22-32000-C", "index_price": 20006.52, "direction": "buy", "amount": 0.1}, {"trade_seq": 1750, "trade_id": "231385189", "timestamp": 1665144512152, "tick_direction": 1, "price": 0.0115, "mark_price": 0.01131305, "iv": 65.2, "instrument_name": "BTC-30DEC22-32000-C", "index_price": 20009.17, "direction": "buy", "amount": 0.3}, {"trade_seq": 1749, "trade_id": "231385139", "timestamp": 1665144460764, "tick_direction": 1, "price": 0.0115, "mark_price": 0.01130984, "iv": 65.2, "instrument_name": "BTC-30DEC22-32000-C", "index_price": 20014.78, "direction": "buy", "amount": 0.5}, {"trade_seq": 1748, "trade_id": "231385138", "timestamp": 1665144460742, "tick_direction": 1, "price": 0.0115, "mark_price": 0.01130984, "iv": 65.2, "instrument_name": "BTC-30DEC22-32000-C", "index_price": 20014.78, "direction": "buy", "amount": 0.8}, {"trade_seq": 1747, "trade_id": "231385044", "timestamp": 1665144408578, "tick_direction": 1, "price": 0.0115, "mark_price": 0.01128776, "iv": 65.18, "instrument_name": "BTC-30DEC22-32000-C", "index_price": 20016.36, "direction": "buy", "amount": 0.1}, {"trade_seq": 1746, "trade_id": "231385043", "timestamp": 1665144403029, "tick_direction": 1, "price": 0.0115, "mark_price": 0.01129028, "iv": 65.18, "instrument_name": "BTC-30DEC22-32000-C", "index_price": 20017.67, "direction": "buy", "amount": 0.1}, {"trade_seq": 1745, "trade_id": "231385042", "timestamp": 1665144402507, "tick_direction": 1, "price": 0.0115, "mark_price": 0.01129028, "iv": 65.18, "instrument_name": "BTC-30DEC22-32000-C", "index_price": 20017.67, "direction": "buy", "amount": 0.1}, {"trade_seq": 1744, "trade_id": "231385041", "timestamp": 1665144400482, "tick_direction": 1, "price": 0.0115, "mark_price": 0.01128786, "iv": 65.18, "instrument_name": "BTC-30DEC22-32000-C", "index_price": 20017.26, "direction": "buy", "amount": 0.1}, {"trade_seq": 1743, "trade_id": "231385040", "timestamp": 1665144399574, "tick_direction": 1, "price": 0.0115, "mark_price": 0.01128212, "iv": 65.19, "instrument_name": "BTC-30DEC22-32000-C", "index_price": 20015.99, "direction": "buy", "amount": 0.1}, {"trade_seq": 1742, "trade_id": "231385030", "timestamp": 1665144399100, "tick_direction": 1, "price": 0.0115, "mark_price": 0.01126931, "iv": 65.2, "instrument_name": "BTC-30DEC22-32000-C", "index_price": 20012.62, "direction": "buy", "amount": 0.2}, {"trade_seq": 1741, "trade_id": "231384914", "timestamp": 1665144164499, "tick_direction": 1, "price": 0.0115, "mark_price": 0.0112557, "iv": 65.23, "instrument_name": "BTC-30DEC22-32000-C", "index_price": 20008.39, "direction": "buy", "amount": 0.1}, {"trade_seq": 1740, "trade_id": "231384913", "timestamp": 1665144164486, "tick_direction": 1, "price": 0.0115, "mark_price": 0.0112557, "iv": 65.23, "instrument_name": "BTC-30DEC22-32000-C", "index_price": 20008.39, "direction": "buy", "amount": 0.1}, {"trade_seq": 1739, "trade_id": "231384912", "timestamp": 1665144163685, "tick_direction": 1, "price": 0.0115, "mark_price": 0.0112559, "iv": 65.23, "instrument_name": "BTC-30DEC22-32000-C", "index_price": 20008.39, "direction": "buy", "amount": 0.1}, {"trade_seq": 1738, "trade_id": "231384911", "timestamp": 1665144157616, "tick_direction": 1, "price": 0.0115, "mark_price": 0.01125425, "iv": 65.23, "instrument_name": "BTC-30DEC22-32000-C", "index_price": 20008.35, "direction": "buy", "amount": 0.2}, {"trade_seq": 1737, "trade_id": "231384910", "timestamp": 1665144154750, "tick_direction": 1, "price": 0.0115, "mark_price": 0.01125385, "iv": 65.23, "instrument_name": "BTC-30DEC22-32000-C", "index_price": 20008.28, "direction": "buy", "amount": 0.1}, {"trade_seq": 1736, "trade_id": "231384909", "timestamp": 1665144151544, "tick_direction": 1, "price": 0.0115, "mark_price": 0.01125248, "iv": 65.23, "instrument_name": "BTC-30DEC22-32000-C", "index_price": 20008.24, "direction": "buy", "amount": 0.2}, {"trade_seq": 1735, "trade_id": "231384908", "timestamp": 1665144149517, "tick_direction": 1, "price": 0.0115, "mark_price": 0.01125396, "iv": 65.23, "instrument_name": "BTC-30DEC22-32000-C", "index_price": 20008.7, "direction": "buy", "amount": 0.2}, {"trade_seq": 1734, "trade_id": "231384907", "timestamp": 1665144134601, "tick_direction": 1, "price": 0.0115, "mark_price": 0.01125576, "iv": 65.23, "instrument_name": "BTC-30DEC22-32000-C", "index_price": 20010.08, "direction": "buy", "amount": 0.1}, {"trade_seq": 1733, "trade_id": "231384904", "timestamp": 1665144121204, "tick_direction": 1, "price": 0.0115, "mark_price": 0.01125063, "iv": 65.24, "instrument_name": "BTC-30DEC22-32000-C", "index_price": 20010.13, "direction": "buy", "amount": 0.1}, {"trade_seq": 1732, "trade_id": "231384896", "timestamp": 1665144104992, "tick_direction": 1, "price": 0.0115, "mark_price": 0.01125186, "iv": 65.24, "instrument_name": "BTC-30DEC22-32000-C", "index_price": 20007.76, "direction": "buy", "amount": 0.1}, {"trade_seq": 1731, "trade_id": "231384895", "timestamp": 1665144103735, "tick_direction": 1, "price": 0.0115, "mark_price": 0.01124748, "iv": 65.24, "instrument_name": "BTC-30DEC22-32000-C", "index_price": 20006.51, "direction": "buy", "amount": 0.1}, {"trade_seq": 1730, "trade_id": "231384806", "timestamp": 1665143981557, "tick_direction": 1, "price": 0.0115, "mark_price": 0.01125989, "iv": 65.22, "instrument_name": "BTC-30DEC22-32000-C", "index_price": 20003.87, "direction": "buy", "amount": 0.2}, {"trade_seq": 1729, "trade_id": "231384804", "timestamp": 1665143969429, "tick_direction": 1, "price": 0.0115, "mark_price": 0.01125978, "iv": 65.22, "instrument_name": "BTC-30DEC22-32000-C", "index_price": 20004.01, "direction": "buy", "amount": 0.2}, {"trade_seq": 1728, "trade_id": "231384803", "timestamp": 1665143965379, "tick_direction": 1, "price": 0.0115, "mark_price": 0.01126041, "iv": 65.22, "instrument_name": "BTC-30DEC22-32000-C", "index_price": 20004.21, "direction": "buy", "amount": 0.1}, {"trade_seq": 1727, "trade_id": "231384794", "timestamp": 1665143959300, "tick_direction": 1, "price": 0.0115, "mark_price": 0.01124919, "iv": 65.24, "instrument_name": "BTC-30DEC22-32000-C", "index_price": 20001.84, "direction": "buy", "amount": 0.1}, {"trade_seq": 1726, "trade_id": "231384792", "timestamp": 1665143951214, "tick_direction": 1, "price": 0.0115, "mark_price": 0.01125362, "iv": 65.23, "instrument_name": "BTC-30DEC22-32000-C", "index_price": 20003.05, "direction": "buy", "amount": 0.2}, {"trade_seq": 1725, "trade_id": "231384791", "timestamp": 1665143943110, "tick_direction": 1, "price": 0.0115, "mark_price": 0.01124784, "iv": 65.23, "instrument_name": "BTC-30DEC22-32000-C", "index_price": 20003.13, "direction": "buy", "amount": 0.1}, {"trade_seq": 1724, "trade_id": "231384790", "timestamp": 1665143942372, "tick_direction": 1, "price": 0.0115, "mark_price": 0.01124784, "iv": 65.24, "instrument_name": "BTC-30DEC22-32000-C", "index_price": 20001.64, "direction": "buy", "amount": 0.1}, {"trade_seq": 1723, "trade_id": "231384787", "timestamp": 1665143932995, "tick_direction": 1, "price": 0.0115, "mark_price": 0.01124002, "iv": 65.25, "instrument_name": "BTC-30DEC22-32000-C", "index_price": 20000.05, "direction": "buy", "amount": 0.1}, {"trade_seq": 1722, "trade_id": "231384786", "timestamp": 1665143932938, "tick_direction": 1, "price": 0.0115, "mark_price": 0.01124002, "iv": 65.25, "instrument_name": "BTC-30DEC22-32000-C", "index_price": 20000.05, "direction": "buy", "amount": 0.1}, {"trade_seq": 1721, "trade_id": "231384781", "timestamp": 1665143932589, "tick_direction": 1, "price": 0.0115, "mark_price": 0.01124002, "iv": 65.25, "instrument_name": "BTC-30DEC22-32000-C", "index_price": 20000.05, "direction": "buy", "amount": 0.1}, {"trade_seq": 1720, "trade_id": "231384777", "timestamp": 1665143928958, "tick_direction": 1, "price": 0.0115, "mark_price": 0.01124088, "iv": 65.25, "instrument_name": "BTC-30DEC22-32000-C", "index_price": 20000.22, "direction": "buy", "amount": 0.2}, {"trade_seq": 1719, "trade_id": "231384772", "timestamp": 1665143925830, "tick_direction": 1, "price": 0.0115, "mark_price": 0.01124391, "iv": 65.25, "instrument_name": "BTC-30DEC22-32000-C", "index_price": 20001.03, "direction": "buy", "amount": 0.2}, {"trade_seq": 1718, "trade_id": "231384771", "timestamp": 1665143925822, "tick_direction": 1, "price": 0.0115, "mark_price": 0.01124391, "iv": 65.25, "instrument_name": "BTC-30DEC22-32000-C", "index_price": 20001.03, "direction": "buy", "amount": 0.3}, {"trade_seq": 1717, "trade_id": "231384694", "timestamp": 1665143890485, "tick_direction": 1, "price": 0.0115, "mark_price": 0.01125611, "iv": 65.23, "instrument_name": "BTC-30DEC22-32000-C", "index_price": 20003.76, "direction": "buy", "amount": 0.8}, {"trade_seq": 1716, "trade_id": "231384689", "timestamp": 1665143888558, "tick_direction": 1, "price": 0.0115, "mark_price": 0.01126038, "iv": 65.22, "instrument_name": "BTC-30DEC22-32000-C", "index_price": 20005.0, "direction": "buy", "amount": 0.9}