{"trades": [{"trade_seq": 5966, "trade_id": "138474987", "timestamp": 1616624457218, "tick_direction": 2, "price": 0.304, "mark_price": 0.31552385, "iv": 0.0, "instrument_name": "BTC-26MAR21-36000-C", "index_price": 52419.43, "direction": "buy", "amount": 2.0}, {"trade_seq": 5965, "trade_id": "138261858", "timestamp": 1616592786399, "tick_direction": 0, "price": 0.37, "mark_price": 0.37043437, "iv": 0.0, "instrument_name": "BTC-26MAR21-36000-C", "index_price": 57144.52, "direction": "buy", "amount": 0.1}, {"trade_seq": 5964, "trade_id": "138004586", "timestamp": 1616516264615, "tick_direction": 0, "price": 0.342, "mark_price": 0.3465868, "iv": 0.0, "instrument_name": "BTC-26MAR21-36000-C", "index_price": 55044.15, "direction": "sell", "amount": 0.3}, {"trade_seq": 5963, "trade_id": "137937113", "timestamp": 1616491139406, "tick_direction": 2, "price": 0.3355, "mark_price": 0.33995377, "iv": 0.0, "instrument_name": "BTC-26MAR21-36000-C", "index_price": 54491.57, "direction": "sell", "amount": 5.5}, {"trade_seq": 5962, "trade_id": "137933117", "timestamp": 1616489210365, "tick_direction": 1, "price": 0.339, "mark_price": 0.33883882, "iv": 182.25, "instrument_name": "BTC-26MAR21-36000-C", "index_price": 54412.47, "direction": "buy", "amount": 0.3}, {"trade_seq": 5961, "trade_id": "137933107", "timestamp": 1616489209907, "tick_direction": 1, "price": 0.339, "mark_price": 0.33879255, "iv": 182.25, "instrument_name": "BTC-26MAR21-36000-C", "index_price": 54412.47, "direction": "buy", "amount": 0.1}, {"trade_seq": 5960, "trade_id": "137933106", "timestamp": 1616489209905, "tick_direction": 0, "price": 0.339, "mark_price": 0.33879255, "iv": 182.25, "instrument_name": "BTC-26MAR21-36000-C", "index_price": 54412.47, "direction": "buy", "amount": 0.6}, {"trade_seq": 5959, "trade_id": "137931120", "timestamp": 1616488583471, "tick_direction": 1, "price": 0.338, "mark_price": 0.33799175, "iv": 163.6, "instrument_name": "BTC-26MAR21-36000-C", "index_price": 54313.81, "direction": "buy", "amount": 0.2}, {"trade_seq": 5958, "trade_id": "137931119", "timestamp": 1616488583460, "tick_direction": 1, "price": 0.338, "mark_price": 0.33799175, "iv": 163.6, "instrument_name": "BTC-26MAR21-36000-C", "index_price": 54313.81, "direction": "buy", "amount": 0.4}, {"trade_seq": 5957, "trade_id": "137931117", "timestamp": 1616488583392, "tick_direction": 0, "price": 0.338, "mark_price": 0.33799175, "iv": 163.6, "instrument_name": "BTC-26MAR21-36000-C", "index_price": 54313.81, "direction": "buy", "amount": 0.4}, {"trade_seq": 5956, "trade_id": "137897311", "timestamp": 1616480740930, "tick_direction": 3, "price": 0.3265, "mark_price": 0.32605546, "iv": 171.84, "instrument_name": "BTC-26MAR21-36000-C", "index_price": 53431.21, "direction": "buy", "amount": 0.5}, {"trade_seq": 5955, "trade_id": "137897305", "timestamp": 1616480740916, "tick_direction": 3, "price": 0.3265, "mark_price": 0.32605546, "iv": 171.84, "instrument_name": "BTC-26MAR21-36000-C", "index_price": 53431.21, "direction": "buy", "amount": 0.1}, {"trade_seq": 5954, "trade_id": "137897301", "timestamp": 1616480740902, "tick_direction": 2, "price": 0.3265, "mark_price": 0.32605546, "iv": 171.84, "instrument_name": "BTC-26MAR21-36000-C", "index_price": 53431.21, "direction": "buy", "amount": 0.4}, {"trade_seq": 5953, "trade_id": "137264046", "timestamp": 1616219588641, "tick_direction": 2, "price": 0.3865, "mark_price": 0.38453896, "iv": 204.16, "instrument_name": "BTC-26MAR21-36000-C", "index_price": 58212.83, "direction": "buy", "amount": 2.0}, {"trade_seq": 5952, "trade_id": "136951668", "timestamp": 1616082361578, "tick_direction": 1, "price": 0.395, "mark_price": 0.3956226, "iv": 126.76, "instrument_name": "BTC-26MAR21-36000-C", "index_price": 59239.55, "direction": "buy", "amount": 5.3}, {"trade_seq": 5951, "trade_id": "136951653", "timestamp": 1616082361477, "tick_direction": 1, "price": 0.395, "mark_price": 0.3956226, "iv": 126.76, "instrument_name": "BTC-26MAR21-36000-C", "index_price": 59239.55, "direction": "buy", "amount": 0.8}, {"trade_seq": 5950, "trade_id": "136951623", "timestamp": 1616082361322, "tick_direction": 1, "price": 0.395, "mark_price": 0.39549032, "iv": 126.76, "instrument_name": "BTC-26MAR21-36000-C", "index_price": 59239.55, "direction": "buy", "amount": 1.0}, {"trade_seq": 5949, "trade_id": "136951622", "timestamp": 1616082361322, "tick_direction": 1, "price": 0.395, "mark_price": 0.39549032, "iv": 126.76, "instrument_name": "BTC-26MAR21-36000-C", "index_price": 59239.55, "direction": "buy", "amount": 12.0}, {"trade_seq": 5948, "trade_id": "136951616", "timestamp": 1616082361304, "tick_direction": 1, "price": 0.395, "mark_price": 0.39549032, "iv": 126.76, "instrument_name": "BTC-26MAR21-36000-C", "index_price": 59239.55, "direction": "buy", "amount": 1.5}, {"trade_seq": 5947, "trade_id": "136951602", "timestamp": 1616082361181, "tick_direction": 1, "price": 0.395, "mark_price": 0.39549032, "iv": 126.76, "instrument_name": "BTC-26MAR21-36000-C", "index_price": 59239.55, "direction": "buy", "amount": 1.0}, {"trade_seq": 5946, "trade_id": "136951540", "timestamp": 1616082360010, "tick_direction": 1, "price": 0.395, "mark_price": 0.39543736, "iv": 136.27, "instrument_name": "BTC-26MAR21-36000-C", "index_price": 59229.22, "direction": "buy", "amount": 0.2}, {"trade_seq": 5945, "trade_id": "136951539", "timestamp": 1616082360007, "tick_direction": 1, "price": 0.395, "mark_price": 0.39543736, "iv": 136.27, "instrument_name": "BTC-26MAR21-36000-C", "index_price": 59229.22, "direction": "buy", "amount": 0.8}, {"trade_seq": 5944, "trade_id": "136951538", "timestamp": 1616082360002, "tick_direction": 1, "price": 0.395, "mark_price": 0.39543736, "iv": 136.27, "instrument_name": "BTC-26MAR21-36000-C", "index_price": 59229.22, "direction": "buy", "amount": 10.4}, {"trade_seq": 5943, "trade_id": "136951531", "timestamp": 1616082359831, "tick_direction": 1, "price": 0.395, "mark_price": 0.39543736, "iv": 136.85, "instrument_name": "BTC-26MAR21-36000-C", "index_price": 59218.9, "direction": "buy", "amount": 0.9}, {"trade_seq": 5942, "trade_id": "136951282", "timestamp": 1616082340397, "tick_direction": 0, "price": 0.395, "mark_price": 0.39520181, "iv": 149.57, "instrument_name": "BTC-26MAR21-36000-C", "index_price": 59194.79, "direction": "buy", "amount": 0.1}, {"trade_seq": 5941, "trade_id": "136511705", "timestamp": 1615926907143, "tick_direction": 0, "price": 0.3645, "mark_price": 0.36545548, "iv": 126.52, "instrument_name": "BTC-26MAR21-36000-C", "index_price": 56331.47, "direction": "sell", "block_trade_id": "9397", "amount": 40.0}, {"trade_seq": 5940, "trade_id": "136319568", "timestamp": 1615860811605, "tick_direction": 2, "price": 0.335, "mark_price": 0.34381024, "iv": 0.0, "instrument_name": "BTC-26MAR21-36000-C", "index_price": 54410.21, "direction": "buy", "amount": 0.7}, {"trade_seq": 5939, "trade_id": "136189303", "timestamp": 1615824067846, "tick_direction": 2, "price": 0.36, "mark_price": 0.36367315, "iv": 0.0, "instrument_name": "BTC-26MAR21-36000-C", "index_price": 56117.12, "direction": "buy", "amount": 1.0}, {"trade_seq": 5938, "trade_id": "135682092", "timestamp": 1615677215730, "tick_direction": 0, "price": 0.422, "mark_price": 0.42237927, "iv": 130.91, "instrument_name": "BTC-26MAR21-36000-C", "index_price": 61207.71, "direction": "buy", "amount": 1.0}, {"trade_seq": 5937, "trade_id": "135526791", "timestamp": 1615633262935, "tick_direction": 1, "price": 0.408, "mark_price": 0.40744657, "iv": 141.79, "instrument_name": "BTC-26MAR21-36000-C", "index_price": 59633.67, "direction": "buy", "amount": 0.9}, {"trade_seq": 5936, "trade_id": "135526785", "timestamp": 1615633262701, "tick_direction": 0, "price": 0.408, "mark_price": 0.40744657, "iv": 142.7, "instrument_name": "BTC-26MAR21-36000-C", "index_price": 59625.42, "direction": "buy", "amount": 0.1}, {"trade_seq": 5935, "trade_id": "135496089", "timestamp": 1615630420254, "tick_direction": 0, "price": 0.4, "mark_price": 0.39985063, "iv": 133.6, "instrument_name": "BTC-26MAR21-36000-C", "index_price": 58755.16, "direction": "buy", "amount": 1.0}, {"trade_seq": 5934, "trade_id": "135409686", "timestamp": 1615584196650, "tick_direction": 2, "price": 0.3695, "mark_price": 0.36994981, "iv": 128.24, "instrument_name": "BTC-26MAR21-36000-C", "index_price": 56373.26, "direction": "sell", "block_trade_id": "9170", "amount": 25.0}, {"trade_seq": 5933, "trade_id": "135256131", "timestamp": 1615543740423, "tick_direction": 3, "price": 0.37, "mark_price": 0.37024945, "iv": 135.07, "instrument_name": "BTC-26MAR21-36000-C", "index_price": 56271.23, "direction": "sell", "amount": 0.5}, {"trade_seq": 5932, "trade_id": "135256093", "timestamp": 1615543739836, "tick_direction": 3, "price": 0.37, "mark_price": 0.37043386, "iv": 135.07, "instrument_name": "BTC-26MAR21-36000-C", "index_price": 56271.23, "direction": "sell", "amount": 0.1}, {"trade_seq": 5931, "trade_id": "135256092", "timestamp": 1615543739703, "tick_direction": 3, "price": 0.37, "mark_price": 0.37043386, "iv": 135.07, "instrument_name": "BTC-26MAR21-36000-C", "index_price": 56271.23, "direction": "sell", "amount": 0.2}, {"trade_seq": 5930, "trade_id": "135256089", "timestamp": 1615543739536, "tick_direction": 3, "price": 0.37, "mark_price": 0.37043386, "iv": 135.07, "instrument_name": "BTC-26MAR21-36000-C", "index_price": 56281.32, "direction": "sell", "amount": 0.1}, {"trade_seq": 5929, "trade_id": "135256087", "timestamp": 1615543739399, "tick_direction": 2, "price": 0.37, "mark_price": 0.37043386, "iv": 135.07, "instrument_name": "BTC-26MAR21-36000-C", "index_price": 56281.32, "direction": "sell", "amount": 0.1}, {"trade_seq": 5928, "trade_id": "135213305", "timestamp": 1615533770942, "tick_direction": 3, "price": 0.375, "mark_price": 0.37469839, "iv": 142.16, "instrument_name": "BTC-26MAR21-36000-C", "index_price": 56584.24, "direction": "sell", "amount": 0.1}, {"trade_seq": 5927, "trade_id": "135213304", "timestamp": 1615533770939, "tick_direction": 3, "price": 0.375, "mark_price": 0.37469839, "iv": 142.16, "instrument_name": "BTC-26MAR21-36000-C", "index_price": 56584.24, "direction": "sell", "amount": 0.3}, {"trade_seq": 5926, "trade_id": "135213296", "timestamp": 1615533770428, "tick_direction": 2, "price": 0.375, "mark_price": 0.37469839, "iv": 140.21, "instrument_name": "BTC-26MAR21-36000-C", "index_price": 56612.04, "direction": "sell", "amount": 0.6}, {"trade_seq": 5925, "trade_id": "135129530", "timestamp": 1615501198554, "tick_direction": 0, "price": 0.39, "mark_price": 0.3896347, "iv": 142.35, "instrument_name": "BTC-26MAR21-36000-C", "index_price": 57913.08, "direction": "buy", "amount": 0.1}, {"trade_seq": 5924, "trade_id": "135027192", "timestamp": 1615470446938, "tick_direction": 0, "price": 0.376, "mark_price": 0.3760097, "iv": 136.07, "instrument_name": "BTC-26MAR21-36000-C", "index_price": 56715.18, "direction": "buy", "amount": 0.3}, {"trade_seq": 5923, "trade_id": "134842270", "timestamp": 1615405906073, "tick_direction": 2, "price": 0.375, "mark_price": 0.3784136, "iv": 82.43, "instrument_name": "BTC-26MAR21-36000-C", "index_price": 56882.94, "direction": "sell", "amount": 0.1}, {"trade_seq": 5922, "trade_id": "134817744", "timestamp": 1615397624935, "tick_direction": 0, "price": 0.3765, "mark_price": 0.37855339, "iv": 112.69, "instrument_name": "BTC-26MAR21-36000-C", "index_price": 56923.79, "direction": "buy", "amount": 0.1}, {"trade_seq": 5921, "trade_id": "134696407", "timestamp": 1615359524523, "tick_direction": 0, "price": 0.342, "mark_price": 0.34166074, "iv": 121.3, "instrument_name": "BTC-26MAR21-36000-C", "index_price": 53866.09, "direction": "buy", "amount": 2.0}, {"trade_seq": 5920, "trade_id": "134515728", "timestamp": 1615289313464, "tick_direction": 2, "price": 0.331, "mark_price": 0.34685458, "iv": 0.0, "instrument_name": "BTC-26MAR21-36000-C", "index_price": 54050.41, "direction": "sell", "amount": 0.2}, {"trade_seq": 5919, "trade_id": "134450604", "timestamp": 1615260627527, "tick_direction": 1, "price": 0.345, "mark_price": 0.34528069, "iv": 119.4, "instrument_name": "BTC-26MAR21-36000-C", "index_price": 53916.24, "direction": "buy", "amount": 0.8}, {"trade_seq": 5918, "trade_id": "134450603", "timestamp": 1615260627473, "tick_direction": 1, "price": 0.345, "mark_price": 0.34528069, "iv": 119.4, "instrument_name": "BTC-26MAR21-36000-C", "index_price": 53916.24, "direction": "buy", "amount": 0.1}, {"trade_seq": 5917, "trade_id": "134450547", "timestamp": 1615260618961, "tick_direction": 1, "price": 0.345, "mark_price": 0.34506151, "iv": 120.43, "instrument_name": "BTC-26MAR21-36000-C", "index_price": 53911.29, "direction": "buy", "amount": 0.1}, {"trade_seq": 5916, "trade_id": "134450544", "timestamp": 1615260618570, "tick_direction": 1, "price": 0.345, "mark_price": 0.34500079, "iv": 120.48, "instrument_name": "BTC-26MAR21-36000-C", "index_price": 53896.63, "direction": "buy", "amount": 0.1}, {"trade_seq": 5915, "trade_id": "134450543", "timestamp": 1615260618425, "tick_direction": 1, "price": 0.345, "mark_price": 0.34500079, "iv": 120.48, "instrument_name": "BTC-26MAR21-36000-C", "index_price": 53896.63, "direction": "buy", "amount": 0.2}, {"trade_seq": 5914, "trade_id": "134450542", "timestamp": 1615260618282, "tick_direction": 0, "price": 0.345, "mark_price": 0.34500079, "iv": 120.48, "instrument_name": "BTC-26MAR21-36000-C", "index_price": 53896.63, "direction": "buy", "amount": 0.2}, {"trade_seq": 5913, "trade_id": "134176652", "timestamp": 1615136867141, "tick_direction": 0, "price": 0.313, "mark_price": 0.31113223, "iv": 118.57, "instrument_name": "BTC-26MAR21-36000-C", "index_price": 51075.67, "direction": "buy", "amount": 0.2}, {"trade_seq": 5912, "trade_id": "133921682", "timestamp": 1614985568774, "tick_direction": 2, "price": 0.283, "mark_price": 0.28304526, "iv": 109.75, "instrument_name": "BTC-26MAR21-36000-C", "index_price": 49034.57, "direction": "buy", "amount": 0.2}, {"trade_seq": 5911, "trade_id": "133820259", "timestamp": 1614954520243, "tick_direction": 0, "price": 0.297, "mark_price": 0.27858145, "iv": 149.17, "instrument_name": "BTC-26MAR21-36000-C", "index_price": 48676.02, "direction": "buy", "amount": 0.5}, {"trade_seq": 5910, "trade_id": "133730897", "timestamp": 1614925799277, "tick_direction": 3, "price": 0.258, "mark_price": 0.25752415, "iv": 109.77, "instrument_name": "BTC-26MAR21-36000-C", "index_price": 47030.92, "direction": "sell", "amount": 0.1}, {"trade_seq": 5909, "trade_id": "133730896", "timestamp": 1614925799165, "tick_direction": 3, "price": 0.258, "mark_price": 0.25752415, "iv": 109.77, "instrument_name": "BTC-26MAR21-36000-C", "index_price": 47030.92, "direction": "sell", "amount": 0.2}, {"trade_seq": 5908, "trade_id": "133730888", "timestamp": 1614925797649, "tick_direction": 3, "price": 0.258, "mark_price": 0.25757947, "iv": 109.57, "instrument_name": "BTC-26MAR21-36000-C", "index_price": 47037.47, "direction": "sell", "amount": 0.1}, {"trade_seq": 5907, "trade_id": "133730887", "timestamp": 1614925797613, "tick_direction": 3, "price": 0.258, "mark_price": 0.25757947, "iv": 109.57, "instrument_name": "BTC-26MAR21-36000-C", "index_price": 47037.47, "direction": "sell", "amount": 0.1}, {"trade_seq": 5906, "trade_id": "133730883", "timestamp": 1614925796876, "tick_direction": 3, "price": 0.258, "mark_price": 0.25766084, "iv": 109.57, "instrument_name": "BTC-26MAR21-36000-C", "index_price": 47041.89, "direction": "sell", "amount": 0.1}, {"trade_seq": 5905, "trade_id": "133730882", "timestamp": 1614925796744, "tick_direction": 3, "price": 0.258, "mark_price": 0.25766084, "iv": 109.46, "instrument_name": "BTC-26MAR21-36000-C", "index_price": 47041.89, "direction": "sell", "amount": 0.2}, {"trade_seq": 5904, "trade_id": "133730876", "timestamp": 1614925796314, "tick_direction": 3, "price": 0.258, "mark_price": 0.25766084, "iv": 109.46, "instrument_name": "BTC-26MAR21-36000-C", "index_price": 47041.89, "direction": "sell", "amount": 0.2}, {"trade_seq": 5903, "trade_id": "133730873", "timestamp": 1614925796156, "tick_direction": 3, "price": 0.258, "mark_price": 0.25766084, "iv": 109.46, "instrument_name": "BTC-26MAR21-36000-C", "index_price": 47041.89, "direction": "sell", "amount": 0.2}, {"trade_seq": 5902, "trade_id": "133730847", "timestamp": 1614925791901, "tick_direction": 3, "price": 0.258, "mark_price": 0.25808155, "iv": 108.49, "instrument_name": "BTC-26MAR21-36000-C", "index_price": 47072.18, "direction": "sell", "amount": 0.2}, {"trade_seq": 5901, "trade_id": "133730846", "timestamp": 1614925791878, "tick_direction": 3, "price": 0.258, "mark_price": 0.25808155, "iv": 108.49, "instrument_name": "BTC-26MAR21-36000-C", "index_price": 47072.18, "direction": "sell", "amount": 0.1}, {"trade_seq": 5900, "trade_id": "133730842", "timestamp": 1614925791727, "tick_direction": 2, "price": 0.258, "mark_price": 0.25808155, "iv": 108.49, "instrument_name": "BTC-26MAR21-36000-C", "index_price": 47072.18, "direction": "sell", "amount": 0.2}, {"trade_seq": 5899, "trade_id": "133730175", "timestamp": 1614925446363, "tick_direction": 3, "price": 0.259, "mark_price": 0.25872926, "iv": 109.52, "instrument_name": "BTC-26MAR21-36000-C", "index_price": 47128.06, "direction": "sell", "amount": 0.7}, {"trade_seq": 5898, "trade_id": "133730174", "timestamp": 1614925446352, "tick_direction": 2, "price": 0.259, "mark_price": 0.25872926, "iv": 109.52, "instrument_name": "BTC-26MAR21-36000-C", "index_price": 47128.06, "direction": "sell", "amount": 1.2}, {"trade_seq": 5897, "trade_id": "133730087", "timestamp": 1614925427155, "tick_direction": 1, "price": 0.2595, "mark_price": 0.25928082, "iv": 109.37, "instrument_name": "BTC-26MAR21-36000-C", "index_price": 47167.32, "direction": "sell", "amount": 1.0}, {"trade_seq": 5896, "trade_id": "133730067", "timestamp": 1614925423153, "tick_direction": 1, "price": 0.2595, "mark_price": 0.25929055, "iv": 109.33, "instrument_name": "BTC-26MAR21-36000-C", "index_price": 47172.14, "direction": "sell", "amount": 0.8}, {"trade_seq": 5895, "trade_id": "133730043", "timestamp": 1614925401304, "tick_direction": 1, "price": 0.2595, "mark_price": 0.25946552, "iv": 108.98, "instrument_name": "BTC-26MAR21-36000-C", "index_price": 47183.83, "direction": "sell", "amount": 0.1}, {"trade_seq": 5894, "trade_id": "133730030", "timestamp": 1614925391871, "tick_direction": 1, "price": 0.2595, "mark_price": 0.25967279, "iv": 108.73, "instrument_name": "BTC-26MAR21-36000-C", "index_price": 47192.87, "direction": "sell", "amount": 0.1}, {"trade_seq": 5893, "trade_id": "133730026", "timestamp": 1614925391633, "tick_direction": 1, "price": 0.2595, "mark_price": 0.25967279, "iv": 108.54, "instrument_name": "BTC-26MAR21-36000-C", "index_price": 47192.87, "direction": "sell", "amount": 0.1}, {"trade_seq": 5892, "trade_id": "133730025", "timestamp": 1614925391567, "tick_direction": 1, "price": 0.2595, "mark_price": 0.25967279, "iv": 108.54, "instrument_name": "BTC-26MAR21-36000-C", "index_price": 47192.87, "direction": "sell", "amount": 0.1}, {"trade_seq": 5891, "trade_id": "133730024", "timestamp": 1614925391500, "tick_direction": 0, "price": 0.2595, "mark_price": 0.25967988, "iv": 108.54, "instrument_name": "BTC-26MAR21-36000-C", "index_price": 47192.87, "direction": "sell", "amount": 0.3}, {"trade_seq": 5890, "trade_id": "133726188", "timestamp": 1614923290164, "tick_direction": 3, "price": 0.2575, "mark_price": 0.25696654, "iv": 109.37, "instrument_name": "BTC-26MAR21-36000-C", "index_price": 47037.59, "direction": "sell", "amount": 1.8}, {"trade_seq": 5889, "trade_id": "133726178", "timestamp": 1614923285017, "tick_direction": 2, "price": 0.2575, "mark_price": 0.25714146, "iv": 109.1, "instrument_name": "BTC-26MAR21-36000-C", "index_price": 47041.57, "direction": "sell", "amount": 0.1}, {"trade_seq": 5888, "trade_id": "133726121", "timestamp": 1614923253646, "tick_direction": 1, "price": 0.2585, "mark_price": 0.25790991, "iv": 109.48, "instrument_name": "BTC-26MAR21-36000-C", "index_price": 47102.39, "direction": "sell", "amount": 0.1}, {"trade_seq": 5887, "trade_id": "133726120", "timestamp": 1614923253587, "tick_direction": 1, "price": 0.2585, "mark_price": 0.25798165, "iv": 109.48, "instrument_name": "BTC-26MAR21-36000-C", "index_price": 47102.39, "direction": "sell", "amount": 0.1}, {"trade_seq": 5886, "trade_id": "133726119", "timestamp": 1614923253396, "tick_direction": 1, "price": 0.2585, "mark_price": 0.25798165, "iv": 109.48, "instrument_name": "BTC-26MAR21-36000-C", "index_price": 47102.39, "direction": "sell", "amount": 0.1}, {"trade_seq": 5885, "trade_id": "133726099", "timestamp": 1614923252621, "tick_direction": 1, "price": 0.2585, "mark_price": 0.25799676, "iv": 109.33, "instrument_name": "BTC-26MAR21-36000-C", "index_price": 47106.38, "direction": "sell", "amount": 1.1}, {"trade_seq": 5884, "trade_id": "133726086", "timestamp": 1614923237234, "tick_direction": 1, "price": 0.2585, "mark_price": 0.25832254, "iv": 108.6, "instrument_name": "BTC-26MAR21-36000-C", "index_price": 47128.42, "direction": "sell", "amount": 0.1}, {"trade_seq": 5883, "trade_id": "133726085", "timestamp": 1614923236668, "tick_direction": 1, "price": 0.2585, "mark_price": 0.25832254, "iv": 108.6, "instrument_name": "BTC-26MAR21-36000-C", "index_price": 47128.42, "direction": "sell", "amount": 0.1}, {"trade_seq": 5882, "trade_id": "133726026", "timestamp": 1614923159760, "tick_direction": 1, "price": 0.2585, "mark_price": 0.25814831, "iv": 108.97, "instrument_name": "BTC-26MAR21-36000-C", "index_price": 47115.36, "direction": "sell", "amount": 0.1}, {"trade_seq": 5881, "trade_id": "133726025", "timestamp": 1614923159694, "tick_direction": 0, "price": 0.2585, "mark_price": 0.25814831, "iv": 108.97, "instrument_name": "BTC-26MAR21-36000-C", "index_price": 47115.36, "direction": "sell", "amount": 0.1}, {"trade_seq": 5880, "trade_id": "133685592", "timestamp": 1614907194783, "tick_direction": 2, "price": 0.241, "mark_price": 0.2515517, "iv": 79.94, "instrument_name": "BTC-26MAR21-36000-C", "index_price": 46586.01, "direction": "buy", "amount": 0.1}, {"trade_seq": 5879, "trade_id": "133665359", "timestamp": 1614903529908, "tick_direction": 2, "price": 0.256, "mark_price": 0.25755158, "iv": 101.49, "instrument_name": "BTC-26MAR21-36000-C", "index_price": 47117.24, "direction": "buy", "amount": 0.5}, {"trade_seq": 5878, "trade_id": "133559096", "timestamp": 1614878826622, "tick_direction": 3, "price": 0.289, "mark_price": 0.28903941, "iv": 108.47, "instrument_name": "BTC-26MAR21-36000-C", "index_price": 49350.65, "direction": "sell", "amount": 0.1}, {"trade_seq": 5877, "trade_id": "133559085", "timestamp": 1614878823409, "tick_direction": 3, "price": 0.289, "mark_price": 0.28930787, "iv": 108.42, "instrument_name": "BTC-26MAR21-36000-C", "index_price": 49354.16, "direction": "sell", "amount": 0.1}, {"trade_seq": 5876, "trade_id": "133559084", "timestamp": 1614878823352, "tick_direction": 3, "price": 0.289, "mark_price": 0.28930787, "iv": 108.42, "instrument_name": "BTC-26MAR21-36000-C", "index_price": 49354.16, "direction": "sell", "amount": 0.5}, {"trade_seq": 5875, "trade_id": "133559083", "timestamp": 1614878823304, "tick_direction": 3, "price": 0.289, "mark_price": 0.28930787, "iv": 108.42, "instrument_name": "BTC-26MAR21-36000-C", "index_price": 49354.16, "direction": "sell", "amount": 0.2}, {"trade_seq": 5874, "trade_id": "133559082", "timestamp": 1614878823128, "tick_direction": 3, "price": 0.289, "mark_price": 0.28930787, "iv": 108.42, "instrument_name": "BTC-26MAR21-36000-C", "index_price": 49354.16, "direction": "sell", "amount": 0.4}, {"trade_seq": 5873, "trade_id": "133559071", "timestamp": 1614878821730, "tick_direction": 3, "price": 0.289, "mark_price": 0.28940651, "iv": 107.94, "instrument_name": "BTC-26MAR21-36000-C", "index_price": 49367.29, "direction": "sell", "amount": 0.1}, {"trade_seq": 5872, "trade_id": "133559070", "timestamp": 1614878821660, "tick_direction": 2, "price": 0.289, "mark_price": 0.28940651, "iv": 107.94, "instrument_name": "BTC-26MAR21-36000-C", "index_price": 49367.29, "direction": "sell", "amount": 0.1}, {"trade_seq": 5871, "trade_id": "133225671", "timestamp": 1614775374279, "tick_direction": 1, "price": 0.33, "mark_price": 0.32948533, "iv": 112.19, "instrument_name": "BTC-26MAR21-36000-C", "index_price": 52238.18, "direction": "buy", "amount": 0.4}, {"trade_seq": 5870, "trade_id": "133225668", "timestamp": 1614775374092, "tick_direction": 0, "price": 0.33, "mark_price": 0.32948533, "iv": 112.19, "instrument_name": "BTC-26MAR21-36000-C", "index_price": 52238.18, "direction": "buy", "amount": 0.6}, {"trade_seq": 5869, "trade_id": "133165655", "timestamp": 1614759962388, "tick_direction": 1, "price": 0.31, "mark_price": 0.31044831, "iv": 106.39, "instrument_name": "BTC-26MAR21-36000-C", "index_price": 50748.3, "direction": "buy", "amount": 0.4}, {"trade_seq": 5868, "trade_id": "133165639", "timestamp": 1614759959973, "tick_direction": 1, "price": 0.31, "mark_price": 0.31041682, "iv": 106.46, "instrument_name": "BTC-26MAR21-36000-C", "index_price": 50743.72, "direction": "buy", "amount": 0.1}, {"trade_seq": 5867, "trade_id": "133165638", "timestamp": 1614759959803, "tick_direction": 1, "price": 0.31, "mark_price": 0.31040067, "iv": 106.54, "instrument_name": "BTC-26MAR21-36000-C", "index_price": 50743.04, "direction": "buy", "amount": 0.1}, {"trade_seq": 5866, "trade_id": "133165632", "timestamp": 1614759958877, "tick_direction": 1, "price": 0.31, "mark_price": 0.31037925, "iv": 106.54, "instrument_name": "BTC-26MAR21-36000-C", "index_price": 50743.04, "direction": "buy", "amount": 0.1}, {"trade_seq": 5865, "trade_id": "133165631", "timestamp": 1614759958633, "tick_direction": 1, "price": 0.31, "mark_price": 0.31037925, "iv": 106.6, "instrument_name": "BTC-26MAR21-36000-C", "index_price": 50741.52, "direction": "buy", "amount": 0.1}, {"trade_seq": 5864, "trade_id": "133165630", "timestamp": 1614759958489, "tick_direction": 0, "price": 0.31, "mark_price": 0.31037925, "iv": 106.6, "instrument_name": "BTC-26MAR21-36000-C", "index_price": 50741.52, "direction": "buy", "amount": 0.2}, {"trade_seq": 5863, "trade_id": "133109378", "timestamp": 1614728378544, "tick_direction": 0, "price": 0.28, "mark_price": 0.28045442, "iv": 105.67, "instrument_name": "BTC-26MAR21-36000-C", "index_price": 48466.68, "direction": "buy", "amount": 0.1}, {"trade_seq": 5862, "trade_id": "133047346", "timestamp": 1614704039002, "tick_direction": 2, "price": 0.2735, "mark_price": 0.2736194, "iv": 107.98, "instrument_name": "BTC-26MAR21-36000-C", "index_price": 47877.84, "direction": "sell", "amount": 0.1}, {"trade_seq": 5861, "trade_id": "133034217", "timestamp": 1614702683283, "tick_direction": 3, "price": 0.2835, "mark_price": 0.2839093, "iv": 107.47, "instrument_name": "BTC-26MAR21-36000-C", "index_price": 48635.69, "direction": "sell", "amount": 0.1}, {"trade_seq": 5860, "trade_id": "133034215", "timestamp": 1614702683117, "tick_direction": 3, "price": 0.2835, "mark_price": 0.2839093, "iv": 107.45, "instrument_name": "BTC-26MAR21-36000-C", "index_price": 48639.85, "direction": "sell", "amount": 0.2}, {"trade_seq": 5859, "trade_id": "133034212", "timestamp": 1614702683012, "tick_direction": 3, "price": 0.2835, "mark_price": 0.2839093, "iv": 107.45, "instrument_name": "BTC-26MAR21-36000-C", "index_price": 48639.85, "direction": "sell", "amount": 0.2}, {"trade_seq": 5858, "trade_id": "133034206", "timestamp": 1614702682798, "tick_direction": 2, "price": 0.2835, "mark_price": 0.28393784, "iv": 107.45, "instrument_name": "BTC-26MAR21-36000-C", "index_price": 48639.85, "direction": "sell", "amount": 0.1}, {"trade_seq": 5857, "trade_id": "133023008", "timestamp": 1614698379541, "tick_direction": 0, "price": 0.2845, "mark_price": 0.28478269, "iv": 108.85, "instrument_name": "BTC-26MAR21-36000-C", "index_price": 48692.47, "direction": "sell", "amount": 0.1}, {"trade_seq": 5856, "trade_id": "133022959", "timestamp": 1614698358663, "tick_direction": 2, "price": 0.284, "mark_price": 0.28447273, "iv": 108.45, "instrument_name": "BTC-26MAR21-36000-C", "index_price": 48660.92, "direction": "sell", "amount": 0.1}, {"trade_seq": 5855, "trade_id": "133009766", "timestamp": 1614694283721, "tick_direction": 1, "price": 0.295, "mark_price": 0.2952832, "iv": 109.18, "instrument_name": "BTC-26MAR21-36000-C", "index_price": 49439.2, "direction": "buy", "amount": 0.1}, {"trade_seq": 5854, "trade_id": "133009764", "timestamp": 1614694283270, "tick_direction": 1, "price": 0.295, "mark_price": 0.29524303, "iv": 109.28, "instrument_name": "BTC-26MAR21-36000-C", "index_price": 49428.87, "direction": "buy", "amount": 0.2}, {"trade_seq": 5853, "trade_id": "133009763", "timestamp": 1614694283228, "tick_direction": 1, "price": 0.295, "mark_price": 0.29524303, "iv": 109.28, "instrument_name": "BTC-26MAR21-36000-C", "index_price": 49428.87, "direction": "buy", "amount": 0.2}, {"trade_seq": 5852, "trade_id": "133009759", "timestamp": 1614694282982, "tick_direction": 1, "price": 0.295, "mark_price": 0.29524303, "iv": 109.28, "instrument_name": "BTC-26MAR21-36000-C", "index_price": 49428.87, "direction": "buy", "amount": 0.3}, {"trade_seq": 5851, "trade_id": "133009757", "timestamp": 1614694282828, "tick_direction": 0, "price": 0.295, "mark_price": 0.29524303, "iv": 109.28, "instrument_name": "BTC-26MAR21-36000-C", "index_price": 49428.87, "direction": "buy", "amount": 0.2}, {"trade_seq": 5850, "trade_id": "133006743", "timestamp": 1614693007265, "tick_direction": 0, "price": 0.2835, "mark_price": 0.28831833, "iv": 97.55, "instrument_name": "BTC-26MAR21-36000-C", "index_price": 48911.6, "direction": "sell", "amount": 0.1}, {"trade_seq": 5849, "trade_id": "132873670", "timestamp": 1614644732026, "tick_direction": 0, "price": 0.279, "mark_price": 0.30743879, "iv": 0.0, "instrument_name": "BTC-26MAR21-36000-C", "index_price": 50148.38, "direction": "sell", "amount": 0.2}, {"trade_seq": 5848, "trade_id": "132727392", "timestamp": 1614599117946, "tick_direction": 0, "price": 0.277, "mark_price": 0.27778902, "iv": 110.37, "instrument_name": "BTC-26MAR21-36000-C", "index_price": 47836.74, "direction": "buy", "amount": 3.0}, {"trade_seq": 5847, "trade_id": "132700189", "timestamp": 1614590212672, "tick_direction": 0, "price": 0.275, "mark_price": 0.27497904, "iv": 114.4, "instrument_name": "BTC-26MAR21-36000-C", "index_price": 47486.61, "direction": "buy", "amount": 0.1}, {"trade_seq": 5846, "trade_id": "132605699", "timestamp": 1614557886532, "tick_direction": 0, "price": 0.2625, "mark_price": 0.2615317, "iv": 118.93, "instrument_name": "BTC-26MAR21-36000-C", "index_price": 46277.26, "direction": "buy", "amount": 0.1}, {"trade_seq": 5845, "trade_id": "132570858", "timestamp": 1614546458885, "tick_direction": 3, "price": 0.25, "mark_price": 0.24925433, "iv": 117.78, "instrument_name": "BTC-26MAR21-36000-C", "index_price": 45410.94, "direction": "buy", "amount": 0.1}, {"trade_seq": 5844, "trade_id": "132285024", "timestamp": 1614467237962, "tick_direction": 3, "price": 0.25, "mark_price": 0.24881149, "iv": 110.97, "instrument_name": "BTC-26MAR21-36000-C", "index_price": 45503.76, "direction": "sell", "amount": 0.9}, {"trade_seq": 5843, "trade_id": "132285010", "timestamp": 1614467237785, "tick_direction": 3, "price": 0.25, "mark_price": 0.24888765, "iv": 110.78, "instrument_name": "BTC-26MAR21-36000-C", "index_price": 45505.4, "direction": "sell", "amount": 0.1}, {"trade_seq": 5842, "trade_id": "132285009", "timestamp": 1614467237751, "tick_direction": 3, "price": 0.25, "mark_price": 0.24888765, "iv": 110.78, "instrument_name": "BTC-26MAR21-36000-C", "index_price": 45505.4, "direction": "sell", "amount": 4.0}, {"trade_seq": 5841, "trade_id": "132285008", "timestamp": 1614467237743, "tick_direction": 3, "price": 0.25, "mark_price": 0.24888765, "iv": 110.78, "instrument_name": "BTC-26MAR21-36000-C", "index_price": 45505.4, "direction": "sell", "amount": 0.1}, {"trade_seq": 5840, "trade_id": "132285007", "timestamp": 1614467237592, "tick_direction": 3, "price": 0.25, "mark_price": 0.24888765, "iv": 110.78, "instrument_name": "BTC-26MAR21-36000-C", "index_price": 45505.4, "direction": "sell", "amount": 0.1}, {"trade_seq": 5839, "trade_id": "132285003", "timestamp": 1614467237471, "tick_direction": 3, "price": 0.25, "mark_price": 0.24888765, "iv": 110.78, "instrument_name": "BTC-26MAR21-36000-C", "index_price": 45505.4, "direction": "sell", "amount": 4.0}, {"trade_seq": 5838, "trade_id": "132285002", "timestamp": 1614467237467, "tick_direction": 3, "price": 0.25, "mark_price": 0.24888765, "iv": 110.78, "instrument_name": "BTC-26MAR21-36000-C", "index_price": 45505.4, "direction": "sell", "amount": 0.1}, {"trade_seq": 5837, "trade_id": "132284991", "timestamp": 1614467236439, "tick_direction": 3, "price": 0.25, "mark_price": 0.2489093, "iv": 110.67, "instrument_name": "BTC-26MAR21-36000-C", "index_price": 45512.92, "direction": "sell", "amount": 0.1}, {"trade_seq": 5836, "trade_id": "132284986", "timestamp": 1614467236252, "tick_direction": 3, "price": 0.25, "mark_price": 0.2489093, "iv": 110.67, "instrument_name": "BTC-26MAR21-36000-C", "index_price": 45512.92, "direction": "sell", "amount": 0.1}, {"trade_seq": 5835, "trade_id": "132284984", "timestamp": 1614467236186, "tick_direction": 3, "price": 0.25, "mark_price": 0.2489093, "iv": 110.67, "instrument_name": "BTC-26MAR21-36000-C", "index_price": 45512.92, "direction": "sell", "amount": 0.1}, {"trade_seq": 5834, "trade_id": "132284983", "timestamp": 1614467236034, "tick_direction": 3, "price": 0.25, "mark_price": 0.2489093, "iv": 110.67, "instrument_name": "BTC-26MAR21-36000-C", "index_price": 45512.92, "direction": "sell", "amount": 0.3}, {"trade_seq": 5833, "trade_id": "132284980", "timestamp": 1614467235792, "tick_direction": 3, "price": 0.25, "mark_price": 0.24892594, "iv": 110.63, "instrument_name": "BTC-26MAR21-36000-C", "index_price": 45517.57, "direction": "sell", "amount": 0.1}, {"trade_seq": 5832, "trade_id": "132284975", "timestamp": 1614467235588, "tick_direction": 3, "price": 0.25, "mark_price": 0.24892594, "iv": 110.63, "instrument_name": "BTC-26MAR21-36000-C", "index_price": 45517.57, "direction": "sell", "amount": 0.1}, {"trade_seq": 5831, "trade_id": "132284970", "timestamp": 1614467235437, "tick_direction": 3, "price": 0.25, "mark_price": 0.24892594, "iv": 110.63, "instrument_name": "BTC-26MAR21-36000-C", "index_price": 45517.57, "direction": "sell", "amount": 0.1}, {"trade_seq": 5830, "trade_id": "132284969", "timestamp": 1614467235315, "tick_direction": 3, "price": 0.25, "mark_price": 0.24892594, "iv": 110.63, "instrument_name": "BTC-26MAR21-36000-C", "index_price": 45517.57, "direction": "sell", "amount": 1.7}, {"trade_seq": 5829, "trade_id": "132284962", "timestamp": 1614467235132, "tick_direction": 3, "price": 0.25, "mark_price": 0.24892594, "iv": 110.63, "instrument_name": "BTC-26MAR21-36000-C", "index_price": 45517.57, "direction": "sell", "amount": 0.1}, {"trade_seq": 5828, "trade_id": "132284952", "timestamp": 1614467234582, "tick_direction": 3, "price": 0.25, "mark_price": 0.24892899, "iv": 110.6, "instrument_name": "BTC-26MAR21-36000-C", "index_price": 45518.88, "direction": "sell", "amount": 0.1}, {"trade_seq": 5827, "trade_id": "132284950", "timestamp": 1614467234471, "tick_direction": 3, "price": 0.25, "mark_price": 0.24892899, "iv": 110.6, "instrument_name": "BTC-26MAR21-36000-C", "index_price": 45518.88, "direction": "sell", "amount": 0.1}, {"trade_seq": 5826, "trade_id": "132284949", "timestamp": 1614467234428, "tick_direction": 3, "price": 0.25, "mark_price": 0.24892899, "iv": 110.6, "instrument_name": "BTC-26MAR21-36000-C", "index_price": 45518.88, "direction": "sell", "amount": 0.1}, {"trade_seq": 5825, "trade_id": "132284948", "timestamp": 1614467234318, "tick_direction": 3, "price": 0.25, "mark_price": 0.24892899, "iv": 110.6, "instrument_name": "BTC-26MAR21-36000-C", "index_price": 45518.88, "direction": "sell", "amount": 0.2}, {"trade_seq": 5824, "trade_id": "132284944", "timestamp": 1614467233763, "tick_direction": 3, "price": 0.25, "mark_price": 0.24901847, "iv": 110.47, "instrument_name": "BTC-26MAR21-36000-C", "index_price": 45525.17, "direction": "sell", "amount": 0.2}, {"trade_seq": 5823, "trade_id": "132284941", "timestamp": 1614467233563, "tick_direction": 3, "price": 0.25, "mark_price": 0.24901847, "iv": 110.47, "instrument_name": "BTC-26MAR21-36000-C", "index_price": 45525.17, "direction": "sell", "amount": 0.2}, {"trade_seq": 5822, "trade_id": "132284934", "timestamp": 1614467233308, "tick_direction": 3, "price": 0.25, "mark_price": 0.24901847, "iv": 110.47, "instrument_name": "BTC-26MAR21-36000-C", "index_price": 45525.17, "direction": "sell", "amount": 0.2}, {"trade_seq": 5821, "trade_id": "132284758", "timestamp": 1614467211937, "tick_direction": 3, "price": 0.25, "mark_price": 0.24921112, "iv": 110.17, "instrument_name": "BTC-26MAR21-36000-C", "index_price": 45534.21, "direction": "sell", "amount": 0.3}, {"trade_seq": 5820, "trade_id": "132284757", "timestamp": 1614467211743, "tick_direction": 3, "price": 0.25, "mark_price": 0.24928223, "iv": 110.17, "instrument_name": "BTC-26MAR21-36000-C", "index_price": 45534.21, "direction": "sell", "amount": 0.5}, {"trade_seq": 5819, "trade_id": "132284750", "timestamp": 1614467211597, "tick_direction": 3, "price": 0.25, "mark_price": 0.24928223, "iv": 110.17, "instrument_name": "BTC-26MAR21-36000-C", "index_price": 45539.29, "direction": "sell", "amount": 0.1}, {"trade_seq": 5818, "trade_id": "132284735", "timestamp": 1614467211218, "tick_direction": 3, "price": 0.25, "mark_price": 0.24928223, "iv": 110.17, "instrument_name": "BTC-26MAR21-36000-C", "index_price": 45539.29, "direction": "sell", "amount": 0.1}, {"trade_seq": 5817, "trade_id": "132284719", "timestamp": 1614467204656, "tick_direction": 3, "price": 0.25, "mark_price": 0.24929399, "iv": 110.03, "instrument_name": "BTC-26MAR21-36000-C", "index_price": 45546.76, "direction": "sell", "amount": 0.1}, {"trade_seq": 5816, "trade_id": "132284718", "timestamp": 1614467204485, "tick_direction": 3, "price": 0.25, "mark_price": 0.24929399, "iv": 110.04, "instrument_name": "BTC-26MAR21-36000-C", "index_price": 45546.36, "direction": "sell", "amount": 0.2}, {"trade_seq": 5815, "trade_id": "132284710", "timestamp": 1614467203716, "tick_direction": 3, "price": 0.25, "mark_price": 0.24935375, "iv": 110.04, "instrument_name": "BTC-26MAR21-36000-C", "index_price": 45546.36, "direction": "sell", "amount": 0.2}, {"trade_seq": 5814, "trade_id": "132284709", "timestamp": 1614467203560, "tick_direction": 3, "price": 0.25, "mark_price": 0.24935375, "iv": 109.95, "instrument_name": "BTC-26MAR21-36000-C", "index_price": 45548.77, "direction": "sell", "amount": 0.4}, {"trade_seq": 5813, "trade_id": "132284707", "timestamp": 1614467202952, "tick_direction": 3, "price": 0.25, "mark_price": 0.24935375, "iv": 109.95, "instrument_name": "BTC-26MAR21-36000-C", "index_price": 45548.77, "direction": "sell", "amount": 0.1}, {"trade_seq": 5812, "trade_id": "132284706", "timestamp": 1614467202900, "tick_direction": 3, "price": 0.25, "mark_price": 0.24935375, "iv": 109.95, "instrument_name": "BTC-26MAR21-36000-C", "index_price": 45548.77, "direction": "sell", "amount": 0.1}, {"trade_seq": 5811, "trade_id": "132284704", "timestamp": 1614467202819, "tick_direction": 3, "price": 0.25, "mark_price": 0.24935375, "iv": 109.95, "instrument_name": "BTC-26MAR21-36000-C", "index_price": 45548.77, "direction": "sell", "amount": 0.1}, {"trade_seq": 5810, "trade_id": "132284683", "timestamp": 1614467193286, "tick_direction": 3, "price": 0.25, "mark_price": 0.24931303, "iv": 109.91, "instrument_name": "BTC-26MAR21-36000-C", "index_price": 45556.98, "direction": "sell", "amount": 0.1}, {"trade_seq": 5809, "trade_id": "132284682", "timestamp": 1614467193038, "tick_direction": 3, "price": 0.25, "mark_price": 0.24931303, "iv": 109.91, "instrument_name": "BTC-26MAR21-36000-C", "index_price": 45556.98, "direction": "sell", "amount": 0.1}, {"trade_seq": 5808, "trade_id": "132284681", "timestamp": 1614467192820, "tick_direction": 3, "price": 0.25, "mark_price": 0.24931303, "iv": 110.02, "instrument_name": "BTC-26MAR21-36000-C", "index_price": 45556.98, "direction": "sell", "amount": 0.2}, {"trade_seq": 5807, "trade_id": "132284680", "timestamp": 1614467192661, "tick_direction": 3, "price": 0.25, "mark_price": 0.24926969, "iv": 110.02, "instrument_name": "BTC-26MAR21-36000-C", "index_price": 45556.98, "direction": "sell", "amount": 0.1}, {"trade_seq": 5806, "trade_id": "132284679", "timestamp": 1614467192633, "tick_direction": 3, "price": 0.25, "mark_price": 0.24926969, "iv": 110.02, "instrument_name": "BTC-26MAR21-36000-C", "index_price": 45556.98, "direction": "sell", "amount": 0.3}, {"trade_seq": 5805, "trade_id": "132284672", "timestamp": 1614467190201, "tick_direction": 3, "price": 0.25, "mark_price": 0.24924499, "iv": 110.11, "instrument_name": "BTC-26MAR21-36000-C", "index_price": 45548.11, "direction": "sell", "amount": 0.1}, {"trade_seq": 5804, "trade_id": "132284668", "timestamp": 1614467189594, "tick_direction": 3, "price": 0.25, "mark_price": 0.24935443, "iv": 110.12, "instrument_name": "BTC-26MAR21-36000-C", "index_price": 45548.11, "direction": "sell", "amount": 0.1}, {"trade_seq": 5803, "trade_id": "132284667", "timestamp": 1614467189279, "tick_direction": 3, "price": 0.25, "mark_price": 0.24935443, "iv": 109.95, "instrument_name": "BTC-26MAR21-36000-C", "index_price": 45557.36, "direction": "sell", "amount": 0.2}, {"trade_seq": 5802, "trade_id": "132284656", "timestamp": 1614467185985, "tick_direction": 3, "price": 0.25, "mark_price": 0.24941872, "iv": 109.86, "instrument_name": "BTC-26MAR21-36000-C", "index_price": 45562.6, "direction": "sell", "amount": 0.1}, {"trade_seq": 5801, "trade_id": "132284655", "timestamp": 1614467185928, "tick_direction": 3, "price": 0.25, "mark_price": 0.24941872, "iv": 109.86, "instrument_name": "BTC-26MAR21-36000-C", "index_price": 45562.6, "direction": "sell", "amount": 0.2}, {"trade_seq": 5800, "trade_id": "132284654", "timestamp": 1614467185845, "tick_direction": 3, "price": 0.25, "mark_price": 0.24941872, "iv": 109.86, "instrument_name": "BTC-26MAR21-36000-C", "index_price": 45562.6, "direction": "sell", "amount": 0.4}, {"trade_seq": 5799, "trade_id": "132284653", "timestamp": 1614467185761, "tick_direction": 3, "price": 0.25, "mark_price": 0.24941872, "iv": 109.86, "instrument_name": "BTC-26MAR21-36000-C", "index_price": 45562.6, "direction": "sell", "amount": 0.1}, {"trade_seq": 5798, "trade_id": "132284650", "timestamp": 1614467183127, "tick_direction": 3, "price": 0.25, "mark_price": 0.24938143, "iv": 109.91, "instrument_name": "BTC-26MAR21-36000-C", "index_price": 45560.54, "direction": "sell", "amount": 0.1}, {"trade_seq": 5797, "trade_id": "132284649", "timestamp": 1614467183034, "tick_direction": 3, "price": 0.25, "mark_price": 0.24938143, "iv": 109.91, "instrument_name": "BTC-26MAR21-36000-C", "index_price": 45560.54, "direction": "sell", "amount": 0.1}, {"trade_seq": 5796, "trade_id": "132284648", "timestamp": 1614467182979, "tick_direction": 3, "price": 0.25, "mark_price": 0.24938143, "iv": 109.91, "instrument_name": "BTC-26MAR21-36000-C", "index_price": 45560.54, "direction": "sell", "amount": 0.3}, {"trade_seq": 5795, "trade_id": "132284482", "timestamp": 1614467154194, "tick_direction": 3, "price": 0.25, "mark_price": 0.24950554, "iv": 109.75, "instrument_name": "BTC-26MAR21-36000-C", "index_price": 45557.87, "direction": "sell", "amount": 0.4}, {"trade_seq": 5794, "trade_id": "132284480", "timestamp": 1614467154081, "tick_direction": 3, "price": 0.25, "mark_price": 0.24950554, "iv": 109.75, "instrument_name": "BTC-26MAR21-36000-C", "index_price": 45557.87, "direction": "sell", "amount": 0.5}, {"trade_seq": 5793, "trade_id": "132284468", "timestamp": 1614467153690, "tick_direction": 3, "price": 0.25, "mark_price": 0.24950554, "iv": 109.74, "instrument_name": "BTC-26MAR21-36000-C", "index_price": 45565.5, "direction": "sell", "amount": 0.9}, {"trade_seq": 5792, "trade_id": "132284428", "timestamp": 1614467153448, "tick_direction": 3, "price": 0.25, "mark_price": 0.24954522, "iv": 109.74, "instrument_name": "BTC-26MAR21-36000-C", "index_price": 45565.5, "direction": "sell", "amount": 0.1}, {"trade_seq": 5791, "trade_id": "132284427", "timestamp": 1614467153278, "tick_direction": 3, "price": 0.25, "mark_price": 0.24954522, "iv": 109.74, "instrument_name": "BTC-26MAR21-36000-C", "index_price": 45565.5, "direction": "sell", "amount": 0.2}, {"trade_seq": 5790, "trade_id": "132284424", "timestamp": 1614467152968, "tick_direction": 3, "price": 0.25, "mark_price": 0.24954522, "iv": 109.74, "instrument_name": "BTC-26MAR21-36000-C", "index_price": 45565.5, "direction": "sell", "amount": 0.1}, {"trade_seq": 5789, "trade_id": "132284389", "timestamp": 1614467150809, "tick_direction": 3, "price": 0.25, "mark_price": 0.24989651, "iv": 109.14, "instrument_name": "BTC-26MAR21-36000-C", "index_price": 45589.66, "direction": "sell", "amount": 0.1}, {"trade_seq": 5788, "trade_id": "132284387", "timestamp": 1614467150572, "tick_direction": 3, "price": 0.25, "mark_price": 0.25004344, "iv": 109.14, "instrument_name": "BTC-26MAR21-36000-C", "index_price": 45589.66, "direction": "sell", "amount": 0.3}, {"trade_seq": 5787, "trade_id": "132284382", "timestamp": 1614467150262, "tick_direction": 3, "price": 0.25, "mark_price": 0.25004344, "iv": 109.14, "instrument_name": "BTC-26MAR21-36000-C", "index_price": 45589.66, "direction": "sell", "amount": 0.2}, {"trade_seq": 5786, "trade_id": "132284375", "timestamp": 1614467150143, "tick_direction": 3, "price": 0.25, "mark_price": 0.25004344, "iv": 109.14, "instrument_name": "BTC-26MAR21-36000-C", "index_price": 45589.66, "direction": "sell", "amount": 0.2}, {"trade_seq": 5785, "trade_id": "132284374", "timestamp": 1614467149991, "tick_direction": 3, "price": 0.25, "mark_price": 0.25004344, "iv": 109.14, "instrument_name": "BTC-26MAR21-36000-C", "index_price": 45589.66, "direction": "sell", "amount": 0.1}, {"trade_seq": 5784, "trade_id": "132284373", "timestamp": 1614467149914, "tick_direction": 3, "price": 0.25, "mark_price": 0.25004344, "iv": 109.14, "instrument_name": "BTC-26MAR21-36000-C", "index_price": 45589.66, "direction": "sell", "amount": 0.2}, {"trade_seq": 5783, "trade_id": "132284372", "timestamp": 1614467149823, "tick_direction": 3, "price": 0.25, "mark_price": 0.25004344, "iv": 108.91, "instrument_name": "BTC-26MAR21-36000-C", "index_price": 45592.98, "direction": "sell", "amount": 0.4}, {"trade_seq": 5782, "trade_id": "132284353", "timestamp": 1614467149306, "tick_direction": 3, "price": 0.25, "mark_price": 0.2500857, "iv": 108.91, "instrument_name": "BTC-26MAR21-36000-C", "index_price": 45592.98, "direction": "sell", "amount": 0.1}, {"trade_seq": 5781, "trade_id": "132284351", "timestamp": 1614467149249, "tick_direction": 3, "price": 0.25, "mark_price": 0.2500857, "iv": 108.91, "instrument_name": "BTC-26MAR21-36000-C", "index_price": 45592.98, "direction": "sell", "amount": 0.1}, {"trade_seq": 5780, "trade_id": "132284350", "timestamp": 1614467149035, "tick_direction": 3, "price": 0.25, "mark_price": 0.2500857, "iv": 108.91, "instrument_name": "BTC-26MAR21-36000-C", "index_price": 45592.98, "direction": "sell", "amount": 0.1}, {"trade_seq": 5779, "trade_id": "132284349", "timestamp": 1614467148866, "tick_direction": 3, "price": 0.25, "mark_price": 0.2500857, "iv": 108.91, "instrument_name": "BTC-26MAR21-36000-C", "index_price": 45592.98, "direction": "sell", "amount": 0.1}, {"trade_seq": 5778, "trade_id": "132284344", "timestamp": 1614467148581, "tick_direction": 3, "price": 0.25, "mark_price": 0.25059624, "iv": 108.85, "instrument_name": "BTC-26MAR21-36000-C", "index_price": 45601.93, "direction": "sell", "amount": 0.1}, {"trade_seq": 5777, "trade_id": "132284343", "timestamp": 1614467148463, "tick_direction": 3, "price": 0.25, "mark_price": 0.25059624, "iv": 108.85, "instrument_name": "BTC-26MAR21-36000-C", "index_price": 45601.93, "direction": "sell", "amount": 0.1}, {"trade_seq": 5776, "trade_id": "132284317", "timestamp": 1614467147939, "tick_direction": 3, "price": 0.25, "mark_price": 0.25059624, "iv": 108.85, "instrument_name": "BTC-26MAR21-36000-C", "index_price": 45601.93, "direction": "sell", "amount": 0.1}, {"trade_seq": 5775, "trade_id": "132284316", "timestamp": 1614467147833, "tick_direction": 3, "price": 0.25, "mark_price": 0.25059624, "iv": 108.85, "instrument_name": "BTC-26MAR21-36000-C", "index_price": 45601.93, "direction": "sell", "amount": 0.1}, {"trade_seq": 5774, "trade_id": "132284314", "timestamp": 1614467147584, "tick_direction": 3, "price": 0.25, "mark_price": 0.25066768, "iv": 108.05, "instrument_name": "BTC-26MAR21-36000-C", "index_price": 45611.66, "direction": "sell", "amount": 0.3}, {"trade_seq": 5773, "trade_id": "132284313", "timestamp": 1614467147374, "tick_direction": 3, "price": 0.25, "mark_price": 0.25066768, "iv": 108.05, "instrument_name": "BTC-26MAR21-36000-C", "index_price": 45611.66, "direction": "sell", "amount": 0.3}, {"trade_seq": 5772, "trade_id": "132284312", "timestamp": 1614467147284, "tick_direction": 3, "price": 0.25, "mark_price": 0.25066768, "iv": 108.05, "instrument_name": "BTC-26MAR21-36000-C", "index_price": 45611.66, "direction": "sell", "amount": 0.1}, {"trade_seq": 5771, "trade_id": "132284309", "timestamp": 1614467147147, "tick_direction": 3, "price": 0.25, "mark_price": 0.25066768, "iv": 108.05, "instrument_name": "BTC-26MAR21-36000-C", "index_price": 45611.66, "direction": "sell", "amount": 0.2}, {"trade_seq": 5770, "trade_id": "132284308", "timestamp": 1614467146992, "tick_direction": 3, "price": 0.25, "mark_price": 0.25066768, "iv": 108.05, "instrument_name": "BTC-26MAR21-36000-C", "index_price": 45611.66, "direction": "sell", "amount": 0.3}, {"trade_seq": 5769, "trade_id": "132284299", "timestamp": 1614467146336, "tick_direction": 3, "price": 0.25, "mark_price": 0.25083908, "iv": 107.94, "instrument_name": "BTC-26MAR21-36000-C", "index_price": 45640.56, "direction": "sell", "amount": 0.1}, {"trade_seq": 5768, "trade_id": "132284093", "timestamp": 1614467115869, "tick_direction": 3, "price": 0.25, "mark_price": 0.24997562, "iv": 109.04, "instrument_name": "BTC-26MAR21-36000-C", "index_price": 45590.28, "direction": "sell", "amount": 0.1}, {"trade_seq": 5767, "trade_id": "132284092", "timestamp": 1614467115811, "tick_direction": 3, "price": 0.25, "mark_price": 0.24997562, "iv": 109.04, "instrument_name": "BTC-26MAR21-36000-C", "index_price": 45590.28, "direction": "sell", "amount": 0.1}, {"trade_seq": 5766, "trade_id": "132284091", "timestamp": 1614467115684, "tick_direction": 2, "price": 0.25, "mark_price": 0.24997562, "iv": 109.04, "instrument_name": "BTC-26MAR21-36000-C", "index_price": 45590.28, "direction": "sell", "amount": 0.2}, {"trade_seq": 5765, "trade_id": "131958452", "timestamp": 1614350593847, "tick_direction": 0, "price": 0.271, "mark_price": 0.27530002, "iv": 105.98, "instrument_name": "BTC-26MAR21-36000-C", "index_price": 47143.47, "direction": "sell", "amount": 1.0}, {"trade_seq": 5764, "trade_id": "131838576", "timestamp": 1614326902858, "tick_direction": 3, "price": 0.257, "mark_price": 0.25757329, "iv": 119.07, "instrument_name": "BTC-26MAR21-36000-C", "index_price": 45405.7, "direction": "buy", "amount": 0.6}, {"trade_seq": 5763, "trade_id": "131838492", "timestamp": 1614326899087, "tick_direction": 3, "price": 0.257, "mark_price": 0.25757514, "iv": 119.02, "instrument_name": "BTC-26MAR21-36000-C", "index_price": 45414.22, "direction": "buy", "amount": 0.1}, {"trade_seq": 5762, "trade_id": "131838491", "timestamp": 1614326898967, "tick_direction": 3, "price": 0.257, "mark_price": 0.25757514, "iv": 119.02, "instrument_name": "BTC-26MAR21-36000-C", "index_price": 45414.22, "direction": "buy", "amount": 0.1}, {"trade_seq": 5761, "trade_id": "131838490", "timestamp": 1614326898827, "tick_direction": 2, "price": 0.257, "mark_price": 0.25757514, "iv": 119.02, "instrument_name": "BTC-26MAR21-36000-C", "index_price": 45414.22, "direction": "buy", "amount": 0.2}, {"trade_seq": 5760, "trade_id": "131662309", "timestamp": 1614301919705, "tick_direction": 0, "price": 0.28, "mark_price": 0.28131841, "iv": 121.02, "instrument_name": "BTC-26MAR21-36000-C", "index_price": 47022.62, "direction": "buy", "amount": 0.5}, {"trade_seq": 5759, "trade_id": "131661122", "timestamp": 1614301765948, "tick_direction": 2, "price": 0.275, "mark_price": 0.2769906, "iv": 119.86, "instrument_name": "BTC-26MAR21-36000-C", "index_price": 46681.7, "direction": "buy", "amount": 0.5}, {"trade_seq": 5758, "trade_id": "131469112", "timestamp": 1614268829742, "tick_direction": 3, "price": 0.325, "mark_price": 0.32510363, "iv": 117.28, "instrument_name": "BTC-26MAR21-36000-C", "index_price": 50975.62, "direction": "buy", "amount": 0.3}, {"trade_seq": 5757, "trade_id": "131469084", "timestamp": 1614268829539, "tick_direction": 3, "price": 0.325, "mark_price": 0.32510363, "iv": 117.28, "instrument_name": "BTC-26MAR21-36000-C", "index_price": 50975.62, "direction": "buy", "amount": 0.5}, {"trade_seq": 5756, "trade_id": "131469066", "timestamp": 1614268828703, "tick_direction": 2, "price": 0.325, "mark_price": 0.32506269, "iv": 117.36, "instrument_name": "BTC-26MAR21-36000-C", "index_price": 50954.96, "direction": "buy", "amount": 0.2}, {"trade_seq": 5755, "trade_id": "131416663", "timestamp": 1614257808073, "tick_direction": 0, "price": 0.3265, "mark_price": 0.32950669, "iv": 110.31, "instrument_name": "BTC-26MAR21-36000-C", "index_price": 51280.68, "direction": "sell", "amount": 2.0}, {"trade_seq": 5754, "trade_id": "131416016", "timestamp": 1614257754819, "tick_direction": 0, "price": 0.326, "mark_price": 0.33050778, "iv": 106.86, "instrument_name": "BTC-26MAR21-36000-C", "index_price": 51358.39, "direction": "buy", "amount": 1.5}, {"trade_seq": 5753, "trade_id": "131389214", "timestamp": 1614250809449, "tick_direction": 3, "price": 0.31, "mark_price": 0.30998226, "iv": 116.18, "instrument_name": "BTC-26MAR21-36000-C", "index_price": 49765.11, "direction": "buy", "amount": 0.2}, {"trade_seq": 5752, "trade_id": "131389203", "timestamp": 1614250809075, "tick_direction": 3, "price": 0.31, "mark_price": 0.30998226, "iv": 116.18, "instrument_name": "BTC-26MAR21-36000-C", "index_price": 49729.88, "direction": "buy", "amount": 0.3}, {"trade_seq": 5751, "trade_id": "131278340", "timestamp": 1614209536856, "tick_direction": 2, "price": 0.31, "mark_price": 0.31112121, "iv": 118.33, "instrument_name": "BTC-26MAR21-36000-C", "index_price": 49498.7, "direction": "buy", "amount": 0.1}, {"trade_seq": 5750, "trade_id": "131201252", "timestamp": 1614182927906, "tick_direction": 1, "price": 0.318, "mark_price": 0.31898255, "iv": 120.3, "instrument_name": "BTC-26MAR21-36000-C", "index_price": 49963.34, "direction": "sell", "amount": 5.2}, {"trade_seq": 5749, "trade_id": "131201140", "timestamp": 1614182880940, "tick_direction": 1, "price": 0.318, "mark_price": 0.31862934, "iv": 120.93, "instrument_name": "BTC-26MAR21-36000-C", "index_price": 49936.63, "direction": "sell", "amount": 0.1}, {"trade_seq": 5748, "trade_id": "131201139", "timestamp": 1614182880773, "tick_direction": 1, "price": 0.318, "mark_price": 0.31862934, "iv": 120.93, "instrument_name": "BTC-26MAR21-36000-C", "index_price": 49936.63, "direction": "sell", "amount": 0.2}, {"trade_seq": 5747, "trade_id": "131201137", "timestamp": 1614182880298, "tick_direction": 1, "price": 0.318, "mark_price": 0.31862779, "iv": 120.94, "instrument_name": "BTC-26MAR21-36000-C", "index_price": 49950.12, "direction": "sell", "amount": 0.1}, {"trade_seq": 5746, "trade_id": "131201136", "timestamp": 1614182880185, "tick_direction": 1, "price": 0.318, "mark_price": 0.31862779, "iv": 120.94, "instrument_name": "BTC-26MAR21-36000-C", "index_price": 49950.12, "direction": "sell", "amount": 0.1}, {"trade_seq": 5745, "trade_id": "131201130", "timestamp": 1614182880093, "tick_direction": 1, "price": 0.318, "mark_price": 0.31862779, "iv": 120.94, "instrument_name": "BTC-26MAR21-36000-C", "index_price": 49950.12, "direction": "sell", "amount": 0.1}, {"trade_seq": 5744, "trade_id": "131201129", "timestamp": 1614182879908, "tick_direction": 1, "price": 0.318, "mark_price": 0.31862779, "iv": 120.94, "instrument_name": "BTC-26MAR21-36000-C", "index_price": 49950.12, "direction": "sell", "amount": 0.1}, {"trade_seq": 5743, "trade_id": "131201092", "timestamp": 1614182860485, "tick_direction": 1, "price": 0.318, "mark_price": 0.31896921, "iv": 120.49, "instrument_name": "BTC-26MAR21-36000-C", "index_price": 49955.86, "direction": "sell", "amount": 0.1}, {"trade_seq": 5742, "trade_id": "131201091", "timestamp": 1614182860415, "tick_direction": 1, "price": 0.318, "mark_price": 0.31896921, "iv": 120.49, "instrument_name": "BTC-26MAR21-36000-C", "index_price": 49955.86, "direction": "sell", "amount": 0.1}, {"trade_seq": 5741, "trade_id": "131201089", "timestamp": 1614182860287, "tick_direction": 1, "price": 0.318, "mark_price": 0.31896921, "iv": 120.49, "instrument_name": "BTC-26MAR21-36000-C", "index_price": 49955.86, "direction": "sell", "amount": 0.3}, {"trade_seq": 5740, "trade_id": "131201088", "timestamp": 1614182860010, "tick_direction": 1, "price": 0.318, "mark_price": 0.31896921, "iv": 120.42, "instrument_name": "BTC-26MAR21-36000-C", "index_price": 49971.13, "direction": "sell", "amount": 0.7}, {"trade_seq": 5739, "trade_id": "131201050", "timestamp": 1614182834172, "tick_direction": 0, "price": 0.318, "mark_price": 0.31902598, "iv": 120.66, "instrument_name": "BTC-26MAR21-36000-C", "index_price": 49961.34, "direction": "sell", "amount": 0.8}, {"trade_seq": 5738, "trade_id": "130984248", "timestamp": 1614127335809, "tick_direction": 0, "price": 0.3, "mark_price": 0.29984161, "iv": 126.75, "instrument_name": "BTC-26MAR21-36000-C", "index_price": 47758.07, "direction": "buy", "amount": 0.1}, {"trade_seq": 5737, "trade_id": "130866884", "timestamp": 1614105821863, "tick_direction": 2, "price": 0.2955, "mark_price": 0.29531912, "iv": 125.95, "instrument_name": "BTC-26MAR21-36000-C", "index_price": 47330.82, "direction": "buy", "amount": 0.1}, {"trade_seq": 5736, "trade_id": "130865917", "timestamp": 1614105560315, "tick_direction": 0, "price": 0.299, "mark_price": 0.29856461, "iv": 126.23, "instrument_name": "BTC-26MAR21-36000-C", "index_price": 47615.95, "direction": "buy", "amount": 0.2}, {"trade_seq": 5735, "trade_id": "130864917", "timestamp": 1614105311218, "tick_direction": 0, "price": 0.2985, "mark_price": 0.29802589, "iv": 126.31, "instrument_name": "BTC-26MAR21-36000-C", "index_price": 47569.13, "direction": "buy", "amount": 0.1}, {"trade_seq": 5734, "trade_id": "130863964", "timestamp": 1614105154215, "tick_direction": 1, "price": 0.297, "mark_price": 0.29678828, "iv": 126.12, "instrument_name": "BTC-26MAR21-36000-C", "index_price": 47431.33, "direction": "buy", "amount": 0.1}, {"trade_seq": 5733, "trade_id": "130863919", "timestamp": 1614105152953, "tick_direction": 0, "price": 0.297, "mark_price": 0.29683735, "iv": 125.97, "instrument_name": "BTC-26MAR21-36000-C", "index_price": 47440.3, "direction": "buy", "amount": 0.5}, {"trade_seq": 5732, "trade_id": "130584833", "timestamp": 1614079958892, "tick_direction": 2, "price": 0.285, "mark_price": 0.28613963, "iv": 124.32, "instrument_name": "BTC-26MAR21-36000-C", "index_price": 46397.17, "direction": "buy", "amount": 0.1}, {"trade_seq": 5731, "trade_id": "130439614", "timestamp": 1614070615110, "tick_direction": 2, "price": 0.288, "mark_price": 0.28939758, "iv": 120.4, "instrument_name": "BTC-26MAR21-36000-C", "index_price": 47153.36, "direction": "buy", "amount": 5.0}, {"trade_seq": 5730, "trade_id": "130437858", "timestamp": 1614070566759, "tick_direction": 2, "price": 0.29, "mark_price": 0.29247311, "iv": 118.84, "instrument_name": "BTC-26MAR21-36000-C", "index_price": 47375.77, "direction": "buy", "amount": 2.0}, {"trade_seq": 5729, "trade_id": "130390393", "timestamp": 1614067733027, "tick_direction": 2, "price": 0.3, "mark_price": 0.3115995, "iv": 106.51, "instrument_name": "BTC-26MAR21-36000-C", "index_price": 48772.09, "direction": "buy", "amount": 1.0}, {"trade_seq": 5728, "trade_id": "130372970", "timestamp": 1614065230437, "tick_direction": 3, "price": 0.323, "mark_price": 0.32338238, "iv": 126.59, "instrument_name": "BTC-26MAR21-36000-C", "index_price": 49720.3, "direction": "buy", "amount": 0.2}, {"trade_seq": 5727, "trade_id": "130372929", "timestamp": 1614065224573, "tick_direction": 3, "price": 0.323, "mark_price": 0.3232068, "iv": 127.03, "instrument_name": "BTC-26MAR21-36000-C", "index_price": 49697.1, "direction": "buy", "amount": 0.1}, {"trade_seq": 5726, "trade_id": "130372928", "timestamp": 1614065224537, "tick_direction": 3, "price": 0.323, "mark_price": 0.3232068, "iv": 127.03, "instrument_name": "BTC-26MAR21-36000-C", "index_price": 49697.1, "direction": "buy", "amount": 0.1}, {"trade_seq": 5725, "trade_id": "130372920", "timestamp": 1614065222521, "tick_direction": 3, "price": 0.323, "mark_price": 0.32312377, "iv": 127.17, "instrument_name": "BTC-26MAR21-36000-C", "index_price": 49702.04, "direction": "buy", "amount": 0.2}, {"trade_seq": 5724, "trade_id": "130372918", "timestamp": 1614065222045, "tick_direction": 3, "price": 0.323, "mark_price": 0.32311778, "iv": 127.18, "instrument_name": "BTC-26MAR21-36000-C", "index_price": 49689.83, "direction": "buy", "amount": 0.1}, {"trade_seq": 5723, "trade_id": "130372917", "timestamp": 1614065221913, "tick_direction": 3, "price": 0.323, "mark_price": 0.32311778, "iv": 127.18, "instrument_name": "BTC-26MAR21-36000-C", "index_price": 49689.83, "direction": "buy", "amount": 0.1}, {"trade_seq": 5722, "trade_id": "130372914", "timestamp": 1614065221402, "tick_direction": 3, "price": 0.323, "mark_price": 0.32296851, "iv": 127.18, "instrument_name": "BTC-26MAR21-36000-C", "index_price": 49689.83, "direction": "buy", "amount": 0.1}, {"trade_seq": 5721, "trade_id": "130372912", "timestamp": 1614065221245, "tick_direction": 2, "price": 0.323, "mark_price": 0.32296851, "iv": 127.42, "instrument_name": "BTC-26MAR21-36000-C", "index_price": 49684.67, "direction": "buy", "amount": 0.1}, {"trade_seq": 5720, "trade_id": "130342419", "timestamp": 1614062003357, "tick_direction": 2, "price": 0.335, "mark_price": 0.33482811, "iv": 126.51, "instrument_name": "BTC-26MAR21-36000-C", "index_price": 50736.1, "direction": "buy", "amount": 1.0}, {"trade_seq": 5719, "trade_id": "130209601", "timestamp": 1614049181301, "tick_direction": 3, "price": 0.338, "mark_price": 0.33817672, "iv": 125.76, "instrument_name": "BTC-26MAR21-36000-C", "index_price": 51157.8, "direction": "sell", "amount": 0.2}, {"trade_seq": 5718, "trade_id": "130209600", "timestamp": 1614049181251, "tick_direction": 3, "price": 0.338, "mark_price": 0.33817672, "iv": 125.76, "instrument_name": "BTC-26MAR21-36000-C", "index_price": 51157.8, "direction": "sell", "amount": 0.2}, {"trade_seq": 5717, "trade_id": "130209593", "timestamp": 1614049181099, "tick_direction": 3, "price": 0.338, "mark_price": 0.33817672, "iv": 125.76, "instrument_name": "BTC-26MAR21-36000-C", "index_price": 51157.8, "direction": "sell", "amount": 0.1}, {"trade_seq": 5716, "trade_id": "130209592", "timestamp": 1614049180981, "tick_direction": 3, "price": 0.338, "mark_price": 0.3377739, "iv": 125.76, "instrument_name": "BTC-26MAR21-36000-C", "index_price": 51157.8, "direction": "sell", "amount": 0.1}, {"trade_seq": 5715, "trade_id": "130209591", "timestamp": 1614049180892, "tick_direction": 3, "price": 0.338, "mark_price": 0.3377739, "iv": 125.76, "instrument_name": "BTC-26MAR21-36000-C", "index_price": 51157.8, "direction": "sell", "amount": 0.6}, {"trade_seq": 5714, "trade_id": "130209590", "timestamp": 1614049180889, "tick_direction": 3, "price": 0.338, "mark_price": 0.3377739, "iv": 125.76, "instrument_name": "BTC-26MAR21-36000-C", "index_price": 51157.8, "direction": "sell", "amount": 0.1}, {"trade_seq": 5713, "trade_id": "130209589", "timestamp": 1614049180861, "tick_direction": 3, "price": 0.338, "mark_price": 0.3377739, "iv": 125.76, "instrument_name": "BTC-26MAR21-36000-C", "index_price": 51157.8, "direction": "sell", "amount": 0.4}, {"trade_seq": 5712, "trade_id": "130209561", "timestamp": 1614049178616, "tick_direction": 3, "price": 0.338, "mark_price": 0.33805816, "iv": 125.97, "instrument_name": "BTC-26MAR21-36000-C", "index_price": 51181.48, "direction": "sell", "amount": 0.1}, {"trade_seq": 5711, "trade_id": "130209560", "timestamp": 1614049178553, "tick_direction": 3, "price": 0.338, "mark_price": 0.33805816, "iv": 125.97, "instrument_name": "BTC-26MAR21-36000-C", "index_price": 51181.48, "direction": "sell", "amount": 0.4}, {"trade_seq": 5710, "trade_id": "130209559", "timestamp": 1614049178382, "tick_direction": 3, "price": 0.338, "mark_price": 0.33805816, "iv": 125.97, "instrument_name": "BTC-26MAR21-36000-C", "index_price": 51181.48, "direction": "sell", "amount": 1.1}, {"trade_seq": 5709, "trade_id": "130209551", "timestamp": 1614049178240, "tick_direction": 2, "price": 0.338, "mark_price": 0.33805816, "iv": 125.97, "instrument_name": "BTC-26MAR21-36000-C", "index_price": 51181.48, "direction": "sell", "amount": 0.1}, {"trade_seq": 5708, "trade_id": "130200721", "timestamp": 1614048459638, "tick_direction": 2, "price": 0.341, "mark_price": 0.34139518, "iv": 125.88, "instrument_name": "BTC-26MAR21-36000-C", "index_price": 51505.15, "direction": "sell", "amount": 0.7}, {"trade_seq": 5707, "trade_id": "130193380", "timestamp": 1614047638731, "tick_direction": 2, "price": 0.3455, "mark_price": 0.34616708, "iv": 125.53, "instrument_name": "BTC-26MAR21-36000-C", "index_price": 51994.38, "direction": "sell", "amount": 0.9}, {"trade_seq": 5706, "trade_id": "130092194", "timestamp": 1614023547595, "tick_direction": 2, "price": 0.3605, "mark_price": 0.36096323, "iv": 124.46, "instrument_name": "BTC-26MAR21-36000-C", "index_price": 53459.14, "direction": "sell", "amount": 2.0}, {"trade_seq": 5705, "trade_id": "130087452", "timestamp": 1614022219527, "tick_direction": 3, "price": 0.361, "mark_price": 0.36136242, "iv": 124.95, "instrument_name": "BTC-26MAR21-36000-C", "index_price": 53459.02, "direction": "sell", "amount": 0.1}, {"trade_seq": 5704, "trade_id": "130087433", "timestamp": 1614022219167, "tick_direction": 3, "price": 0.361, "mark_price": 0.36136242, "iv": 124.95, "instrument_name": "BTC-26MAR21-36000-C", "index_price": 53459.02, "direction": "sell", "amount": 0.2}, {"trade_seq": 5703, "trade_id": "130087423", "timestamp": 1614022219051, "tick_direction": 3, "price": 0.361, "mark_price": 0.36136242, "iv": 124.95, "instrument_name": "BTC-26MAR21-36000-C", "index_price": 53459.02, "direction": "sell", "amount": 0.5}, {"trade_seq": 5702, "trade_id": "130087194", "timestamp": 1614022175670, "tick_direction": 2, "price": 0.361, "mark_price": 0.36131227, "iv": 124.93, "instrument_name": "BTC-26MAR21-36000-C", "index_price": 53473.92, "direction": "sell", "amount": 0.2}, {"trade_seq": 5701, "trade_id": "130083135", "timestamp": 1614021319432, "tick_direction": 0, "price": 0.3615, "mark_price": 0.36192629, "iv": 124.91, "instrument_name": "BTC-26MAR21-36000-C", "index_price": 53471.43, "direction": "sell", "amount": 0.5}, {"trade_seq": 5700, "trade_id": "130081469", "timestamp": 1614020796737, "tick_direction": 3, "price": 0.3595, "mark_price": 0.36034926, "iv": 124.33, "instrument_name": "BTC-26MAR21-36000-C", "index_price": 53250.88, "direction": "sell", "amount": 0.1}, {"trade_seq": 5699, "trade_id": "130081465", "timestamp": 1614020796594, "tick_direction": 3, "price": 0.3595, "mark_price": 0.36034926, "iv": 124.33, "instrument_name": "BTC-26MAR21-36000-C", "index_price": 53250.88, "direction": "sell", "amount": 0.1}, {"trade_seq": 5698, "trade_id": "130081464", "timestamp": 1614020796510, "tick_direction": 3, "price": 0.3595, "mark_price": 0.36034926, "iv": 124.33, "instrument_name": "BTC-26MAR21-36000-C", "index_price": 53250.88, "direction": "sell", "amount": 0.3}, {"trade_seq": 5697, "trade_id": "130081460", "timestamp": 1614020796331, "tick_direction": 2, "price": 0.3595, "mark_price": 0.36034926, "iv": 124.33, "instrument_name": "BTC-26MAR21-36000-C", "index_price": 53250.88, "direction": "sell", "amount": 0.2}, {"trade_seq": 5696, "trade_id": "130075058", "timestamp": 1614019358033, "tick_direction": 1, "price": 0.36, "mark_price": 0.36026269, "iv": 124.62, "instrument_name": "BTC-26MAR21-36000-C", "index_price": 53246.07, "direction": "sell", "amount": 0.1}, {"trade_seq": 5695, "trade_id": "130075055", "timestamp": 1614019357967, "tick_direction": 1, "price": 0.36, "mark_price": 0.36026269, "iv": 124.62, "instrument_name": "BTC-26MAR21-36000-C", "index_price": 53246.07, "direction": "sell", "amount": 0.1}, {"trade_seq": 5694, "trade_id": "130075051", "timestamp": 1614019357836, "tick_direction": 1, "price": 0.36, "mark_price": 0.36026269, "iv": 124.62, "instrument_name": "BTC-26MAR21-36000-C", "index_price": 53246.07, "direction": "sell", "amount": 0.2}, {"trade_seq": 5693, "trade_id": "130075047", "timestamp": 1614019357746, "tick_direction": 1, "price": 0.36, "mark_price": 0.36026269, "iv": 124.62, "instrument_name": "BTC-26MAR21-36000-C", "index_price": 53246.07, "direction": "sell", "amount": 0.6}, {"trade_seq": 5692, "trade_id": "130075026", "timestamp": 1614019357636, "tick_direction": 1, "price": 0.36, "mark_price": 0.36027751, "iv": 124.62, "instrument_name": "BTC-26MAR21-36000-C", "index_price": 53246.07, "direction": "sell", "amount": 0.3}, {"trade_seq": 5691, "trade_id": "130075024", "timestamp": 1614019357628, "tick_direction": 1, "price": 0.36, "mark_price": 0.36027751, "iv": 124.62, "instrument_name": "BTC-26MAR21-36000-C", "index_price": 53246.07, "direction": "sell", "amount": 0.1}, {"trade_seq": 5690, "trade_id": "130075016", "timestamp": 1614019357466, "tick_direction": 0, "price": 0.36, "mark_price": 0.36027751, "iv": 124.59, "instrument_name": "BTC-26MAR21-36000-C", "index_price": 53283.23, "direction": "sell", "amount": 0.3}, {"trade_seq": 5689, "trade_id": "130074015", "timestamp": 1614019247524, "tick_direction": 1, "price": 0.3565, "mark_price": 0.35667015, "iv": 124.74, "instrument_name": "BTC-26MAR21-36000-C", "index_price": 52948.23, "direction": "sell", "amount": 0.2}, {"trade_seq": 5688, "trade_id": "130074014", "timestamp": 1614019247283, "tick_direction": 1, "price": 0.3565, "mark_price": 0.35674704, "iv": 124.65, "instrument_name": "BTC-26MAR21-36000-C", "index_price": 52955.16, "direction": "sell", "amount": 0.1}, {"trade_seq": 5687, "trade_id": "130074012", "timestamp": 1614019247101, "tick_direction": 1, "price": 0.3565, "mark_price": 0.35674704, "iv": 124.65, "instrument_name": "BTC-26MAR21-36000-C", "index_price": 52955.16, "direction": "sell", "amount": 0.1}, {"trade_seq": 5686, "trade_id": "130074006", "timestamp": 1614019246593, "tick_direction": 1, "price": 0.3565, "mark_price": 0.35674704, "iv": 124.65, "instrument_name": "BTC-26MAR21-36000-C", "index_price": 52955.16, "direction": "sell", "amount": 0.1}, {"trade_seq": 5685, "trade_id": "130074005", "timestamp": 1614019246538, "tick_direction": 1, "price": 0.3565, "mark_price": 0.35674704, "iv": 124.65, "instrument_name": "BTC-26MAR21-36000-C", "index_price": 52955.16, "direction": "sell", "amount": 0.1}, {"trade_seq": 5684, "trade_id": "130074004", "timestamp": 1614019246472, "tick_direction": 1, "price": 0.3565, "mark_price": 0.35674704, "iv": 124.65, "instrument_name": "BTC-26MAR21-36000-C", "index_price": 52955.16, "direction": "sell", "amount": 0.2}, {"trade_seq": 5683, "trade_id": "130074003", "timestamp": 1614019246363, "tick_direction": 1, "price": 0.3565, "mark_price": 0.35674704, "iv": 124.49, "instrument_name": "BTC-26MAR21-36000-C", "index_price": 52958.01, "direction": "sell", "amount": 0.1}, {"trade_seq": 5682, "trade_id": "130073994", "timestamp": 1614019246270, "tick_direction": 1, "price": 0.3565, "mark_price": 0.35678652, "iv": 124.49, "instrument_name": "BTC-26MAR21-36000-C", "index_price": 52958.01, "direction": "sell", "amount": 0.1}, {"trade_seq": 5681, "trade_id": "130073983", "timestamp": 1614019244703, "tick_direction": 0, "price": 0.3565, "mark_price": 0.35686615, "iv": 124.41, "instrument_name": "BTC-26MAR21-36000-C", "index_price": 52963.96, "direction": "sell", "amount": 0.1}, {"trade_seq": 5680, "trade_id": "130072169", "timestamp": 1614018837492, "tick_direction": 0, "price": 0.356, "mark_price": 0.3564393, "iv": 124.13, "instrument_name": "BTC-26MAR21-36000-C", "index_price": 52904.04, "direction": "sell", "amount": 0.1}, {"trade_seq": 5679, "trade_id": "130071813", "timestamp": 1614018818019, "tick_direction": 0, "price": 0.3555, "mark_price": 0.35523363, "iv": 124.55, "instrument_name": "BTC-26MAR21-36000-C", "index_price": 52852.4, "direction": "buy", "amount": 0.6}, {"trade_seq": 5678, "trade_id": "130071010", "timestamp": 1614018720821, "tick_direction": 2, "price": 0.3525, "mark_price": 0.35297314, "iv": 123.57, "instrument_name": "BTC-26MAR21-36000-C", "index_price": 52626.41, "direction": "sell", "amount": 4.8}, {"trade_seq": 5677, "trade_id": "130071009", "timestamp": 1614018720694, "tick_direction": 1, "price": 0.353, "mark_price": 0.35310283, "iv": 124.55, "instrument_name": "BTC-26MAR21-36000-C", "index_price": 52626.41, "direction": "sell", "amount": 0.1}, {"trade_seq": 5676, "trade_id": "130071007", "timestamp": 1614018720609, "tick_direction": 1, "price": 0.353, "mark_price": 0.35310283, "iv": 124.49, "instrument_name": "BTC-26MAR21-36000-C", "index_price": 52631.97, "direction": "sell", "amount": 0.1}, {"trade_seq": 5675, "trade_id": "130068560", "timestamp": 1614018309321, "tick_direction": 1, "price": 0.353, "mark_price": 0.35312855, "iv": 123.65, "instrument_name": "BTC-26MAR21-36000-C", "index_price": 52667.53, "direction": "buy", "amount": 0.1}, {"trade_seq": 5674, "trade_id": "130068559", "timestamp": 1614018309232, "tick_direction": 1, "price": 0.353, "mark_price": 0.35312855, "iv": 123.65, "instrument_name": "BTC-26MAR21-36000-C", "index_price": 52667.53, "direction": "buy", "amount": 0.1}, {"trade_seq": 5673, "trade_id": "130068558", "timestamp": 1614018309139, "tick_direction": 0, "price": 0.353, "mark_price": 0.35312855, "iv": 123.65, "instrument_name": "BTC-26MAR21-36000-C", "index_price": 52667.53, "direction": "buy", "amount": 0.1}, {"trade_seq": 5672, "trade_id": "130067789", "timestamp": 1614018240562, "tick_direction": 0, "price": 0.3525, "mark_price": 0.35270439, "iv": 123.59, "instrument_name": "BTC-26MAR21-36000-C", "index_price": 52603.69, "direction": "buy", "amount": 0.1}, {"trade_seq": 5671, "trade_id": "130067724", "timestamp": 1614018238577, "tick_direction": 0, "price": 0.352, "mark_price": 0.35187926, "iv": 124.23, "instrument_name": "BTC-26MAR21-36000-C", "index_price": 52552.03, "direction": "buy", "amount": 0.2}, {"trade_seq": 5670, "trade_id": "130066170", "timestamp": 1614017981403, "tick_direction": 1, "price": 0.3505, "mark_price": 0.35035692, "iv": 124.04, "instrument_name": "BTC-26MAR21-36000-C", "index_price": 52446.25, "direction": "buy", "amount": 0.3}, {"trade_seq": 5669, "trade_id": "130066165", "timestamp": 1614017981193, "tick_direction": 1, "price": 0.3505, "mark_price": 0.35035692, "iv": 124.04, "instrument_name": "BTC-26MAR21-36000-C", "index_price": 52446.25, "direction": "buy", "amount": 0.1}, {"trade_seq": 5668, "trade_id": "130066164", "timestamp": 1614017981122, "tick_direction": 1, "price": 0.3505, "mark_price": 0.35035692, "iv": 124.04, "instrument_name": "BTC-26MAR21-36000-C", "index_price": 52446.25, "direction": "buy", "amount": 0.1}, {"trade_seq": 5667, "trade_id": "130066163", "timestamp": 1614017981116, "tick_direction": 0, "price": 0.3505, "mark_price": 0.35035692, "iv": 124.04, "instrument_name": "BTC-26MAR21-36000-C", "index_price": 52446.25, "direction": "buy", "amount": 0.1}, {"trade_seq": 5666, "trade_id": "130065965", "timestamp": 1614017973178, "tick_direction": 1, "price": 0.3485, "mark_price": 0.34847459, "iv": 123.47, "instrument_name": "BTC-26MAR21-36000-C", "index_price": 52266.64, "direction": "buy", "amount": 0.4}, {"trade_seq": 5665, "trade_id": "130065954", "timestamp": 1614017972914, "tick_direction": 1, "price": 0.3485, "mark_price": 0.34847459, "iv": 123.47, "instrument_name": "BTC-26MAR21-36000-C", "index_price": 52266.64, "direction": "buy", "amount": 0.1}, {"trade_seq": 5664, "trade_id": "130065952", "timestamp": 1614017972729, "tick_direction": 1, "price": 0.3485, "mark_price": 0.34845888, "iv": 123.81, "instrument_name": "BTC-26MAR21-36000-C", "index_price": 52266.64, "direction": "buy", "amount": 0.1}, {"trade_seq": 5663, "trade_id": "130065951", "timestamp": 1614017972727, "tick_direction": 0, "price": 0.3485, "mark_price": 0.34845888, "iv": 123.81, "instrument_name": "BTC-26MAR21-36000-C", "index_price": 52266.64, "direction": "buy", "amount": 0.6}, {"trade_seq": 5662, "trade_id": "130065384", "timestamp": 1614017853718, "tick_direction": 1, "price": 0.3465, "mark_price": 0.34627929, "iv": 124.06, "instrument_name": "BTC-26MAR21-36000-C", "index_price": 52068.68, "direction": "buy", "amount": 0.1}, {"trade_seq": 5661, "trade_id": "130065382", "timestamp": 1614017853581, "tick_direction": 1, "price": 0.3465, "mark_price": 0.34626095, "iv": 124.12, "instrument_name": "BTC-26MAR21-36000-C", "index_price": 52057.68, "direction": "buy", "amount": 0.1}, {"trade_seq": 5660, "trade_id": "130065381", "timestamp": 1614017853499, "tick_direction": 1, "price": 0.3465, "mark_price": 0.34626095, "iv": 124.12, "instrument_name": "BTC-26MAR21-36000-C", "index_price": 52057.68, "direction": "buy", "amount": 0.1}, {"trade_seq": 5659, "trade_id": "130065380", "timestamp": 1614017853146, "tick_direction": 1, "price": 0.3465, "mark_price": 0.34626095, "iv": 124.12, "instrument_name": "BTC-26MAR21-36000-C", "index_price": 52057.68, "direction": "buy", "amount": 0.1}, {"trade_seq": 5658, "trade_id": "130065379", "timestamp": 1614017852943, "tick_direction": 0, "price": 0.3465, "mark_price": 0.34626095, "iv": 124.12, "instrument_name": "BTC-26MAR21-36000-C", "index_price": 52057.68, "direction": "buy", "amount": 0.1}, {"trade_seq": 5657, "trade_id": "130063630", "timestamp": 1614017624190, "tick_direction": 0, "price": 0.3435, "mark_price": 0.34374064, "iv": 123.3, "instrument_name": "BTC-26MAR21-36000-C", "index_price": 51788.9, "direction": "buy", "amount": 0.5}, {"trade_seq": 5656, "trade_id": "129907858", "timestamp": 1614003357412, "tick_direction": 3, "price": 0.3285, "mark_price": 0.32964005, "iv": 121.67, "instrument_name": "BTC-26MAR21-36000-C", "index_price": 49951.79, "direction": "sell", "amount": 4.8}, {"trade_seq": 5655, "trade_id": "129907854", "timestamp": 1614003357366, "tick_direction": 3, "price": 0.3285, "mark_price": 0.32964005, "iv": 121.67, "instrument_name": "BTC-26MAR21-36000-C", "index_price": 49951.79, "direction": "sell", "amount": 0.2}, {"trade_seq": 5654, "trade_id": "129907853", "timestamp": 1614003357291, "tick_direction": 3, "price": 0.3285, "mark_price": 0.32964005, "iv": 121.67, "instrument_name": "BTC-26MAR21-36000-C", "index_price": 49951.79, "direction": "sell", "amount": 0.6}, {"trade_seq": 5653, "trade_id": "129907807", "timestamp": 1614003356967, "tick_direction": 2, "price": 0.3285, "mark_price": 0.32964005, "iv": 121.67, "instrument_name": "BTC-26MAR21-36000-C", "index_price": 49951.79, "direction": "sell", "amount": 0.3}, {"trade_seq": 5652, "trade_id": "129907207", "timestamp": 1614003339419, "tick_direction": 3, "price": 0.3335, "mark_price": 0.33469458, "iv": 122.21, "instrument_name": "BTC-26MAR21-36000-C", "index_price": 50351.28, "direction": "sell", "amount": 0.2}, {"trade_seq": 5651, "trade_id": "129907204", "timestamp": 1614003339320, "tick_direction": 3, "price": 0.3335, "mark_price": 0.33469458, "iv": 122.21, "instrument_name": "BTC-26MAR21-36000-C", "index_price": 50351.28, "direction": "sell", "amount": 0.3}, {"trade_seq": 5650, "trade_id": "129907200", "timestamp": 1614003339180, "tick_direction": 3, "price": 0.3335, "mark_price": 0.33469458, "iv": 122.21, "instrument_name": "BTC-26MAR21-36000-C", "index_price": 50351.28, "direction": "sell", "amount": 0.1}, {"trade_seq": 5649, "trade_id": "129907196", "timestamp": 1614003339054, "tick_direction": 3, "price": 0.3335, "mark_price": 0.33469458, "iv": 122.21, "instrument_name": "BTC-26MAR21-36000-C", "index_price": 50351.28, "direction": "sell", "amount": 0.1}, {"trade_seq": 5648, "trade_id": "129907195", "timestamp": 1614003339013, "tick_direction": 3, "price": 0.3335, "mark_price": 0.33469458, "iv": 122.21, "instrument_name": "BTC-26MAR21-36000-C", "index_price": 50351.28, "direction": "sell", "amount": 0.1}, {"trade_seq": 5647, "trade_id": "129907173", "timestamp": 1614003338441, "tick_direction": 3, "price": 0.3335, "mark_price": 0.33399933, "iv": 121.67, "instrument_name": "BTC-26MAR21-36000-C", "index_price": 50374.17, "direction": "sell", "amount": 0.1}, {"trade_seq": 5646, "trade_id": "129907169", "timestamp": 1614003338352, "tick_direction": 3, "price": 0.3335, "mark_price": 0.33399933, "iv": 121.67, "instrument_name": "BTC-26MAR21-36000-C", "index_price": 50374.17, "direction": "sell", "amount": 0.3}, {"trade_seq": 5645, "trade_id": "129907162", "timestamp": 1614003338283, "tick_direction": 3, "price": 0.3335, "mark_price": 0.33399933, "iv": 121.67, "instrument_name": "BTC-26MAR21-36000-C", "index_price": 50374.17, "direction": "sell", "amount": 0.5}, {"trade_seq": 5644, "trade_id": "129907144", "timestamp": 1614003338118, "tick_direction": 3, "price": 0.3335, "mark_price": 0.33399933, "iv": 121.67, "instrument_name": "BTC-26MAR21-36000-C", "index_price": 50374.17, "direction": "sell", "amount": 0.1}, {"trade_seq": 5643, "trade_id": "129907137", "timestamp": 1614003338075, "tick_direction": 3, "price": 0.3335, "mark_price": 0.33399933, "iv": 121.67, "instrument_name": "BTC-26MAR21-36000-C", "index_price": 50374.17, "direction": "sell", "amount": 0.2}, {"trade_seq": 5642, "trade_id": "129907136", "timestamp": 1614003338046, "tick_direction": 3, "price": 0.3335, "mark_price": 0.33399933, "iv": 121.67, "instrument_name": "BTC-26MAR21-36000-C", "index_price": 50374.17, "direction": "sell", "amount": 0.3}, {"trade_seq": 5641, "trade_id": "129907132", "timestamp": 1614003337935, "tick_direction": 2, "price": 0.3335, "mark_price": 0.33399933, "iv": 121.67, "instrument_name": "BTC-26MAR21-36000-C", "index_price": 50374.17, "direction": "sell", "amount": 0.8}, {"trade_seq": 5640, "trade_id": "129897163", "timestamp": 1614003124905, "tick_direction": 3, "price": 0.344, "mark_price": 0.34476822, "iv": 122.89, "instrument_name": "BTC-26MAR21-36000-C", "index_price": 51300.67, "direction": "sell", "amount": 0.1}, {"trade_seq": 5639, "trade_id": "129897161", "timestamp": 1614003124720, "tick_direction": 3, "price": 0.344, "mark_price": 0.34476822, "iv": 122.89, "instrument_name": "BTC-26MAR21-36000-C", "index_price": 51300.67, "direction": "sell", "amount": 0.2}, {"trade_seq": 5638, "trade_id": "129897160", "timestamp": 1614003124715, "tick_direction": 3, "price": 0.344, "mark_price": 0.34476822, "iv": 122.89, "instrument_name": "BTC-26MAR21-36000-C", "index_price": 51300.67, "direction": "sell", "amount": 0.1}, {"trade_seq": 5637, "trade_id": "129897155", "timestamp": 1614003124534, "tick_direction": 3, "price": 0.344, "mark_price": 0.34476822, "iv": 122.89, "instrument_name": "BTC-26MAR21-36000-C", "index_price": 51300.67, "direction": "sell", "amount": 0.1}, {"trade_seq": 5636, "trade_id": "129897148", "timestamp": 1614003124415, "tick_direction": 3, "price": 0.344, "mark_price": 0.34476822, "iv": 122.89, "instrument_name": "BTC-26MAR21-36000-C", "index_price": 51300.67, "direction": "sell", "amount": 0.1}, {"trade_seq": 5635, "trade_id": "129897136", "timestamp": 1614003123879, "tick_direction": 3, "price": 0.344, "mark_price": 0.34480089, "iv": 122.83, "instrument_name": "BTC-26MAR21-36000-C", "index_price": 51311.66, "direction": "sell", "amount": 0.2}, {"trade_seq": 5634, "trade_id": "129897128", "timestamp": 1614003123562, "tick_direction": 3, "price": 0.344, "mark_price": 0.34480089, "iv": 122.83, "instrument_name": "BTC-26MAR21-36000-C", "index_price": 51311.66, "direction": "sell", "amount": 0.1}, {"trade_seq": 5633, "trade_id": "129897127", "timestamp": 1614003123494, "tick_direction": 2, "price": 0.344, "mark_price": 0.34480089, "iv": 122.83, "instrument_name": "BTC-26MAR21-36000-C", "index_price": 51311.66, "direction": "sell", "amount": 0.1}, {"trade_seq": 5632, "trade_id": "129668636", "timestamp": 1613959492418, "tick_direction": 2, "price": 0.395, "mark_price": 0.39477375, "iv": 128.27, "instrument_name": "BTC-26MAR21-36000-C", "index_price": 56432.42, "direction": "buy", "amount": 0.3}, {"trade_seq": 5631, "trade_id": "129622756", "timestamp": 1613944896097, "tick_direction": 0, "price": 0.405, "mark_price": 0.40511122, "iv": 123.13, "instrument_name": "BTC-26MAR21-36000-C", "index_price": 57456.81, "direction": "buy", "amount": 0.5}, {"trade_seq": 5630, "trade_id": "129539940", "timestamp": 1613912622290, "tick_direction": 3, "price": 0.404, "mark_price": 0.40078255, "iv": 129.03, "instrument_name": "BTC-26MAR21-36000-C", "index_price": 57039.77, "direction": "buy", "amount": 0.1}, {"trade_seq": 5629, "trade_id": "129539891", "timestamp": 1613912541496, "tick_direction": 2, "price": 0.404, "mark_price": 0.40081223, "iv": 128.9, "instrument_name": "BTC-26MAR21-36000-C", "index_price": 57038.17, "direction": "buy", "amount": 0.1}, {"trade_seq": 5628, "trade_id": "129522710", "timestamp": 1613904326000, "tick_direction": 0, "price": 0.405, "mark_price": 0.40623638, "iv": 118.05, "instrument_name": "BTC-26MAR21-36000-C", "index_price": 57588.76, "direction": "buy", "amount": 1.0}, {"trade_seq": 5627, "trade_id": "129447499", "timestamp": 1613867991676, "tick_direction": 2, "price": 0.379, "mark_price": 0.38793289, "iv": 88.18, "instrument_name": "BTC-26MAR21-36000-C", "index_price": 55921.42, "direction": "buy", "amount": 1.0}, {"trade_seq": 5626, "trade_id": "129447397", "timestamp": 1613867953081, "tick_direction": 3, "price": 0.389, "mark_price": 0.38787265, "iv": 121.0, "instrument_name": "BTC-26MAR21-36000-C", "index_price": 55897.58, "direction": "sell", "amount": 0.2}, {"trade_seq": 5625, "trade_id": "129447395", "timestamp": 1613867952914, "tick_direction": 3, "price": 0.389, "mark_price": 0.38787265, "iv": 121.0, "instrument_name": "BTC-26MAR21-36000-C", "index_price": 55897.58, "direction": "sell", "amount": 0.3}, {"trade_seq": 5624, "trade_id": "129447394", "timestamp": 1613867952884, "tick_direction": 3, "price": 0.389, "mark_price": 0.38787265, "iv": 121.0, "instrument_name": "BTC-26MAR21-36000-C", "index_price": 55897.58, "direction": "sell", "amount": 0.2}, {"trade_seq": 5623, "trade_id": "129447385", "timestamp": 1613867951621, "tick_direction": 3, "price": 0.389, "mark_price": 0.3879266, "iv": 120.87, "instrument_name": "BTC-26MAR21-36000-C", "index_price": 55907.01, "direction": "sell", "amount": 0.1}, {"trade_seq": 5622, "trade_id": "129447384", "timestamp": 1613867951156, "tick_direction": 3, "price": 0.389, "mark_price": 0.38792873, "iv": 120.87, "instrument_name": "BTC-26MAR21-36000-C", "index_price": 55907.01, "direction": "sell", "amount": 0.1}, {"trade_seq": 5621, "trade_id": "129447378", "timestamp": 1613867951030, "tick_direction": 2, "price": 0.389, "mark_price": 0.38792873, "iv": 120.86, "instrument_name": "BTC-26MAR21-36000-C", "index_price": 55912.68, "direction": "sell", "amount": 0.1}, {"trade_seq": 5620, "trade_id": "129446950", "timestamp": 1613867826947, "tick_direction": 3, "price": 0.39, "mark_price": 0.38838871, "iv": 122.13, "instrument_name": "BTC-26MAR21-36000-C", "index_price": 55949.65, "direction": "sell", "amount": 1.0}, {"trade_seq": 5619, "trade_id": "129370840", "timestamp": 1613847496246, "tick_direction": 2, "price": 0.39, "mark_price": 0.4021426, "iv": 0.0, "instrument_name": "BTC-26MAR21-36000-C", "index_price": 57136.88, "direction": "buy", "amount": 0.1}, {"trade_seq": 5618, "trade_id": "129328639", "timestamp": 1613834374988, "tick_direction": 3, "price": 0.397, "mark_price": 0.39743918, "iv": 121.19, "instrument_name": "BTC-26MAR21-36000-C", "index_price": 56464.5, "direction": "buy", "amount": 0.1}, {"trade_seq": 5617, "trade_id": "129328638", "timestamp": 1613834374809, "tick_direction": 3, "price": 0.397, "mark_price": 0.39743918, "iv": 121.39, "instrument_name": "BTC-26MAR21-36000-C", "index_price": 56455.67, "direction": "buy", "amount": 0.2}, {"trade_seq": 5616, "trade_id": "129328632", "timestamp": 1613834372127, "tick_direction": 3, "price": 0.397, "mark_price": 0.39740715, "iv": 121.41, "instrument_name": "BTC-26MAR21-36000-C", "index_price": 56453.92, "direction": "buy", "amount": 0.1}, {"trade_seq": 5615, "trade_id": "129328627", "timestamp": 1613834368360, "tick_direction": 2, "price": 0.397, "mark_price": 0.3973888, "iv": 121.53, "instrument_name": "BTC-26MAR21-36000-C", "index_price": 56451.85, "direction": "buy", "amount": 0.1}, {"trade_seq": 5614, "trade_id": "129284143", "timestamp": 1613823084425, "tick_direction": 1, "price": 0.4, "mark_price": 0.40054546, "iv": 120.77, "instrument_name": "BTC-26MAR21-36000-C", "index_price": 56679.32, "direction": "buy", "amount": 0.1}, {"trade_seq": 5613, "trade_id": "129284123", "timestamp": 1613823080607, "tick_direction": 1, "price": 0.4, "mark_price": 0.40041054, "iv": 121.18, "instrument_name": "BTC-26MAR21-36000-C", "index_price": 56664.85, "direction": "buy", "amount": 0.1}, {"trade_seq": 5612, "trade_id": "129284122", "timestamp": 1613823080451, "tick_direction": 1, "price": 0.4, "mark_price": 0.40041054, "iv": 121.18, "instrument_name": "BTC-26MAR21-36000-C", "index_price": 56664.85, "direction": "buy", "amount": 0.1}, {"trade_seq": 5611, "trade_id": "129284112", "timestamp": 1613823080127, "tick_direction": 1, "price": 0.4, "mark_price": 0.40041054, "iv": 121.18, "instrument_name": "BTC-26MAR21-36000-C", "index_price": 56664.85, "direction": "buy", "amount": 0.1}, {"trade_seq": 5610, "trade_id": "129284109", "timestamp": 1613823078961, "tick_direction": 1, "price": 0.4, "mark_price": 0.40026528, "iv": 121.48, "instrument_name": "BTC-26MAR21-36000-C", "index_price": 56663.94, "direction": "buy", "amount": 0.1}, {"trade_seq": 5609, "trade_id": "129284108", "timestamp": 1613823078711, "tick_direction": 1, "price": 0.4, "mark_price": 0.40026528, "iv": 121.48, "instrument_name": "BTC-26MAR21-36000-C", "index_price": 56663.94, "direction": "buy", "amount": 0.2}, {"trade_seq": 5608, "trade_id": "129284106", "timestamp": 1613823078627, "tick_direction": 1, "price": 0.4, "mark_price": 0.40026528, "iv": 121.52, "instrument_name": "BTC-26MAR21-36000-C", "index_price": 56651.79, "direction": "buy", "amount": 0.1}, {"trade_seq": 5607, "trade_id": "129284105", "timestamp": 1613823078552, "tick_direction": 1, "price": 0.4, "mark_price": 0.40026528, "iv": 121.52, "instrument_name": "BTC-26MAR21-36000-C", "index_price": 56651.79, "direction": "buy", "amount": 0.2}, {"trade_seq": 5606, "trade_id": "129284099", "timestamp": 1613823077349, "tick_direction": 1, "price": 0.4, "mark_price": 0.40031815, "iv": 121.42, "instrument_name": "BTC-26MAR21-36000-C", "index_price": 56650.04, "direction": "buy", "amount": 0.1}, {"trade_seq": 5605, "trade_id": "129284096", "timestamp": 1613823077192, "tick_direction": 1, "price": 0.4, "mark_price": 0.40031815, "iv": 121.42, "instrument_name": "BTC-26MAR21-36000-C", "index_price": 56650.04, "direction": "buy", "amount": 0.1}, {"trade_seq": 5604, "trade_id": "129284093", "timestamp": 1613823077136, "tick_direction": 1, "price": 0.4, "mark_price": 0.40031815, "iv": 121.42, "instrument_name": "BTC-26MAR21-36000-C", "index_price": 56650.04, "direction": "buy", "amount": 0.3}, {"trade_seq": 5603, "trade_id": "129284077", "timestamp": 1613823074931, "tick_direction": 1, "price": 0.4, "mark_price": 0.39989335, "iv": 121.98, "instrument_name": "BTC-26MAR21-36000-C", "index_price": 56638.07, "direction": "buy", "amount": 0.1}, {"trade_seq": 5602, "trade_id": "129284076", "timestamp": 1613823074884, "tick_direction": 1, "price": 0.4, "mark_price": 0.39989335, "iv": 121.98, "instrument_name": "BTC-26MAR21-36000-C", "index_price": 56638.07, "direction": "buy", "amount": 0.1}, {"trade_seq": 5601, "trade_id": "129284075", "timestamp": 1613823074730, "tick_direction": 1, "price": 0.4, "mark_price": 0.39989335, "iv": 122.36, "instrument_name": "BTC-26MAR21-36000-C", "index_price": 56638.07, "direction": "buy", "amount": 0.2}, {"trade_seq": 5600, "trade_id": "129284071", "timestamp": 1613823074435, "tick_direction": 0, "price": 0.4, "mark_price": 0.39989335, "iv": 122.5, "instrument_name": "BTC-26MAR21-36000-C", "index_price": 56621.75, "direction": "buy", "amount": 0.1}, {"trade_seq": 5599, "trade_id": "129249100", "timestamp": 1613805224137, "tick_direction": 2, "price": 0.389, "mark_price": 0.38896114, "iv": 120.68, "instrument_name": "BTC-26MAR21-36000-C", "index_price": 55567.3, "direction": "sell", "amount": 1.0}, {"trade_seq": 5598, "trade_id": "129248847", "timestamp": 1613805171670, "tick_direction": 3, "price": 0.3895, "mark_price": 0.3892029, "iv": 121.76, "instrument_name": "BTC-26MAR21-36000-C", "index_price": 55559.39, "direction": "sell", "amount": 0.1}, {"trade_seq": 5597, "trade_id": "129248622", "timestamp": 1613805123324, "tick_direction": 3, "price": 0.3895, "mark_price": 0.38929201, "iv": 121.4, "instrument_name": "BTC-26MAR21-36000-C", "index_price": 55587.0, "direction": "sell", "amount": 0.1}, {"trade_seq": 5596, "trade_id": "129248593", "timestamp": 1613805115655, "tick_direction": 3, "price": 0.3895, "mark_price": 0.38959337, "iv": 120.69, "instrument_name": "BTC-26MAR21-36000-C", "index_price": 55603.02, "direction": "sell", "amount": 0.1}, {"trade_seq": 5595, "trade_id": "129248592", "timestamp": 1613805115629, "tick_direction": 3, "price": 0.3895, "mark_price": 0.38959337, "iv": 120.69, "instrument_name": "BTC-26MAR21-36000-C", "index_price": 55603.02, "direction": "sell", "amount": 0.1}, {"trade_seq": 5594, "trade_id": "129248591", "timestamp": 1613805115590, "tick_direction": 3, "price": 0.3895, "mark_price": 0.38959337, "iv": 120.69, "instrument_name": "BTC-26MAR21-36000-C", "index_price": 55603.02, "direction": "sell", "amount": 0.3}, {"trade_seq": 5593, "trade_id": "129248566", "timestamp": 1613805115465, "tick_direction": 3, "price": 0.3895, "mark_price": 0.38959337, "iv": 120.69, "instrument_name": "BTC-26MAR21-36000-C", "index_price": 55603.02, "direction": "sell", "amount": 0.1}, {"trade_seq": 5592, "trade_id": "129248564", "timestamp": 1613805115392, "tick_direction": 2, "price": 0.3895, "mark_price": 0.38959337, "iv": 120.69, "instrument_name": "BTC-26MAR21-36000-C", "index_price": 55603.02, "direction": "sell", "amount": 0.2}, {"trade_seq": 5591, "trade_id": "129248258", "timestamp": 1613805019872, "tick_direction": 3, "price": 0.39, "mark_price": 0.39012163, "iv": 120.82, "instrument_name": "BTC-26MAR21-36000-C", "index_price": 55660.03, "direction": "sell", "amount": 0.1}, {"trade_seq": 5590, "trade_id": "129248257", "timestamp": 1613805019866, "tick_direction": 3, "price": 0.39, "mark_price": 0.39012163, "iv": 120.82, "instrument_name": "BTC-26MAR21-36000-C", "index_price": 55660.03, "direction": "sell", "amount": 0.1}, {"trade_seq": 5589, "trade_id": "129248256", "timestamp": 1613805019791, "tick_direction": 3, "price": 0.39, "mark_price": 0.39012163, "iv": 120.82, "instrument_name": "BTC-26MAR21-36000-C", "index_price": 55660.03, "direction": "sell", "amount": 0.4}, {"trade_seq": 5588, "trade_id": "129248255", "timestamp": 1613805019698, "tick_direction": 3, "price": 0.39, "mark_price": 0.39012163, "iv": 120.82, "instrument_name": "BTC-26MAR21-36000-C", "index_price": 55660.03, "direction": "sell", "amount": 0.2}, {"trade_seq": 5587, "trade_id": "129248223", "timestamp": 1613805015520, "tick_direction": 3, "price": 0.39, "mark_price": 0.39014269, "iv": 120.71, "instrument_name": "BTC-26MAR21-36000-C", "index_price": 55662.77, "direction": "sell", "amount": 0.1}, {"trade_seq": 5586, "trade_id": "129248207", "timestamp": 1613805012126, "tick_direction": 2, "price": 0.39, "mark_price": 0.39038484, "iv": 120.17, "instrument_name": "BTC-26MAR21-36000-C", "index_price": 55678.54, "direction": "sell", "amount": 0.1}, {"trade_seq": 5585, "trade_id": "129137569", "timestamp": 1613767694982, "tick_direction": 1, "price": 0.391, "mark_price": 0.3913724, "iv": 118.97, "instrument_name": "BTC-26MAR21-36000-C", "index_price": 55600.74, "direction": "buy", "amount": 0.1}, {"trade_seq": 5584, "trade_id": "129137568", "timestamp": 1613767694402, "tick_direction": 1, "price": 0.391, "mark_price": 0.39133938, "iv": 119.35, "instrument_name": "BTC-26MAR21-36000-C", "index_price": 55587.58, "direction": "buy", "amount": 0.2}, {"trade_seq": 5583, "trade_id": "129137567", "timestamp": 1613767694250, "tick_direction": 0, "price": 0.391, "mark_price": 0.39133938, "iv": 119.35, "instrument_name": "BTC-26MAR21-36000-C", "index_price": 55587.58, "direction": "buy", "amount": 0.1}, {"trade_seq": 5582, "trade_id": "129129834", "timestamp": 1613765537166, "tick_direction": 3, "price": 0.3855, "mark_price": 0.38642576, "iv": 116.53, "instrument_name": "BTC-26MAR21-36000-C", "index_price": 55143.98, "direction": "buy", "amount": 0.3}, {"trade_seq": 5581, "trade_id": "129129830", "timestamp": 1613765536232, "tick_direction": 2, "price": 0.3855, "mark_price": 0.38640177, "iv": 116.59, "instrument_name": "BTC-26MAR21-36000-C", "index_price": 55143.95, "direction": "buy", "amount": 0.1}, {"trade_seq": 5580, "trade_id": "129128737", "timestamp": 1613765166873, "tick_direction": 3, "price": 0.3865, "mark_price": 0.38662137, "iv": 118.35, "instrument_name": "BTC-26MAR21-36000-C", "index_price": 55179.79, "direction": "buy", "amount": 0.1}, {"trade_seq": 5579, "trade_id": "129128733", "timestamp": 1613765166641, "tick_direction": 3, "price": 0.3865, "mark_price": 0.38658297, "iv": 118.35, "instrument_name": "BTC-26MAR21-36000-C", "index_price": 55179.79, "direction": "buy", "amount": 0.2}, {"trade_seq": 5578, "trade_id": "129128723", "timestamp": 1613765166282, "tick_direction": 3, "price": 0.3865, "mark_price": 0.38658297, "iv": 118.35, "instrument_name": "BTC-26MAR21-36000-C", "index_price": 55179.79, "direction": "buy", "amount": 0.1}, {"trade_seq": 5577, "trade_id": "129128718", "timestamp": 1613765164754, "tick_direction": 2, "price": 0.3865, "mark_price": 0.3865524, "iv": 118.45, "instrument_name": "BTC-26MAR21-36000-C", "index_price": 55174.57, "direction": "buy", "amount": 0.1}, {"trade_seq": 5576, "trade_id": "129117983", "timestamp": 1613761952879, "tick_direction": 0, "price": 0.3875, "mark_price": 0.38821969, "iv": 117.77, "instrument_name": "BTC-26MAR21-36000-C", "index_price": 55234.69, "direction": "sell", "amount": 1.0}, {"trade_seq": 5575, "trade_id": "129105682", "timestamp": 1613760716219, "tick_direction": 1, "price": 0.3855, "mark_price": 0.38584901, "iv": 118.45, "instrument_name": "BTC-26MAR21-36000-C", "index_price": 55034.03, "direction": "buy", "amount": 0.1}, {"trade_seq": 5574, "trade_id": "129105670", "timestamp": 1613760716116, "tick_direction": 1, "price": 0.3855, "mark_price": 0.38584901, "iv": 118.45, "instrument_name": "BTC-26MAR21-36000-C", "index_price": 55034.03, "direction": "buy", "amount": 0.2}, {"trade_seq": 5573, "trade_id": "129105665", "timestamp": 1613760716020, "tick_direction": 1, "price": 0.3855, "mark_price": 0.38584901, "iv": 118.45, "instrument_name": "BTC-26MAR21-36000-C", "index_price": 55034.03, "direction": "buy", "amount": 0.2}