{"trades": [{"trade_seq": 7607, "trade_id": "197203020", "timestamp": 1640905909009, "tick_direction": 3, "price": 0.0005, "mark_price": 0.0, "iv": 337.84, "instrument_name": "BTC-31DEC21-60000-C", "index_price": 47052.82, "direction": "buy", "amount": 1.0}, {"trade_seq": 7606, "trade_id": "197005241", "timestamp": 1640801291023, "tick_direction": 3, "price": 0.0005, "mark_price": 5.56e-06, "iv": 156.43, "instrument_name": "BTC-31DEC21-60000-C", "index_price": 47620.93, "direction": "buy", "amount": 2.0}, {"trade_seq": 7605, "trade_id": "196864519", "timestamp": 1640722164323, "tick_direction": 3, "price": 0.0005, "mark_price": 6.781e-05, "iv": 123.56, "instrument_name": "BTC-31DEC21-60000-C", "index_price": 47692.98, "direction": "buy", "amount": 3.0}, {"trade_seq": 7604, "trade_id": "196787195", "timestamp": 1640699433846, "tick_direction": 3, "price": 0.0005, "mark_price": 0.0003077, "iv": 103.99, "instrument_name": "BTC-31DEC21-60000-C", "index_price": 49220.18, "direction": "buy", "amount": 0.1}, {"trade_seq": 7603, "trade_id": "196771042", "timestamp": 1640688400284, "tick_direction": 3, "price": 0.0005, "mark_price": 0.00032329, "iv": 103.36, "instrument_name": "BTC-31DEC21-60000-C", "index_price": 49010.27, "direction": "buy", "amount": 1.0}, {"trade_seq": 7602, "trade_id": "196753750", "timestamp": 1640684276676, "tick_direction": 3, "price": 0.0005, "mark_price": 0.00041564, "iv": 100.14, "instrument_name": "BTC-31DEC21-60000-C", "index_price": 49280.1, "direction": "buy", "amount": 2.0}, {"trade_seq": 7601, "trade_id": "196743500", "timestamp": 1640678653600, "tick_direction": 3, "price": 0.0005, "mark_price": 0.0004247, "iv": 99.76, "instrument_name": "BTC-31DEC21-60000-C", "index_price": 49194.79, "direction": "buy", "amount": 0.8}, {"trade_seq": 7600, "trade_id": "196743499", "timestamp": 1640678653600, "tick_direction": 3, "price": 0.0005, "mark_price": 0.0004247, "iv": 99.76, "instrument_name": "BTC-31DEC21-60000-C", "index_price": 49194.79, "direction": "buy", "amount": 3.2}, {"trade_seq": 7599, "trade_id": "196732712", "timestamp": 1640671950709, "tick_direction": 3, "price": 0.0005, "mark_price": 0.00047247, "iv": 98.57, "instrument_name": "BTC-31DEC21-60000-C", "index_price": 49192.53, "direction": "buy", "amount": 0.1}, {"trade_seq": 7598, "trade_id": "196730976", "timestamp": 1640670650971, "tick_direction": 2, "price": 0.0005, "mark_price": 0.00048754, "iv": 98.15, "instrument_name": "BTC-31DEC21-60000-C", "index_price": 49219.0, "direction": "buy", "amount": 0.4}, {"trade_seq": 7597, "trade_id": "196725079", "timestamp": 1640667357379, "tick_direction": 0, "price": 0.001, "mark_price": 0.00047295, "iv": 109.24, "instrument_name": "BTC-31DEC21-60000-C", "index_price": 49096.36, "direction": "buy", "amount": 3.0}, {"trade_seq": 7596, "trade_id": "196700315", "timestamp": 1640661865544, "tick_direction": 3, "price": 0.0005, "mark_price": 0.00072861, "iv": 92.59, "instrument_name": "BTC-31DEC21-60000-C", "index_price": 49682.55, "direction": "sell", "amount": 0.2}, {"trade_seq": 7595, "trade_id": "196700314", "timestamp": 1640661865544, "tick_direction": 3, "price": 0.0005, "mark_price": 0.00072861, "iv": 92.59, "instrument_name": "BTC-31DEC21-60000-C", "index_price": 49682.55, "direction": "sell", "amount": 15.0}, {"trade_seq": 7594, "trade_id": "196700313", "timestamp": 1640661865544, "tick_direction": 3, "price": 0.0005, "mark_price": 0.00072861, "iv": 92.59, "instrument_name": "BTC-31DEC21-60000-C", "index_price": 49682.55, "direction": "sell", "amount": 9.0}, {"trade_seq": 7593, "trade_id": "196700312", "timestamp": 1640661865544, "tick_direction": 3, "price": 0.0005, "mark_price": 0.00072861, "iv": 92.59, "instrument_name": "BTC-31DEC21-60000-C", "index_price": 49682.55, "direction": "sell", "amount": 5.0}, {"trade_seq": 7592, "trade_id": "196700311", "timestamp": 1640661865544, "tick_direction": 3, "price": 0.0005, "mark_price": 0.00072861, "iv": 92.59, "instrument_name": "BTC-31DEC21-60000-C", "index_price": 49682.55, "direction": "sell", "amount": 1.6}, {"trade_seq": 7591, "trade_id": "196700310", "timestamp": 1640661865544, "tick_direction": 3, "price": 0.0005, "mark_price": 0.00072861, "iv": 92.59, "instrument_name": "BTC-31DEC21-60000-C", "index_price": 49682.55, "direction": "sell", "amount": 0.5}, {"trade_seq": 7590, "trade_id": "196700309", "timestamp": 1640661865544, "tick_direction": 3, "price": 0.0005, "mark_price": 0.00072861, "iv": 92.59, "instrument_name": "BTC-31DEC21-60000-C", "index_price": 49682.55, "direction": "sell", "amount": 5.0}, {"trade_seq": 7589, "trade_id": "196700308", "timestamp": 1640661865544, "tick_direction": 3, "price": 0.0005, "mark_price": 0.00072861, "iv": 92.59, "instrument_name": "BTC-31DEC21-60000-C", "index_price": 49682.55, "direction": "sell", "amount": 0.1}, {"trade_seq": 7588, "trade_id": "196700307", "timestamp": 1640661865544, "tick_direction": 3, "price": 0.0005, "mark_price": 0.00072861, "iv": 92.59, "instrument_name": "BTC-31DEC21-60000-C", "index_price": 49682.55, "direction": "sell", "amount": 0.1}, {"trade_seq": 7587, "trade_id": "196700306", "timestamp": 1640661865544, "tick_direction": 3, "price": 0.0005, "mark_price": 0.00072861, "iv": 92.59, "instrument_name": "BTC-31DEC21-60000-C", "index_price": 49682.55, "direction": "sell", "amount": 0.1}, {"trade_seq": 7586, "trade_id": "196700305", "timestamp": 1640661865544, "tick_direction": 3, "price": 0.0005, "mark_price": 0.00072861, "iv": 92.59, "instrument_name": "BTC-31DEC21-60000-C", "index_price": 49682.55, "direction": "sell", "amount": 4.0}, {"trade_seq": 7585, "trade_id": "196700073", "timestamp": 1640661705715, "tick_direction": 2, "price": 0.0005, "mark_price": 0.00073853, "iv": 92.54, "instrument_name": "BTC-31DEC21-60000-C", "index_price": 49691.07, "direction": "sell", "amount": 1.0}, {"trade_seq": 7584, "trade_id": "196676959", "timestamp": 1640652803042, "tick_direction": 0, "price": 0.001, "mark_price": 0.00073962, "iv": 95.08, "instrument_name": "BTC-31DEC21-60000-C", "index_price": 50381.09, "direction": "buy", "amount": 2.0}, {"trade_seq": 7583, "trade_id": "196662625", "timestamp": 1640649311756, "tick_direction": 3, "price": 0.0008, "mark_price": 0.00067674, "iv": 88.49, "instrument_name": "BTC-31DEC21-60000-C", "index_price": 50663.66, "direction": "buy", "block_trade_id": "28228", "amount": 12.5}, {"trade_seq": 7582, "trade_id": "196662571", "timestamp": 1640649308694, "tick_direction": 3, "price": 0.0008, "mark_price": 0.00067488, "iv": 88.55, "instrument_name": "BTC-31DEC21-60000-C", "index_price": 50658.62, "direction": "buy", "block_trade_id": "28227", "amount": 12.5}, {"trade_seq": 7581, "trade_id": "196662565", "timestamp": 1640649306284, "tick_direction": 3, "price": 0.0008, "mark_price": 0.00067474, "iv": 88.54, "instrument_name": "BTC-31DEC21-60000-C", "index_price": 50658.34, "direction": "buy", "block_trade_id": "28226", "amount": 12.5}, {"trade_seq": 7580, "trade_id": "196662561", "timestamp": 1640649302686, "tick_direction": 2, "price": 0.0008, "mark_price": 0.00067507, "iv": 88.51, "instrument_name": "BTC-31DEC21-60000-C", "index_price": 50658.81, "direction": "buy", "block_trade_id": "28225", "amount": 12.5}, {"trade_seq": 7579, "trade_id": "196655448", "timestamp": 1640645013526, "tick_direction": 1, "price": 0.001, "mark_price": 0.00118995, "iv": 87.89, "instrument_name": "BTC-31DEC21-60000-C", "index_price": 51021.4, "direction": "sell", "amount": 0.1}, {"trade_seq": 7578, "trade_id": "196639952", "timestamp": 1640634862720, "tick_direction": 1, "price": 0.001, "mark_price": 0.0011431, "iv": 83.48, "instrument_name": "BTC-31DEC21-60000-C", "index_price": 51355.65, "direction": "sell", "amount": 1.0}, {"trade_seq": 7577, "trade_id": "196639951", "timestamp": 1640634862720, "tick_direction": 1, "price": 0.001, "mark_price": 0.0011431, "iv": 83.48, "instrument_name": "BTC-31DEC21-60000-C", "index_price": 51355.65, "direction": "sell", "amount": 0.5}, {"trade_seq": 7576, "trade_id": "196622341", "timestamp": 1640621519503, "tick_direction": 1, "price": 0.001, "mark_price": 0.00076736, "iv": 81.09, "instrument_name": "BTC-31DEC21-60000-C", "index_price": 51398.86, "direction": "buy", "amount": 15.0}, {"trade_seq": 7575, "trade_id": "196622340", "timestamp": 1640621519503, "tick_direction": 1, "price": 0.001, "mark_price": 0.00076736, "iv": 81.09, "instrument_name": "BTC-31DEC21-60000-C", "index_price": 51398.86, "direction": "buy", "amount": 30.0}, {"trade_seq": 7574, "trade_id": "196620701", "timestamp": 1640619818852, "tick_direction": 1, "price": 0.001, "mark_price": 0.00072469, "iv": 80.19, "instrument_name": "BTC-31DEC21-60000-C", "index_price": 51469.99, "direction": "buy", "amount": 0.1}, {"trade_seq": 7573, "trade_id": "196620700", "timestamp": 1640619818852, "tick_direction": 0, "price": 0.001, "mark_price": 0.00072469, "iv": 80.19, "instrument_name": "BTC-31DEC21-60000-C", "index_price": 51469.99, "direction": "buy", "amount": 0.9}, {"trade_seq": 7572, "trade_id": "196620030", "timestamp": 1640619409113, "tick_direction": 2, "price": 0.0007, "mark_price": 0.00070064, "iv": 75.65, "instrument_name": "BTC-31DEC21-60000-C", "index_price": 51467.6, "direction": "sell", "block_trade_id": "28156", "amount": 12.5}, {"trade_seq": 7571, "trade_id": "196619150", "timestamp": 1640618725589, "tick_direction": 3, "price": 0.001, "mark_price": 0.00073183, "iv": 79.71, "instrument_name": "BTC-31DEC21-60000-C", "index_price": 51504.95, "direction": "buy", "amount": 0.1}, {"trade_seq": 7570, "trade_id": "196618690", "timestamp": 1640618246135, "tick_direction": 3, "price": 0.001, "mark_price": 0.00085157, "iv": 79.51, "instrument_name": "BTC-31DEC21-60000-C", "index_price": 51556.78, "direction": "buy", "amount": 1.0}, {"trade_seq": 7569, "trade_id": "196618529", "timestamp": 1640618165493, "tick_direction": 3, "price": 0.001, "mark_price": 0.00090442, "iv": 79.24, "instrument_name": "BTC-31DEC21-60000-C", "index_price": 51581.19, "direction": "buy", "amount": 1.0}, {"trade_seq": 7568, "trade_id": "196618526", "timestamp": 1640618159591, "tick_direction": 2, "price": 0.001, "mark_price": 0.00090422, "iv": 79.23, "instrument_name": "BTC-31DEC21-60000-C", "index_price": 51581.56, "direction": "buy", "amount": 1.0}, {"trade_seq": 7567, "trade_id": "196611744", "timestamp": 1640614786269, "tick_direction": 0, "price": 0.0015, "mark_price": 0.00095159, "iv": 85.79, "instrument_name": "BTC-31DEC21-60000-C", "index_price": 51474.4, "direction": "buy", "amount": 0.1}, {"trade_seq": 7566, "trade_id": "196607342", "timestamp": 1640611962101, "tick_direction": 1, "price": 0.001, "mark_price": 0.00074789, "iv": 80.05, "instrument_name": "BTC-31DEC21-60000-C", "index_price": 51386.83, "direction": "buy", "amount": 0.1}, {"trade_seq": 7565, "trade_id": "196593787", "timestamp": 1640601805521, "tick_direction": 1, "price": 0.001, "mark_price": 0.00070389, "iv": 84.19, "instrument_name": "BTC-31DEC21-60000-C", "index_price": 50749.94, "direction": "buy", "amount": 4.1}, {"trade_seq": 7564, "trade_id": "196593786", "timestamp": 1640601805521, "tick_direction": 1, "price": 0.001, "mark_price": 0.00070389, "iv": 84.19, "instrument_name": "BTC-31DEC21-60000-C", "index_price": 50749.94, "direction": "buy", "amount": 0.1}, {"trade_seq": 7563, "trade_id": "196586290", "timestamp": 1640592161154, "tick_direction": 0, "price": 0.001, "mark_price": 0.00123476, "iv": 83.01, "instrument_name": "BTC-31DEC21-60000-C", "index_price": 50751.21, "direction": "sell", "amount": 3.0}, {"trade_seq": 7562, "trade_id": "196580392", "timestamp": 1640587490340, "tick_direction": 2, "price": 0.0005, "mark_price": 0.00101158, "iv": 72.51, "instrument_name": "BTC-31DEC21-60000-C", "index_price": 50939.44, "direction": "sell", "amount": 0.1}, {"trade_seq": 7561, "trade_id": "196574424", "timestamp": 1640579934106, "tick_direction": 3, "price": 0.001, "mark_price": 0.00121008, "iv": 80.29, "instrument_name": "BTC-31DEC21-60000-C", "index_price": 50921.72, "direction": "sell", "amount": 5.0}, {"trade_seq": 7560, "trade_id": "196574423", "timestamp": 1640579934106, "tick_direction": 3, "price": 0.001, "mark_price": 0.00121008, "iv": 80.29, "instrument_name": "BTC-31DEC21-60000-C", "index_price": 50921.72, "direction": "sell", "amount": 15.0}, {"trade_seq": 7559, "trade_id": "196574422", "timestamp": 1640579934106, "tick_direction": 3, "price": 0.001, "mark_price": 0.00121008, "iv": 80.29, "instrument_name": "BTC-31DEC21-60000-C", "index_price": 50921.72, "direction": "sell", "amount": 0.7}, {"trade_seq": 7558, "trade_id": "196574421", "timestamp": 1640579934106, "tick_direction": 3, "price": 0.001, "mark_price": 0.00121008, "iv": 80.29, "instrument_name": "BTC-31DEC21-60000-C", "index_price": 50921.72, "direction": "sell", "amount": 0.2}, {"trade_seq": 7557, "trade_id": "196574420", "timestamp": 1640579934106, "tick_direction": 3, "price": 0.001, "mark_price": 0.00121008, "iv": 80.29, "instrument_name": "BTC-31DEC21-60000-C", "index_price": 50921.72, "direction": "sell", "amount": 0.1}, {"trade_seq": 7556, "trade_id": "196574419", "timestamp": 1640579934106, "tick_direction": 3, "price": 0.001, "mark_price": 0.00121008, "iv": 80.29, "instrument_name": "BTC-31DEC21-60000-C", "index_price": 50921.72, "direction": "sell", "amount": 0.1}, {"trade_seq": 7555, "trade_id": "196574418", "timestamp": 1640579934106, "tick_direction": 3, "price": 0.001, "mark_price": 0.00121008, "iv": 80.29, "instrument_name": "BTC-31DEC21-60000-C", "index_price": 50921.72, "direction": "sell", "amount": 15.7}, {"trade_seq": 7554, "trade_id": "196572424", "timestamp": 1640577865842, "tick_direction": 3, "price": 0.001, "mark_price": 0.00119943, "iv": 79.52, "instrument_name": "BTC-31DEC21-60000-C", "index_price": 50974.56, "direction": "sell", "amount": 0.1}, {"trade_seq": 7553, "trade_id": "196569038", "timestamp": 1640575091401, "tick_direction": 3, "price": 0.001, "mark_price": 0.00125468, "iv": 79.14, "instrument_name": "BTC-31DEC21-60000-C", "index_price": 50978.61, "direction": "sell", "amount": 0.2}, {"trade_seq": 7552, "trade_id": "196561196", "timestamp": 1640565542734, "tick_direction": 2, "price": 0.001, "mark_price": 0.00114561, "iv": 80.34, "instrument_name": "BTC-31DEC21-60000-C", "index_price": 50734.96, "direction": "sell", "amount": 2.0}, {"trade_seq": 7551, "trade_id": "196558480", "timestamp": 1640562069967, "tick_direction": 0, "price": 0.0015, "mark_price": 0.00123667, "iv": 85.1, "instrument_name": "BTC-31DEC21-60000-C", "index_price": 50807.26, "direction": "buy", "amount": 1.0}, {"trade_seq": 7550, "trade_id": "196557887", "timestamp": 1640561445950, "tick_direction": 2, "price": 0.001, "mark_price": 0.00123913, "iv": 79.52, "instrument_name": "BTC-31DEC21-60000-C", "index_price": 50765.02, "direction": "sell", "amount": 0.3}, {"trade_seq": 7549, "trade_id": "196553146", "timestamp": 1640558257303, "tick_direction": 1, "price": 0.0015, "mark_price": 0.00128894, "iv": 82.55, "instrument_name": "BTC-31DEC21-60000-C", "index_price": 51052.05, "direction": "buy", "amount": 1.0}, {"trade_seq": 7548, "trade_id": "196553145", "timestamp": 1640558257303, "tick_direction": 1, "price": 0.0015, "mark_price": 0.00128894, "iv": 82.55, "instrument_name": "BTC-31DEC21-60000-C", "index_price": 51052.05, "direction": "buy", "amount": 0.1}, {"trade_seq": 7547, "trade_id": "196553144", "timestamp": 1640558257303, "tick_direction": 1, "price": 0.0015, "mark_price": 0.00128894, "iv": 82.55, "instrument_name": "BTC-31DEC21-60000-C", "index_price": 51052.05, "direction": "buy", "amount": 0.1}, {"trade_seq": 7546, "trade_id": "196553143", "timestamp": 1640558257303, "tick_direction": 1, "price": 0.0015, "mark_price": 0.00128894, "iv": 82.55, "instrument_name": "BTC-31DEC21-60000-C", "index_price": 51052.05, "direction": "buy", "amount": 7.9}, {"trade_seq": 7545, "trade_id": "196549328", "timestamp": 1640555557210, "tick_direction": 1, "price": 0.0015, "mark_price": 0.00128374, "iv": 82.74, "instrument_name": "BTC-31DEC21-60000-C", "index_price": 50995.62, "direction": "buy", "amount": 1.0}, {"trade_seq": 7544, "trade_id": "196549294", "timestamp": 1640555543621, "tick_direction": 0, "price": 0.0015, "mark_price": 0.00128808, "iv": 82.72, "instrument_name": "BTC-31DEC21-60000-C", "index_price": 50993.18, "direction": "buy", "amount": 0.1}, {"trade_seq": 7543, "trade_id": "196540101", "timestamp": 1640551872396, "tick_direction": 2, "price": 0.001, "mark_price": 0.00124178, "iv": 81.43, "instrument_name": "BTC-31DEC21-60000-C", "index_price": 50381.79, "direction": "sell", "amount": 1.0}, {"trade_seq": 7542, "trade_id": "196537993", "timestamp": 1640546134795, "tick_direction": 1, "price": 0.0015, "mark_price": 0.0011948, "iv": 87.32, "instrument_name": "BTC-31DEC21-60000-C", "index_price": 50320.95, "direction": "buy", "amount": 1.0}, {"trade_seq": 7541, "trade_id": "196531810", "timestamp": 1640537830548, "tick_direction": 1, "price": 0.0015, "mark_price": 0.00121473, "iv": 86.49, "instrument_name": "BTC-31DEC21-60000-C", "index_price": 50302.99, "direction": "buy", "amount": 5.0}, {"trade_seq": 7540, "trade_id": "196531614", "timestamp": 1640537409234, "tick_direction": 1, "price": 0.0015, "mark_price": 0.00123227, "iv": 86.1, "instrument_name": "BTC-31DEC21-60000-C", "index_price": 50351.51, "direction": "buy", "amount": 9.7}, {"trade_seq": 7539, "trade_id": "196531613", "timestamp": 1640537409234, "tick_direction": 0, "price": 0.0015, "mark_price": 0.00123227, "iv": 86.1, "instrument_name": "BTC-31DEC21-60000-C", "index_price": 50351.51, "direction": "buy", "amount": 0.3}, {"trade_seq": 7538, "trade_id": "196520682", "timestamp": 1640523384388, "tick_direction": 3, "price": 0.001, "mark_price": 0.00124143, "iv": 81.76, "instrument_name": "BTC-31DEC21-60000-C", "index_price": 49948.76, "direction": "sell", "amount": 0.1}, {"trade_seq": 7537, "trade_id": "196512603", "timestamp": 1640517248247, "tick_direction": 2, "price": 0.001, "mark_price": 0.00122328, "iv": 80.06, "instrument_name": "BTC-31DEC21-60000-C", "index_price": 50107.22, "direction": "sell", "amount": 2.0}, {"trade_seq": 7536, "trade_id": "196493335", "timestamp": 1640490911375, "tick_direction": 0, "price": 0.0015, "mark_price": 0.00128191, "iv": 85.34, "instrument_name": "BTC-31DEC21-60000-C", "index_price": 49826.88, "direction": "buy", "amount": 0.2}, {"trade_seq": 7535, "trade_id": "196491855", "timestamp": 1640490162619, "tick_direction": 2, "price": 0.001, "mark_price": 0.00123347, "iv": 79.99, "instrument_name": "BTC-31DEC21-60000-C", "index_price": 49767.98, "direction": "sell", "amount": 0.2}, {"trade_seq": 7534, "trade_id": "196472248", "timestamp": 1640477728847, "tick_direction": 0, "price": 0.0025, "mark_price": 0.00215127, "iv": 87.53, "instrument_name": "BTC-31DEC21-60000-C", "index_price": 50466.39, "direction": "buy", "amount": 0.4}, {"trade_seq": 7533, "trade_id": "196465107", "timestamp": 1640472333489, "tick_direction": 2, "price": 0.002, "mark_price": 0.00178782, "iv": 81.37, "instrument_name": "BTC-31DEC21-60000-C", "index_price": 50714.48, "direction": "buy", "amount": 10.0}, {"trade_seq": 7532, "trade_id": "196456834", "timestamp": 1640462555780, "tick_direction": 1, "price": 0.0025, "mark_price": 0.00212368, "iv": 82.33, "instrument_name": "BTC-31DEC21-60000-C", "index_price": 50920.28, "direction": "buy", "amount": 1.5}, {"trade_seq": 7531, "trade_id": "196437767", "timestamp": 1640449884280, "tick_direction": 1, "price": 0.0025, "mark_price": 0.00203322, "iv": 82.47, "instrument_name": "BTC-31DEC21-60000-C", "index_price": 50765.68, "direction": "buy", "amount": 4.8}, {"trade_seq": 7530, "trade_id": "196437766", "timestamp": 1640449884280, "tick_direction": 1, "price": 0.0025, "mark_price": 0.00203322, "iv": 82.47, "instrument_name": "BTC-31DEC21-60000-C", "index_price": 50765.68, "direction": "buy", "amount": 0.1}, {"trade_seq": 7529, "trade_id": "196437765", "timestamp": 1640449884280, "tick_direction": 0, "price": 0.0025, "mark_price": 0.00203322, "iv": 82.47, "instrument_name": "BTC-31DEC21-60000-C", "index_price": 50765.68, "direction": "buy", "amount": 0.1}, {"trade_seq": 7528, "trade_id": "196433373", "timestamp": 1640444854488, "tick_direction": 3, "price": 0.002, "mark_price": 0.00221353, "iv": 78.59, "instrument_name": "BTC-31DEC21-60000-C", "index_price": 50750.84, "direction": "buy", "amount": 1.0}, {"trade_seq": 7527, "trade_id": "196433372", "timestamp": 1640444854477, "tick_direction": 3, "price": 0.002, "mark_price": 0.00221353, "iv": 78.59, "instrument_name": "BTC-31DEC21-60000-C", "index_price": 50750.84, "direction": "sell", "amount": 2.0}, {"trade_seq": 7526, "trade_id": "196431787", "timestamp": 1640442041053, "tick_direction": 3, "price": 0.002, "mark_price": 0.00222007, "iv": 78.04, "instrument_name": "BTC-31DEC21-60000-C", "index_price": 50772.23, "direction": "sell", "amount": 0.1}, {"trade_seq": 7525, "trade_id": "196430700", "timestamp": 1640440861045, "tick_direction": 3, "price": 0.002, "mark_price": 0.00221215, "iv": 77.23, "instrument_name": "BTC-31DEC21-60000-C", "index_price": 50878.46, "direction": "sell", "amount": 2.0}, {"trade_seq": 7524, "trade_id": "196427682", "timestamp": 1640437660774, "tick_direction": 3, "price": 0.002, "mark_price": 0.00195727, "iv": 77.64, "instrument_name": "BTC-31DEC21-60000-C", "index_price": 50785.31, "direction": "sell", "amount": 1.0}, {"trade_seq": 7523, "trade_id": "196426407", "timestamp": 1640435486974, "tick_direction": 3, "price": 0.002, "mark_price": 0.00180754, "iv": 76.63, "instrument_name": "BTC-31DEC21-60000-C", "index_price": 50901.38, "direction": "buy", "amount": 1.6}, {"trade_seq": 7522, "trade_id": "196425554", "timestamp": 1640434175109, "tick_direction": 3, "price": 0.002, "mark_price": 0.0022861, "iv": 77.37, "instrument_name": "BTC-31DEC21-60000-C", "index_price": 50781.54, "direction": "sell", "amount": 5.6}, {"trade_seq": 7521, "trade_id": "196425543", "timestamp": 1640434156005, "tick_direction": 3, "price": 0.002, "mark_price": 0.00227461, "iv": 77.45, "instrument_name": "BTC-31DEC21-60000-C", "index_price": 50770.18, "direction": "buy", "amount": 14.4}, {"trade_seq": 7520, "trade_id": "196425542", "timestamp": 1640434155986, "tick_direction": 3, "price": 0.002, "mark_price": 0.00227461, "iv": 77.45, "instrument_name": "BTC-31DEC21-60000-C", "index_price": 50770.18, "direction": "buy", "amount": 2.2}, {"trade_seq": 7519, "trade_id": "196425541", "timestamp": 1640434155975, "tick_direction": 3, "price": 0.002, "mark_price": 0.00227461, "iv": 77.45, "instrument_name": "BTC-31DEC21-60000-C", "index_price": 50770.18, "direction": "sell", "amount": 8.1}, {"trade_seq": 7518, "trade_id": "196425540", "timestamp": 1640434155975, "tick_direction": 3, "price": 0.002, "mark_price": 0.00227461, "iv": 77.45, "instrument_name": "BTC-31DEC21-60000-C", "index_price": 50770.18, "direction": "sell", "amount": 2.2}, {"trade_seq": 7517, "trade_id": "196425539", "timestamp": 1640434155975, "tick_direction": 2, "price": 0.002, "mark_price": 0.00227461, "iv": 77.45, "instrument_name": "BTC-31DEC21-60000-C", "index_price": 50770.18, "direction": "sell", "amount": 3.1}, {"trade_seq": 7516, "trade_id": "196420014", "timestamp": 1640427629317, "tick_direction": 0, "price": 0.0025, "mark_price": 0.00220306, "iv": 80.38, "instrument_name": "BTC-31DEC21-60000-C", "index_price": 50794.15, "direction": "buy", "amount": 1.0}, {"trade_seq": 7515, "trade_id": "196418487", "timestamp": 1640424233817, "tick_direction": 2, "price": 0.002, "mark_price": 0.00225552, "iv": 75.14, "instrument_name": "BTC-31DEC21-60000-C", "index_price": 50996.81, "direction": "sell", "amount": 1.4}, {"trade_seq": 7514, "trade_id": "196418154", "timestamp": 1640423484071, "tick_direction": 0, "price": 0.0025, "mark_price": 0.00224956, "iv": 79.16, "instrument_name": "BTC-31DEC21-60000-C", "index_price": 50929.18, "direction": "buy", "amount": 3.0}, {"trade_seq": 7513, "trade_id": "196418142", "timestamp": 1640423448144, "tick_direction": 3, "price": 0.002, "mark_price": 0.00224834, "iv": 75.65, "instrument_name": "BTC-31DEC21-60000-C", "index_price": 50928.98, "direction": "sell", "amount": 1.5}, {"trade_seq": 7512, "trade_id": "196417556", "timestamp": 1640421565419, "tick_direction": 2, "price": 0.002, "mark_price": 0.00224362, "iv": 76.03, "instrument_name": "BTC-31DEC21-60000-C", "index_price": 50850.12, "direction": "sell", "amount": 0.1}, {"trade_seq": 7511, "trade_id": "196416436", "timestamp": 1640419831146, "tick_direction": 3, "price": 0.0025, "mark_price": 0.00273205, "iv": 78.57, "instrument_name": "BTC-31DEC21-60000-C", "index_price": 50967.94, "direction": "sell", "amount": 0.1}, {"trade_seq": 7510, "trade_id": "196416435", "timestamp": 1640419831146, "tick_direction": 3, "price": 0.0025, "mark_price": 0.00273205, "iv": 78.57, "instrument_name": "BTC-31DEC21-60000-C", "index_price": 50967.94, "direction": "sell", "amount": 0.9}, {"trade_seq": 7509, "trade_id": "196416433", "timestamp": 1640419819074, "tick_direction": 3, "price": 0.0025, "mark_price": 0.00273717, "iv": 78.54, "instrument_name": "BTC-31DEC21-60000-C", "index_price": 50971.1, "direction": "sell", "amount": 1.3}, {"trade_seq": 7508, "trade_id": "196416423", "timestamp": 1640419813021, "tick_direction": 3, "price": 0.0025, "mark_price": 0.00273904, "iv": 78.52, "instrument_name": "BTC-31DEC21-60000-C", "index_price": 50969.41, "direction": "sell", "amount": 1.2}, {"trade_seq": 7507, "trade_id": "196416419", "timestamp": 1640419806897, "tick_direction": 3, "price": 0.0025, "mark_price": 0.0027619, "iv": 78.41, "instrument_name": "BTC-31DEC21-60000-C", "index_price": 50980.79, "direction": "sell", "amount": 1.6}, {"trade_seq": 7506, "trade_id": "196415600", "timestamp": 1640418342145, "tick_direction": 2, "price": 0.0025, "mark_price": 0.00269802, "iv": 79.17, "instrument_name": "BTC-31DEC21-60000-C", "index_price": 50877.36, "direction": "sell", "amount": 5.0}, {"trade_seq": 7505, "trade_id": "196409280", "timestamp": 1640405548391, "tick_direction": 2, "price": 0.003, "mark_price": 0.003049, "iv": 80.41, "instrument_name": "BTC-31DEC21-60000-C", "index_price": 50973.67, "direction": "sell", "amount": 0.5}, {"trade_seq": 7504, "trade_id": "196392448", "timestamp": 1640379681213, "tick_direction": 3, "price": 0.0035, "mark_price": 0.00377984, "iv": 80.74, "instrument_name": "BTC-31DEC21-60000-C", "index_price": 51081.88, "direction": "sell", "amount": 3.0}, {"trade_seq": 7503, "trade_id": "196392447", "timestamp": 1640379681213, "tick_direction": 3, "price": 0.0035, "mark_price": 0.00377984, "iv": 80.74, "instrument_name": "BTC-31DEC21-60000-C", "index_price": 51081.88, "direction": "sell", "amount": 4.1}, {"trade_seq": 7502, "trade_id": "196392446", "timestamp": 1640379681213, "tick_direction": 2, "price": 0.0035, "mark_price": 0.00377984, "iv": 80.74, "instrument_name": "BTC-31DEC21-60000-C", "index_price": 51081.88, "direction": "sell", "amount": 2.9}, {"trade_seq": 7501, "trade_id": "196388351", "timestamp": 1640376310186, "tick_direction": 3, "price": 0.004, "mark_price": 0.00364347, "iv": 84.19, "instrument_name": "BTC-31DEC21-60000-C", "index_price": 50911.01, "direction": "buy", "amount": 1.0}, {"trade_seq": 7500, "trade_id": "196383471", "timestamp": 1640374035104, "tick_direction": 2, "price": 0.004, "mark_price": 0.00441876, "iv": 79.14, "instrument_name": "BTC-31DEC21-60000-C", "index_price": 51559.02, "direction": "sell", "amount": 0.5}, {"trade_seq": 7499, "trade_id": "196382636", "timestamp": 1640373447794, "tick_direction": 1, "price": 0.0045, "mark_price": 0.00411748, "iv": 81.01, "instrument_name": "BTC-31DEC21-60000-C", "index_price": 51621.53, "direction": "buy", "amount": 15.0}, {"trade_seq": 7498, "trade_id": "196382635", "timestamp": 1640373447794, "tick_direction": 1, "price": 0.0045, "mark_price": 0.00411748, "iv": 81.01, "instrument_name": "BTC-31DEC21-60000-C", "index_price": 51621.53, "direction": "buy", "amount": 2.4}, {"trade_seq": 7497, "trade_id": "196382634", "timestamp": 1640373447794, "tick_direction": 1, "price": 0.0045, "mark_price": 0.00411748, "iv": 81.01, "instrument_name": "BTC-31DEC21-60000-C", "index_price": 51621.53, "direction": "buy", "amount": 0.3}, {"trade_seq": 7496, "trade_id": "196382633", "timestamp": 1640373447794, "tick_direction": 1, "price": 0.0045, "mark_price": 0.00411748, "iv": 81.01, "instrument_name": "BTC-31DEC21-60000-C", "index_price": 51621.53, "direction": "buy", "amount": 34.0}, {"trade_seq": 7495, "trade_id": "196380993", "timestamp": 1640373096525, "tick_direction": 1, "price": 0.0045, "mark_price": 0.00408675, "iv": 79.49, "instrument_name": "BTC-31DEC21-60000-C", "index_price": 51807.84, "direction": "sell", "amount": 3.6}, {"trade_seq": 7494, "trade_id": "196380992", "timestamp": 1640373096523, "tick_direction": 1, "price": 0.0045, "mark_price": 0.00408675, "iv": 79.49, "instrument_name": "BTC-31DEC21-60000-C", "index_price": 51807.84, "direction": "sell", "amount": 3.4}, {"trade_seq": 7493, "trade_id": "196380985", "timestamp": 1640373095747, "tick_direction": 1, "price": 0.0045, "mark_price": 0.00409677, "iv": 79.53, "instrument_name": "BTC-31DEC21-60000-C", "index_price": 51812.15, "direction": "buy", "amount": 15.0}, {"trade_seq": 7492, "trade_id": "196380984", "timestamp": 1640373095747, "tick_direction": 1, "price": 0.0045, "mark_price": 0.00409677, "iv": 79.53, "instrument_name": "BTC-31DEC21-60000-C", "index_price": 51812.15, "direction": "buy", "amount": 2.0}, {"trade_seq": 7491, "trade_id": "196380983", "timestamp": 1640373095747, "tick_direction": 1, "price": 0.0045, "mark_price": 0.00409677, "iv": 79.53, "instrument_name": "BTC-31DEC21-60000-C", "index_price": 51812.15, "direction": "buy", "amount": 5.0}, {"trade_seq": 7490, "trade_id": "196380982", "timestamp": 1640373095747, "tick_direction": 0, "price": 0.0045, "mark_price": 0.00409677, "iv": 79.53, "instrument_name": "BTC-31DEC21-60000-C", "index_price": 51812.15, "direction": "buy", "amount": 0.1}, {"trade_seq": 7489, "trade_id": "196375809", "timestamp": 1640371963530, "tick_direction": 1, "price": 0.004, "mark_price": 0.00367049, "iv": 79.01, "instrument_name": "BTC-31DEC21-60000-C", "index_price": 51577.35, "direction": "buy", "amount": 0.3}, {"trade_seq": 7488, "trade_id": "196375808", "timestamp": 1640371963530, "tick_direction": 0, "price": 0.004, "mark_price": 0.00367049, "iv": 79.01, "instrument_name": "BTC-31DEC21-60000-C", "index_price": 51577.35, "direction": "buy", "amount": 25.0}, {"trade_seq": 7487, "trade_id": "196373008", "timestamp": 1640371473739, "tick_direction": 1, "price": 0.0035, "mark_price": 0.00326535, "iv": 77.61, "instrument_name": "BTC-31DEC21-60000-C", "index_price": 51407.94, "direction": "buy", "amount": 5.0}, {"trade_seq": 7486, "trade_id": "196373007", "timestamp": 1640371473739, "tick_direction": 0, "price": 0.0035, "mark_price": 0.00326535, "iv": 77.61, "instrument_name": "BTC-31DEC21-60000-C", "index_price": 51407.94, "direction": "buy", "amount": 0.5}, {"trade_seq": 7485, "trade_id": "196371376", "timestamp": 1640370525967, "tick_direction": 3, "price": 0.003, "mark_price": 0.00289659, "iv": 76.47, "instrument_name": "BTC-31DEC21-60000-C", "index_price": 51186.93, "direction": "buy", "amount": 0.5}, {"trade_seq": 7484, "trade_id": "196371366", "timestamp": 1640370525549, "tick_direction": 3, "price": 0.003, "mark_price": 0.00289659, "iv": 76.47, "instrument_name": "BTC-31DEC21-60000-C", "index_price": 51186.93, "direction": "buy", "amount": 1.4}, {"trade_seq": 7483, "trade_id": "196371306", "timestamp": 1640370523757, "tick_direction": 3, "price": 0.003, "mark_price": 0.0028907, "iv": 76.51, "instrument_name": "BTC-31DEC21-60000-C", "index_price": 51181.55, "direction": "buy", "amount": 1.3}, {"trade_seq": 7482, "trade_id": "196371300", "timestamp": 1640370521080, "tick_direction": 3, "price": 0.003, "mark_price": 0.00289292, "iv": 76.5, "instrument_name": "BTC-31DEC21-60000-C", "index_price": 51181.39, "direction": "buy", "amount": 1.8}, {"trade_seq": 7481, "trade_id": "196359412", "timestamp": 1640361350603, "tick_direction": 3, "price": 0.003, "mark_price": 0.00281819, "iv": 77.76, "instrument_name": "BTC-31DEC21-60000-C", "index_price": 50941.15, "direction": "buy", "amount": 0.1}, {"trade_seq": 7480, "trade_id": "196355508", "timestamp": 1640358233804, "tick_direction": 3, "price": 0.003, "mark_price": 0.00263036, "iv": 80.13, "instrument_name": "BTC-31DEC21-60000-C", "index_price": 50578.03, "direction": "buy", "amount": 5.0}, {"trade_seq": 7479, "trade_id": "196349586", "timestamp": 1640356713103, "tick_direction": 3, "price": 0.003, "mark_price": 0.00319653, "iv": 76.15, "instrument_name": "BTC-31DEC21-60000-C", "index_price": 51131.11, "direction": "sell", "amount": 0.6}, {"trade_seq": 7478, "trade_id": "196349030", "timestamp": 1640355774329, "tick_direction": 3, "price": 0.003, "mark_price": 0.00320248, "iv": 75.5, "instrument_name": "BTC-31DEC21-60000-C", "index_price": 51190.23, "direction": "sell", "amount": 2.6}, {"trade_seq": 7477, "trade_id": "196349029", "timestamp": 1640355774329, "tick_direction": 3, "price": 0.003, "mark_price": 0.00320248, "iv": 75.5, "instrument_name": "BTC-31DEC21-60000-C", "index_price": 51190.23, "direction": "sell", "amount": 2.4}, {"trade_seq": 7476, "trade_id": "196340721", "timestamp": 1640349016559, "tick_direction": 3, "price": 0.003, "mark_price": 0.00290645, "iv": 76.85, "instrument_name": "BTC-31DEC21-60000-C", "index_price": 50951.85, "direction": "buy", "amount": 0.4}, {"trade_seq": 7475, "trade_id": "196337701", "timestamp": 1640346772893, "tick_direction": 3, "price": 0.003, "mark_price": 0.0031816, "iv": 76.53, "instrument_name": "BTC-31DEC21-60000-C", "index_price": 50971.36, "direction": "sell", "amount": 0.5}, {"trade_seq": 7474, "trade_id": "196336948", "timestamp": 1640346440179, "tick_direction": 3, "price": 0.003, "mark_price": 0.00321039, "iv": 75.64, "instrument_name": "BTC-31DEC21-60000-C", "index_price": 51104.44, "direction": "sell", "amount": 0.9}, {"trade_seq": 7473, "trade_id": "196336947", "timestamp": 1640346440179, "tick_direction": 3, "price": 0.003, "mark_price": 0.00321039, "iv": 75.64, "instrument_name": "BTC-31DEC21-60000-C", "index_price": 51104.44, "direction": "sell", "amount": 0.3}, {"trade_seq": 7472, "trade_id": "196336946", "timestamp": 1640346440179, "tick_direction": 3, "price": 0.003, "mark_price": 0.00321039, "iv": 75.64, "instrument_name": "BTC-31DEC21-60000-C", "index_price": 51104.44, "direction": "sell", "amount": 1.8}, {"trade_seq": 7471, "trade_id": "196332196", "timestamp": 1640343295982, "tick_direction": 3, "price": 0.003, "mark_price": 0.00340748, "iv": 74.97, "instrument_name": "BTC-31DEC21-60000-C", "index_price": 51179.67, "direction": "sell", "amount": 0.4}, {"trade_seq": 7470, "trade_id": "196332195", "timestamp": 1640343295982, "tick_direction": 2, "price": 0.003, "mark_price": 0.00340748, "iv": 74.97, "instrument_name": "BTC-31DEC21-60000-C", "index_price": 51179.67, "direction": "sell", "amount": 0.1}, {"trade_seq": 7469, "trade_id": "196330534", "timestamp": 1640341329955, "tick_direction": 1, "price": 0.0035, "mark_price": 0.0035421, "iv": 77.52, "instrument_name": "BTC-31DEC21-60000-C", "index_price": 51151.63, "direction": "sell", "amount": 1.0}, {"trade_seq": 7468, "trade_id": "196330239", "timestamp": 1640341054587, "tick_direction": 1, "price": 0.0035, "mark_price": 0.00342723, "iv": 77.59, "instrument_name": "BTC-31DEC21-60000-C", "index_price": 51149.0, "direction": "buy", "amount": 0.1}, {"trade_seq": 7467, "trade_id": "196329854", "timestamp": 1640340917267, "tick_direction": 1, "price": 0.0035, "mark_price": 0.00339135, "iv": 77.56, "instrument_name": "BTC-31DEC21-60000-C", "index_price": 51155.74, "direction": "buy", "amount": 1.0}, {"trade_seq": 7466, "trade_id": "196329853", "timestamp": 1640340917116, "tick_direction": 1, "price": 0.0035, "mark_price": 0.00339135, "iv": 77.56, "instrument_name": "BTC-31DEC21-60000-C", "index_price": 51155.74, "direction": "buy", "amount": 1.0}, {"trade_seq": 7465, "trade_id": "196329852", "timestamp": 1640340917116, "tick_direction": 1, "price": 0.0035, "mark_price": 0.00339135, "iv": 77.56, "instrument_name": "BTC-31DEC21-60000-C", "index_price": 51155.74, "direction": "buy", "amount": 15.0}, {"trade_seq": 7464, "trade_id": "196329450", "timestamp": 1640340668686, "tick_direction": 0, "price": 0.0035, "mark_price": 0.00336064, "iv": 77.29, "instrument_name": "BTC-31DEC21-60000-C", "index_price": 51174.48, "direction": "buy", "amount": 37.0}, {"trade_seq": 7463, "trade_id": "196327459", "timestamp": 1640339031657, "tick_direction": 3, "price": 0.003, "mark_price": 0.00341867, "iv": 74.07, "instrument_name": "BTC-31DEC21-60000-C", "index_price": 51238.46, "direction": "sell", "amount": 1.4}, {"trade_seq": 7462, "trade_id": "196327458", "timestamp": 1640339031657, "tick_direction": 3, "price": 0.003, "mark_price": 0.00341867, "iv": 74.07, "instrument_name": "BTC-31DEC21-60000-C", "index_price": 51238.46, "direction": "sell", "amount": 1.0}, {"trade_seq": 7461, "trade_id": "196327457", "timestamp": 1640339031657, "tick_direction": 2, "price": 0.003, "mark_price": 0.00341867, "iv": 74.07, "instrument_name": "BTC-31DEC21-60000-C", "index_price": 51238.46, "direction": "sell", "amount": 2.6}, {"trade_seq": 7460, "trade_id": "196326108", "timestamp": 1640338181250, "tick_direction": 1, "price": 0.0035, "mark_price": 0.00328576, "iv": 76.18, "instrument_name": "BTC-31DEC21-60000-C", "index_price": 51303.7, "direction": "buy", "amount": 0.6}, {"trade_seq": 7459, "trade_id": "196326098", "timestamp": 1640338166227, "tick_direction": 1, "price": 0.0035, "mark_price": 0.003285, "iv": 76.19, "instrument_name": "BTC-31DEC21-60000-C", "index_price": 51299.68, "direction": "buy", "amount": 0.4}, {"trade_seq": 7458, "trade_id": "196326097", "timestamp": 1640338166227, "tick_direction": 1, "price": 0.0035, "mark_price": 0.003285, "iv": 76.19, "instrument_name": "BTC-31DEC21-60000-C", "index_price": 51299.68, "direction": "buy", "amount": 1.0}, {"trade_seq": 7457, "trade_id": "196326096", "timestamp": 1640338166227, "tick_direction": 0, "price": 0.0035, "mark_price": 0.003285, "iv": 76.19, "instrument_name": "BTC-31DEC21-60000-C", "index_price": 51299.68, "direction": "buy", "amount": 0.2}, {"trade_seq": 7456, "trade_id": "196319563", "timestamp": 1640334474444, "tick_direction": 3, "price": 0.003, "mark_price": 0.00356659, "iv": 74.08, "instrument_name": "BTC-31DEC21-60000-C", "index_price": 51168.08, "direction": "sell", "amount": 1.0}, {"trade_seq": 7455, "trade_id": "196317433", "timestamp": 1640333446953, "tick_direction": 3, "price": 0.003, "mark_price": 0.0035755, "iv": 75.32, "instrument_name": "BTC-31DEC21-60000-C", "index_price": 50965.69, "direction": "sell", "amount": 0.1}, {"trade_seq": 7454, "trade_id": "196317216", "timestamp": 1640333260180, "tick_direction": 2, "price": 0.003, "mark_price": 0.00375606, "iv": 75.15, "instrument_name": "BTC-31DEC21-60000-C", "index_price": 50980.2, "direction": "sell", "amount": 0.1}, {"trade_seq": 7453, "trade_id": "196316821", "timestamp": 1640333083435, "tick_direction": 3, "price": 0.0035, "mark_price": 0.00375608, "iv": 78.05, "instrument_name": "BTC-31DEC21-60000-C", "index_price": 50945.92, "direction": "buy", "amount": 2.1}, {"trade_seq": 7452, "trade_id": "196316820", "timestamp": 1640333082606, "tick_direction": 3, "price": 0.0035, "mark_price": 0.00375879, "iv": 78.04, "instrument_name": "BTC-31DEC21-60000-C", "index_price": 50946.34, "direction": "buy", "amount": 2.6}, {"trade_seq": 7451, "trade_id": "196316819", "timestamp": 1640333082600, "tick_direction": 3, "price": 0.0035, "mark_price": 0.00375879, "iv": 78.04, "instrument_name": "BTC-31DEC21-60000-C", "index_price": 50946.34, "direction": "sell", "amount": 3.3}, {"trade_seq": 7450, "trade_id": "196316818", "timestamp": 1640333082600, "tick_direction": 2, "price": 0.0035, "mark_price": 0.00375879, "iv": 78.04, "instrument_name": "BTC-31DEC21-60000-C", "index_price": 50946.34, "direction": "sell", "amount": 7.0}, {"trade_seq": 7449, "trade_id": "196315287", "timestamp": 1640332504522, "tick_direction": 1, "price": 0.004, "mark_price": 0.00377118, "iv": 80.37, "instrument_name": "BTC-31DEC21-60000-C", "index_price": 50972.92, "direction": "buy", "amount": 3.5}, {"trade_seq": 7448, "trade_id": "196315286", "timestamp": 1640332504522, "tick_direction": 1, "price": 0.004, "mark_price": 0.00377118, "iv": 80.37, "instrument_name": "BTC-31DEC21-60000-C", "index_price": 50972.92, "direction": "buy", "amount": 1.0}, {"trade_seq": 7447, "trade_id": "196315277", "timestamp": 1640332499115, "tick_direction": 1, "price": 0.004, "mark_price": 0.00376568, "iv": 80.38, "instrument_name": "BTC-31DEC21-60000-C", "index_price": 50971.43, "direction": "buy", "amount": 15.0}, {"trade_seq": 7446, "trade_id": "196315276", "timestamp": 1640332499115, "tick_direction": 1, "price": 0.004, "mark_price": 0.00376568, "iv": 80.38, "instrument_name": "BTC-31DEC21-60000-C", "index_price": 50971.43, "direction": "buy", "amount": 1.0}, {"trade_seq": 7445, "trade_id": "196315275", "timestamp": 1640332499115, "tick_direction": 1, "price": 0.004, "mark_price": 0.00376568, "iv": 80.38, "instrument_name": "BTC-31DEC21-60000-C", "index_price": 50971.43, "direction": "buy", "amount": 5.3}, {"trade_seq": 7444, "trade_id": "196314410", "timestamp": 1640332299545, "tick_direction": 1, "price": 0.004, "mark_price": 0.00372785, "iv": 80.18, "instrument_name": "BTC-31DEC21-60000-C", "index_price": 50992.27, "direction": "buy", "amount": 2.4}, {"trade_seq": 7443, "trade_id": "196314401", "timestamp": 1640332296922, "tick_direction": 1, "price": 0.004, "mark_price": 0.00372583, "iv": 80.18, "instrument_name": "BTC-31DEC21-60000-C", "index_price": 50992.04, "direction": "buy", "amount": 5.8}, {"trade_seq": 7442, "trade_id": "196314400", "timestamp": 1640332296922, "tick_direction": 1, "price": 0.004, "mark_price": 0.00372583, "iv": 80.18, "instrument_name": "BTC-31DEC21-60000-C", "index_price": 50992.04, "direction": "buy", "amount": 1.0}, {"trade_seq": 7441, "trade_id": "196314388", "timestamp": 1640332291292, "tick_direction": 1, "price": 0.004, "mark_price": 0.00371524, "iv": 80.2, "instrument_name": "BTC-31DEC21-60000-C", "index_price": 50990.69, "direction": "buy", "amount": 0.1}, {"trade_seq": 7440, "trade_id": "196314387", "timestamp": 1640332291292, "tick_direction": 1, "price": 0.004, "mark_price": 0.00371524, "iv": 80.2, "instrument_name": "BTC-31DEC21-60000-C", "index_price": 50990.69, "direction": "buy", "amount": 1.0}, {"trade_seq": 7439, "trade_id": "196314386", "timestamp": 1640332291292, "tick_direction": 1, "price": 0.004, "mark_price": 0.00371524, "iv": 80.2, "instrument_name": "BTC-31DEC21-60000-C", "index_price": 50990.69, "direction": "buy", "amount": 15.0}, {"trade_seq": 7438, "trade_id": "196314385", "timestamp": 1640332291292, "tick_direction": 1, "price": 0.004, "mark_price": 0.00371524, "iv": 80.2, "instrument_name": "BTC-31DEC21-60000-C", "index_price": 50990.69, "direction": "buy", "amount": 3.1}, {"trade_seq": 7437, "trade_id": "196310070", "timestamp": 1640330514136, "tick_direction": 1, "price": 0.004, "mark_price": 0.00382143, "iv": 80.17, "instrument_name": "BTC-31DEC21-60000-C", "index_price": 50989.83, "direction": "buy", "amount": 2.4}, {"trade_seq": 7436, "trade_id": "196308948", "timestamp": 1640329999275, "tick_direction": 1, "price": 0.004, "mark_price": 0.00353469, "iv": 80.24, "instrument_name": "BTC-31DEC21-60000-C", "index_price": 50974.01, "direction": "buy", "amount": 0.1}, {"trade_seq": 7435, "trade_id": "196308947", "timestamp": 1640329998440, "tick_direction": 1, "price": 0.004, "mark_price": 0.0035339, "iv": 80.24, "instrument_name": "BTC-31DEC21-60000-C", "index_price": 50974.01, "direction": "buy", "amount": 2.4}, {"trade_seq": 7434, "trade_id": "196308946", "timestamp": 1640329998440, "tick_direction": 1, "price": 0.004, "mark_price": 0.0035339, "iv": 80.24, "instrument_name": "BTC-31DEC21-60000-C", "index_price": 50974.01, "direction": "buy", "amount": 0.3}, {"trade_seq": 7433, "trade_id": "196308945", "timestamp": 1640329997427, "tick_direction": 1, "price": 0.004, "mark_price": 0.00353296, "iv": 80.24, "instrument_name": "BTC-31DEC21-60000-C", "index_price": 50974.03, "direction": "buy", "amount": 0.3}, {"trade_seq": 7432, "trade_id": "196308944", "timestamp": 1640329997427, "tick_direction": 1, "price": 0.004, "mark_price": 0.00353296, "iv": 80.24, "instrument_name": "BTC-31DEC21-60000-C", "index_price": 50974.03, "direction": "buy", "amount": 6.1}, {"trade_seq": 7431, "trade_id": "196308943", "timestamp": 1640329993002, "tick_direction": 1, "price": 0.004, "mark_price": 0.0035241, "iv": 80.24, "instrument_name": "BTC-31DEC21-60000-C", "index_price": 50973.89, "direction": "sell", "amount": 20.0}, {"trade_seq": 7430, "trade_id": "196308942", "timestamp": 1640329992963, "tick_direction": 1, "price": 0.004, "mark_price": 0.0035241, "iv": 80.24, "instrument_name": "BTC-31DEC21-60000-C", "index_price": 50973.89, "direction": "buy", "amount": 2.9}, {"trade_seq": 7429, "trade_id": "196308941", "timestamp": 1640329992963, "tick_direction": 1, "price": 0.004, "mark_price": 0.0035241, "iv": 80.24, "instrument_name": "BTC-31DEC21-60000-C", "index_price": 50973.89, "direction": "buy", "amount": 3.0}, {"trade_seq": 7428, "trade_id": "196308940", "timestamp": 1640329992963, "tick_direction": 1, "price": 0.004, "mark_price": 0.0035241, "iv": 80.24, "instrument_name": "BTC-31DEC21-60000-C", "index_price": 50973.89, "direction": "buy", "amount": 25.0}, {"trade_seq": 7427, "trade_id": "196308939", "timestamp": 1640329992963, "tick_direction": 1, "price": 0.004, "mark_price": 0.0035241, "iv": 80.24, "instrument_name": "BTC-31DEC21-60000-C", "index_price": 50973.89, "direction": "buy", "amount": 15.0}, {"trade_seq": 7426, "trade_id": "196308938", "timestamp": 1640329992963, "tick_direction": 1, "price": 0.004, "mark_price": 0.0035241, "iv": 80.24, "instrument_name": "BTC-31DEC21-60000-C", "index_price": 50973.89, "direction": "buy", "amount": 0.3}, {"trade_seq": 7425, "trade_id": "196308937", "timestamp": 1640329992963, "tick_direction": 0, "price": 0.004, "mark_price": 0.0035241, "iv": 80.24, "instrument_name": "BTC-31DEC21-60000-C", "index_price": 50973.89, "direction": "buy", "amount": 15.0}, {"trade_seq": 7424, "trade_id": "196306386", "timestamp": 1640327244284, "tick_direction": 3, "price": 0.003, "mark_price": 0.00358604, "iv": 75.06, "instrument_name": "BTC-31DEC21-60000-C", "index_price": 50942.22, "direction": "sell", "amount": 3.4}, {"trade_seq": 7423, "trade_id": "196306385", "timestamp": 1640327244284, "tick_direction": 3, "price": 0.003, "mark_price": 0.00358604, "iv": 75.06, "instrument_name": "BTC-31DEC21-60000-C", "index_price": 50942.22, "direction": "sell", "amount": 0.1}, {"trade_seq": 7422, "trade_id": "196306384", "timestamp": 1640327244284, "tick_direction": 2, "price": 0.003, "mark_price": 0.00358604, "iv": 75.06, "instrument_name": "BTC-31DEC21-60000-C", "index_price": 50942.22, "direction": "sell", "amount": 1.0}, {"trade_seq": 7421, "trade_id": "196303240", "timestamp": 1640325097776, "tick_direction": 3, "price": 0.0035, "mark_price": 0.00327673, "iv": 77.01, "instrument_name": "BTC-31DEC21-60000-C", "index_price": 51016.67, "direction": "buy", "amount": 1.0}, {"trade_seq": 7420, "trade_id": "196303206", "timestamp": 1640325036442, "tick_direction": 3, "price": 0.0035, "mark_price": 0.00326745, "iv": 77.1, "instrument_name": "BTC-31DEC21-60000-C", "index_price": 51006.09, "direction": "buy", "amount": 1.9}, {"trade_seq": 7419, "trade_id": "196303109", "timestamp": 1640324919062, "tick_direction": 3, "price": 0.0035, "mark_price": 0.00328648, "iv": 77.06, "instrument_name": "BTC-31DEC21-60000-C", "index_price": 51009.48, "direction": "buy", "amount": 1.6}, {"trade_seq": 7418, "trade_id": "196303071", "timestamp": 1640324918725, "tick_direction": 3, "price": 0.0035, "mark_price": 0.00328648, "iv": 77.06, "instrument_name": "BTC-31DEC21-60000-C", "index_price": 50999.34, "direction": "buy", "amount": 2.3}, {"trade_seq": 7417, "trade_id": "196302894", "timestamp": 1640324777775, "tick_direction": 3, "price": 0.0035, "mark_price": 0.00327368, "iv": 77.21, "instrument_name": "BTC-31DEC21-60000-C", "index_price": 50985.23, "direction": "buy", "amount": 1.6}, {"trade_seq": 7416, "trade_id": "196302755", "timestamp": 1640324630230, "tick_direction": 3, "price": 0.0035, "mark_price": 0.00326805, "iv": 77.34, "instrument_name": "BTC-31DEC21-60000-C", "index_price": 50959.8, "direction": "buy", "amount": 1.3}, {"trade_seq": 7415, "trade_id": "196299498", "timestamp": 1640322663965, "tick_direction": 2, "price": 0.0035, "mark_price": 0.00382989, "iv": 77.19, "instrument_name": "BTC-31DEC21-60000-C", "index_price": 50969.2, "direction": "sell", "amount": 0.3}, {"trade_seq": 7414, "trade_id": "196291472", "timestamp": 1640313888529, "tick_direction": 3, "price": 0.004, "mark_price": 0.00422473, "iv": 78.21, "instrument_name": "BTC-31DEC21-60000-C", "index_price": 51116.23, "direction": "sell", "amount": 3.9}, {"trade_seq": 7413, "trade_id": "196291471", "timestamp": 1640313888529, "tick_direction": 3, "price": 0.004, "mark_price": 0.00422473, "iv": 78.21, "instrument_name": "BTC-31DEC21-60000-C", "index_price": 51116.23, "direction": "sell", "amount": 0.5}, {"trade_seq": 7412, "trade_id": "196291470", "timestamp": 1640313888529, "tick_direction": 2, "price": 0.004, "mark_price": 0.00422473, "iv": 78.21, "instrument_name": "BTC-31DEC21-60000-C", "index_price": 51116.23, "direction": "sell", "amount": 0.4}, {"trade_seq": 7411, "trade_id": "196289675", "timestamp": 1640311754752, "tick_direction": 3, "price": 0.0045, "mark_price": 0.004998, "iv": 78.24, "instrument_name": "BTC-31DEC21-60000-C", "index_price": 51402.98, "direction": "sell", "amount": 1.2}, {"trade_seq": 7410, "trade_id": "196289674", "timestamp": 1640311754752, "tick_direction": 3, "price": 0.0045, "mark_price": 0.004998, "iv": 78.24, "instrument_name": "BTC-31DEC21-60000-C", "index_price": 51402.98, "direction": "sell", "amount": 0.1}, {"trade_seq": 7409, "trade_id": "196289673", "timestamp": 1640311754752, "tick_direction": 2, "price": 0.0045, "mark_price": 0.004998, "iv": 78.24, "instrument_name": "BTC-31DEC21-60000-C", "index_price": 51402.98, "direction": "sell", "amount": 3.7}, {"trade_seq": 7408, "trade_id": "196285345", "timestamp": 1640309736748, "tick_direction": 1, "price": 0.005, "mark_price": 0.00471183, "iv": 80.95, "instrument_name": "BTC-31DEC21-60000-C", "index_price": 51312.23, "direction": "buy", "amount": 5.0}, {"trade_seq": 7407, "trade_id": "196285266", "timestamp": 1640309725328, "tick_direction": 1, "price": 0.005, "mark_price": 0.00470482, "iv": 80.99, "instrument_name": "BTC-31DEC21-60000-C", "index_price": 51309.49, "direction": "sell", "amount": 1.5}, {"trade_seq": 7406, "trade_id": "196285265", "timestamp": 1640309725320, "tick_direction": 1, "price": 0.005, "mark_price": 0.00470482, "iv": 80.99, "instrument_name": "BTC-31DEC21-60000-C", "index_price": 51309.49, "direction": "sell", "amount": 5.2}, {"trade_seq": 7405, "trade_id": "196285264", "timestamp": 1640309725316, "tick_direction": 1, "price": 0.005, "mark_price": 0.00470482, "iv": 80.99, "instrument_name": "BTC-31DEC21-60000-C", "index_price": 51309.49, "direction": "buy", "amount": 0.1}, {"trade_seq": 7404, "trade_id": "196285263", "timestamp": 1640309725316, "tick_direction": 1, "price": 0.005, "mark_price": 0.00470482, "iv": 80.99, "instrument_name": "BTC-31DEC21-60000-C", "index_price": 51309.49, "direction": "buy", "amount": 2.3}, {"trade_seq": 7403, "trade_id": "196285262", "timestamp": 1640309725316, "tick_direction": 1, "price": 0.005, "mark_price": 0.00470482, "iv": 80.99, "instrument_name": "BTC-31DEC21-60000-C", "index_price": 51309.49, "direction": "buy", "amount": 0.7}, {"trade_seq": 7402, "trade_id": "196285261", "timestamp": 1640309725316, "tick_direction": 0, "price": 0.005, "mark_price": 0.00470482, "iv": 80.99, "instrument_name": "BTC-31DEC21-60000-C", "index_price": 51309.49, "direction": "buy", "amount": 0.2}, {"trade_seq": 7401, "trade_id": "196283401", "timestamp": 1640308963727, "tick_direction": 0, "price": 0.0045, "mark_price": 0.00452513, "iv": 81.1, "instrument_name": "BTC-31DEC21-60000-C", "index_price": 51001.94, "direction": "sell", "amount": 0.1}, {"trade_seq": 7400, "trade_id": "196278115", "timestamp": 1640305467457, "tick_direction": 3, "price": 0.004, "mark_price": 0.00427993, "iv": 79.98, "instrument_name": "BTC-31DEC21-60000-C", "index_price": 50796.78, "direction": "sell", "amount": 0.1}, {"trade_seq": 7399, "trade_id": "196274484", "timestamp": 1640302054455, "tick_direction": 2, "price": 0.004, "mark_price": 0.00420961, "iv": 80.49, "instrument_name": "BTC-31DEC21-60000-C", "index_price": 50694.25, "direction": "sell", "amount": 0.5}, {"trade_seq": 7398, "trade_id": "196265350", "timestamp": 1640292806187, "tick_direction": 2, "price": 0.0045, "mark_price": 0.00489978, "iv": 80.0, "instrument_name": "BTC-31DEC21-60000-C", "index_price": 51031.03, "direction": "sell", "amount": 0.1}, {"trade_seq": 7397, "trade_id": "196264087", "timestamp": 1640291408268, "tick_direction": 1, "price": 0.005, "mark_price": 0.00477009, "iv": 83.05, "instrument_name": "BTC-31DEC21-60000-C", "index_price": 50845.43, "direction": "buy", "amount": 8.0}, {"trade_seq": 7396, "trade_id": "196264086", "timestamp": 1640291408268, "tick_direction": 0, "price": 0.005, "mark_price": 0.00477009, "iv": 83.05, "instrument_name": "BTC-31DEC21-60000-C", "index_price": 50845.43, "direction": "buy", "amount": 11.6}, {"trade_seq": 7395, "trade_id": "196263127", "timestamp": 1640290990255, "tick_direction": 3, "price": 0.0045, "mark_price": 0.00464925, "iv": 81.17, "instrument_name": "BTC-31DEC21-60000-C", "index_price": 50809.92, "direction": "sell", "amount": 0.4}, {"trade_seq": 7394, "trade_id": "196263126", "timestamp": 1640290990255, "tick_direction": 2, "price": 0.0045, "mark_price": 0.00464925, "iv": 81.17, "instrument_name": "BTC-31DEC21-60000-C", "index_price": 50809.92, "direction": "sell", "amount": 0.6}, {"trade_seq": 7393, "trade_id": "196261295", "timestamp": 1640289948266, "tick_direction": 3, "price": 0.005, "mark_price": 0.00486906, "iv": 81.63, "instrument_name": "BTC-31DEC21-60000-C", "index_price": 51011.74, "direction": "buy", "amount": 1.0}, {"trade_seq": 7392, "trade_id": "196259133", "timestamp": 1640289544061, "tick_direction": 3, "price": 0.005, "mark_price": 0.0050798, "iv": 80.29, "instrument_name": "BTC-31DEC21-60000-C", "index_price": 51212.59, "direction": "sell", "amount": 3.8}, {"trade_seq": 7391, "trade_id": "196258703", "timestamp": 1640289315241, "tick_direction": 2, "price": 0.005, "mark_price": 0.00500016, "iv": 80.23, "instrument_name": "BTC-31DEC21-60000-C", "index_price": 51238.84, "direction": "buy", "amount": 0.5}, {"trade_seq": 7390, "trade_id": "196256825", "timestamp": 1640289031405, "tick_direction": 0, "price": 0.0055, "mark_price": 0.00522842, "iv": 81.4, "instrument_name": "BTC-31DEC21-60000-C", "index_price": 51317.04, "direction": "buy", "amount": 12.2}, {"trade_seq": 7389, "trade_id": "196255182", "timestamp": 1640288779981, "tick_direction": 1, "price": 0.005, "mark_price": 0.00505927, "iv": 79.8, "instrument_name": "BTC-31DEC21-60000-C", "index_price": 51281.55, "direction": "buy", "amount": 0.8}, {"trade_seq": 7388, "trade_id": "196255105", "timestamp": 1640288777994, "tick_direction": 1, "price": 0.005, "mark_price": 0.00505626, "iv": 79.92, "instrument_name": "BTC-31DEC21-60000-C", "index_price": 51257.47, "direction": "buy", "amount": 0.1}, {"trade_seq": 7387, "trade_id": "196255103", "timestamp": 1640288777962, "tick_direction": 1, "price": 0.005, "mark_price": 0.00505626, "iv": 79.92, "instrument_name": "BTC-31DEC21-60000-C", "index_price": 51257.47, "direction": "buy", "amount": 0.1}, {"trade_seq": 7386, "trade_id": "196255099", "timestamp": 1640288777933, "tick_direction": 1, "price": 0.005, "mark_price": 0.00505626, "iv": 79.92, "instrument_name": "BTC-31DEC21-60000-C", "index_price": 51257.47, "direction": "buy", "amount": 1.9}, {"trade_seq": 7385, "trade_id": "196251251", "timestamp": 1640288147180, "tick_direction": 0, "price": 0.005, "mark_price": 0.00462893, "iv": 82.0, "instrument_name": "BTC-31DEC21-60000-C", "index_price": 50956.06, "direction": "buy", "amount": 1.0}, {"trade_seq": 7384, "trade_id": "196250076", "timestamp": 1640287586531, "tick_direction": 2, "price": 0.0045, "mark_price": 0.00447055, "iv": 80.44, "instrument_name": "BTC-31DEC21-60000-C", "index_price": 50880.44, "direction": "buy", "amount": 0.3}, {"trade_seq": 7383, "trade_id": "196249748", "timestamp": 1640287450657, "tick_direction": 0, "price": 0.005, "mark_price": 0.00448677, "iv": 82.64, "instrument_name": "BTC-31DEC21-60000-C", "index_price": 50869.37, "direction": "buy", "amount": 0.1}, {"trade_seq": 7382, "trade_id": "196248998", "timestamp": 1640287312447, "tick_direction": 1, "price": 0.0045, "mark_price": 0.00456698, "iv": 80.11, "instrument_name": "BTC-31DEC21-60000-C", "index_price": 50917.7, "direction": "buy", "amount": 0.1}, {"trade_seq": 7381, "trade_id": "196248997", "timestamp": 1640287312447, "tick_direction": 1, "price": 0.0045, "mark_price": 0.00456698, "iv": 80.11, "instrument_name": "BTC-31DEC21-60000-C", "index_price": 50917.7, "direction": "buy", "amount": 5.7}, {"trade_seq": 7380, "trade_id": "196242391", "timestamp": 1640284257048, "tick_direction": 0, "price": 0.0045, "mark_price": 0.00433215, "iv": 81.28, "instrument_name": "BTC-31DEC21-60000-C", "index_price": 50724.41, "direction": "buy", "amount": 2.0}, {"trade_seq": 7379, "trade_id": "196240956", "timestamp": 1640284002751, "tick_direction": 3, "price": 0.004, "mark_price": 0.0040531, "iv": 80.11, "instrument_name": "BTC-31DEC21-60000-C", "index_price": 50572.07, "direction": "sell", "amount": 1.0}, {"trade_seq": 7378, "trade_id": "196240796", "timestamp": 1640283960636, "tick_direction": 3, "price": 0.004, "mark_price": 0.00394142, "iv": 80.47, "instrument_name": "BTC-31DEC21-60000-C", "index_price": 50521.98, "direction": "buy", "amount": 0.9}, {"trade_seq": 7377, "trade_id": "196240762", "timestamp": 1640283960328, "tick_direction": 3, "price": 0.004, "mark_price": 0.00394056, "iv": 80.47, "instrument_name": "BTC-31DEC21-60000-C", "index_price": 50521.98, "direction": "buy", "amount": 1.2}, {"trade_seq": 7376, "trade_id": "196240641", "timestamp": 1640283937657, "tick_direction": 3, "price": 0.004, "mark_price": 0.00395265, "iv": 80.51, "instrument_name": "BTC-31DEC21-60000-C", "index_price": 50512.13, "direction": "buy", "amount": 1.5}, {"trade_seq": 7375, "trade_id": "196240618", "timestamp": 1640283914457, "tick_direction": 3, "price": 0.004, "mark_price": 0.00393876, "iv": 80.66, "instrument_name": "BTC-31DEC21-60000-C", "index_price": 50489.5, "direction": "buy", "amount": 1.2}, {"trade_seq": 7374, "trade_id": "196239898", "timestamp": 1640283632965, "tick_direction": 3, "price": 0.004, "mark_price": 0.00414803, "iv": 80.91, "instrument_name": "BTC-31DEC21-60000-C", "index_price": 50461.71, "direction": "sell", "amount": 2.7}, {"trade_seq": 7373, "trade_id": "196239897", "timestamp": 1640283632965, "tick_direction": 2, "price": 0.004, "mark_price": 0.00414803, "iv": 80.91, "instrument_name": "BTC-31DEC21-60000-C", "index_price": 50461.71, "direction": "sell", "amount": 2.5}, {"trade_seq": 7372, "trade_id": "196239893", "timestamp": 1640283625552, "tick_direction": 0, "price": 0.0045, "mark_price": 0.00413977, "iv": 83.21, "instrument_name": "BTC-31DEC21-60000-C", "index_price": 50459.41, "direction": "buy", "amount": 0.5}, {"trade_seq": 7371, "trade_id": "196238211", "timestamp": 1640283318001, "tick_direction": 3, "price": 0.004, "mark_price": 0.0041991, "iv": 80.79, "instrument_name": "BTC-31DEC21-60000-C", "index_price": 50481.38, "direction": "buy", "amount": 4.3}, {"trade_seq": 7370, "trade_id": "196238065", "timestamp": 1640283312970, "tick_direction": 3, "price": 0.004, "mark_price": 0.0041631, "iv": 80.99, "instrument_name": "BTC-31DEC21-60000-C", "index_price": 50458.74, "direction": "buy", "amount": 1.3}, {"trade_seq": 7369, "trade_id": "196237717", "timestamp": 1640283243745, "tick_direction": 2, "price": 0.004, "mark_price": 0.00417828, "iv": 81.43, "instrument_name": "BTC-31DEC21-60000-C", "index_price": 50396.43, "direction": "sell", "amount": 2.4}, {"trade_seq": 7368, "trade_id": "196237134", "timestamp": 1640283021690, "tick_direction": 1, "price": 0.0045, "mark_price": 0.00417194, "iv": 83.98, "instrument_name": "BTC-31DEC21-60000-C", "index_price": 50362.26, "direction": "buy", "amount": 1.0}, {"trade_seq": 7367, "trade_id": "196236696", "timestamp": 1640282863961, "tick_direction": 0, "price": 0.0045, "mark_price": 0.00408752, "iv": 84.03, "instrument_name": "BTC-31DEC21-60000-C", "index_price": 50329.29, "direction": "buy", "amount": 1.0}, {"trade_seq": 7366, "trade_id": "196236011", "timestamp": 1640282688612, "tick_direction": 2, "price": 0.004, "mark_price": 0.003968, "iv": 82.05, "instrument_name": "BTC-31DEC21-60000-C", "index_price": 50278.19, "direction": "sell", "amount": 1.0}, {"trade_seq": 7365, "trade_id": "196235473", "timestamp": 1640282597848, "tick_direction": 0, "price": 0.0045, "mark_price": 0.0040787, "iv": 83.49, "instrument_name": "BTC-31DEC21-60000-C", "index_price": 50385.29, "direction": "buy", "amount": 1.0}, {"trade_seq": 7364, "trade_id": "196234794", "timestamp": 1640282531428, "tick_direction": 0, "price": 0.004, "mark_price": 0.00404988, "iv": 81.23, "instrument_name": "BTC-31DEC21-60000-C", "index_price": 50378.54, "direction": "buy", "amount": 0.5}, {"trade_seq": 7363, "trade_id": "196233089", "timestamp": 1640282230082, "tick_direction": 1, "price": 0.0035, "mark_price": 0.00358256, "iv": 81.09, "instrument_name": "BTC-31DEC21-60000-C", "index_price": 50059.99, "direction": "sell", "amount": 1.0}, {"trade_seq": 7362, "trade_id": "196230278", "timestamp": 1640281752914, "tick_direction": 1, "price": 0.0035, "mark_price": 0.00347962, "iv": 81.37, "instrument_name": "BTC-31DEC21-60000-C", "index_price": 49991.1, "direction": "sell", "amount": 0.1}, {"trade_seq": 7361, "trade_id": "196227791", "timestamp": 1640281565018, "tick_direction": 1, "price": 0.0035, "mark_price": 0.00316496, "iv": 82.42, "instrument_name": "BTC-31DEC21-60000-C", "index_price": 49849.63, "direction": "buy", "amount": 39.0}, {"trade_seq": 7360, "trade_id": "196227790", "timestamp": 1640281565018, "tick_direction": 1, "price": 0.0035, "mark_price": 0.00316496, "iv": 82.42, "instrument_name": "BTC-31DEC21-60000-C", "index_price": 49849.63, "direction": "buy", "amount": 5.3}, {"trade_seq": 7359, "trade_id": "196227789", "timestamp": 1640281565018, "tick_direction": 1, "price": 0.0035, "mark_price": 0.00316496, "iv": 82.42, "instrument_name": "BTC-31DEC21-60000-C", "index_price": 49849.63, "direction": "buy", "amount": 0.3}, {"trade_seq": 7358, "trade_id": "196227788", "timestamp": 1640281565018, "tick_direction": 0, "price": 0.0035, "mark_price": 0.00316496, "iv": 82.42, "instrument_name": "BTC-31DEC21-60000-C", "index_price": 49849.63, "direction": "buy", "amount": 0.5}, {"trade_seq": 7357, "trade_id": "196218745", "timestamp": 1640278000701, "tick_direction": 0, "price": 0.0025, "mark_price": 0.00242776, "iv": 82.01, "instrument_name": "BTC-31DEC21-60000-C", "index_price": 49033.45, "direction": "buy", "amount": 0.1}, {"trade_seq": 7356, "trade_id": "196210907", "timestamp": 1640272542821, "tick_direction": 3, "price": 0.002, "mark_price": 0.00227657, "iv": 80.45, "instrument_name": "BTC-31DEC21-60000-C", "index_price": 48685.01, "direction": "sell", "amount": 0.3}, {"trade_seq": 7355, "trade_id": "196209761", "timestamp": 1640271228884, "tick_direction": 3, "price": 0.002, "mark_price": 0.00224969, "iv": 81.31, "instrument_name": "BTC-31DEC21-60000-C", "index_price": 48543.87, "direction": "sell", "amount": 18.6}, {"trade_seq": 7354, "trade_id": "196209760", "timestamp": 1640271228884, "tick_direction": 3, "price": 0.002, "mark_price": 0.00224969, "iv": 81.31, "instrument_name": "BTC-31DEC21-60000-C", "index_price": 48543.87, "direction": "sell", "amount": 1.4}, {"trade_seq": 7353, "trade_id": "196196686", "timestamp": 1640258882940, "tick_direction": 3, "price": 0.002, "mark_price": 0.0024497, "iv": 81.5, "instrument_name": "BTC-31DEC21-60000-C", "index_price": 48388.91, "direction": "sell", "amount": 0.4}, {"trade_seq": 7352, "trade_id": "196196685", "timestamp": 1640258882940, "tick_direction": 2, "price": 0.002, "mark_price": 0.0024497, "iv": 81.5, "instrument_name": "BTC-31DEC21-60000-C", "index_price": 48388.91, "direction": "sell", "amount": 1.6}, {"trade_seq": 7351, "trade_id": "196196629", "timestamp": 1640258766015, "tick_direction": 2, "price": 0.0022, "mark_price": 0.00241905, "iv": 83.03, "instrument_name": "BTC-31DEC21-60000-C", "index_price": 48372.47, "direction": "sell", "block_trade_id": "27918", "amount": 50.0}, {"trade_seq": 7350, "trade_id": "196189321", "timestamp": 1640248456596, "tick_direction": 3, "price": 0.0025, "mark_price": 0.00250443, "iv": 84.85, "instrument_name": "BTC-31DEC21-60000-C", "index_price": 48298.14, "direction": "sell", "amount": 0.3}, {"trade_seq": 7349, "trade_id": "196189320", "timestamp": 1640248434425, "tick_direction": 3, "price": 0.0025, "mark_price": 0.00248595, "iv": 84.83, "instrument_name": "BTC-31DEC21-60000-C", "index_price": 48300.78, "direction": "sell", "amount": 1.2}, {"trade_seq": 7348, "trade_id": "196189317", "timestamp": 1640248416276, "tick_direction": 3, "price": 0.0025, "mark_price": 0.00247218, "iv": 84.8, "instrument_name": "BTC-31DEC21-60000-C", "index_price": 48303.59, "direction": "sell", "amount": 1.2}, {"trade_seq": 7347, "trade_id": "196189314", "timestamp": 1640248410784, "tick_direction": 3, "price": 0.0025, "mark_price": 0.00247585, "iv": 84.73, "instrument_name": "BTC-31DEC21-60000-C", "index_price": 48314.16, "direction": "sell", "amount": 1.2}, {"trade_seq": 7346, "trade_id": "196188756", "timestamp": 1640248291028, "tick_direction": 3, "price": 0.0025, "mark_price": 0.00227434, "iv": 85.0, "instrument_name": "BTC-31DEC21-60000-C", "index_price": 48276.96, "direction": "buy", "amount": 1.1}, {"trade_seq": 7345, "trade_id": "196186939", "timestamp": 1640246881866, "tick_direction": 3, "price": 0.0025, "mark_price": 0.00235898, "iv": 85.32, "instrument_name": "BTC-31DEC21-60000-C", "index_price": 48213.91, "direction": "buy", "amount": 1.5}, {"trade_seq": 7344, "trade_id": "196185236", "timestamp": 1640246157883, "tick_direction": 3, "price": 0.0025, "mark_price": 0.00268247, "iv": 86.12, "instrument_name": "BTC-31DEC21-60000-C", "index_price": 48076.4, "direction": "sell", "amount": 0.2}, {"trade_seq": 7343, "trade_id": "196184962", "timestamp": 1640245963063, "tick_direction": 2, "price": 0.0025, "mark_price": 0.00272252, "iv": 85.58, "instrument_name": "BTC-31DEC21-60000-C", "index_price": 48148.41, "direction": "sell", "amount": 0.6}, {"trade_seq": 7342, "trade_id": "196182315", "timestamp": 1640243733548, "tick_direction": 1, "price": 0.003, "mark_price": 0.00268754, "iv": 86.76, "instrument_name": "BTC-31DEC21-60000-C", "index_price": 48433.09, "direction": "buy", "amount": 3.0}, {"trade_seq": 7341, "trade_id": "196178409", "timestamp": 1640236616099, "tick_direction": 1, "price": 0.003, "mark_price": 0.00274623, "iv": 85.63, "instrument_name": "BTC-31DEC21-60000-C", "index_price": 48540.61, "direction": "buy", "amount": 1.6}, {"trade_seq": 7340, "trade_id": "196178408", "timestamp": 1640236616099, "tick_direction": 1, "price": 0.003, "mark_price": 0.00274623, "iv": 85.63, "instrument_name": "BTC-31DEC21-60000-C", "index_price": 48540.61, "direction": "buy", "amount": 0.1}, {"trade_seq": 7339, "trade_id": "196178407", "timestamp": 1640236616099, "tick_direction": 0, "price": 0.003, "mark_price": 0.00274623, "iv": 85.63, "instrument_name": "BTC-31DEC21-60000-C", "index_price": 48540.61, "direction": "buy", "amount": 0.3}, {"trade_seq": 7338, "trade_id": "196177136", "timestamp": 1640232299139, "tick_direction": 1, "price": 0.0025, "mark_price": 0.00270941, "iv": 82.32, "instrument_name": "BTC-31DEC21-60000-C", "index_price": 48547.63, "direction": "sell", "amount": 0.1}, {"trade_seq": 7337, "trade_id": "196177135", "timestamp": 1640232298739, "tick_direction": 1, "price": 0.0025, "mark_price": 0.00270941, "iv": 82.32, "instrument_name": "BTC-31DEC21-60000-C", "index_price": 48547.24, "direction": "sell", "amount": 0.1}, {"trade_seq": 7336, "trade_id": "196176278", "timestamp": 1640230603519, "tick_direction": 1, "price": 0.0025, "mark_price": 0.00234307, "iv": 83.01, "instrument_name": "BTC-31DEC21-60000-C", "index_price": 48429.48, "direction": "buy", "amount": 0.5}, {"trade_seq": 7335, "trade_id": "196176274", "timestamp": 1640230587915, "tick_direction": 1, "price": 0.0025, "mark_price": 0.00234928, "iv": 83.04, "instrument_name": "BTC-31DEC21-60000-C", "index_price": 48421.8, "direction": "buy", "amount": 1.2}, {"trade_seq": 7334, "trade_id": "196176260", "timestamp": 1640230526054, "tick_direction": 1, "price": 0.0025, "mark_price": 0.00236732, "iv": 83.12, "instrument_name": "BTC-31DEC21-60000-C", "index_price": 48404.78, "direction": "buy", "amount": 1.4}, {"trade_seq": 7333, "trade_id": "196176222", "timestamp": 1640230498238, "tick_direction": 1, "price": 0.0025, "mark_price": 0.00235535, "iv": 83.29, "instrument_name": "BTC-31DEC21-60000-C", "index_price": 48374.81, "direction": "buy", "amount": 1.5}, {"trade_seq": 7332, "trade_id": "196176208", "timestamp": 1640230497882, "tick_direction": 1, "price": 0.0025, "mark_price": 0.00235535, "iv": 83.29, "instrument_name": "BTC-31DEC21-60000-C", "index_price": 48374.81, "direction": "buy", "amount": 1.7}, {"trade_seq": 7331, "trade_id": "196176152", "timestamp": 1640230301375, "tick_direction": 1, "price": 0.0025, "mark_price": 0.0024586, "iv": 83.41, "instrument_name": "BTC-31DEC21-60000-C", "index_price": 48360.49, "direction": "buy", "amount": 1.2}, {"trade_seq": 7330, "trade_id": "196176135", "timestamp": 1640230215342, "tick_direction": 1, "price": 0.0025, "mark_price": 0.00253123, "iv": 83.38, "instrument_name": "BTC-31DEC21-60000-C", "index_price": 48366.11, "direction": "buy", "amount": 2.5}, {"trade_seq": 7329, "trade_id": "196171927", "timestamp": 1640225205635, "tick_direction": 0, "price": 0.0025, "mark_price": 0.00274125, "iv": 82.67, "instrument_name": "BTC-31DEC21-60000-C", "index_price": 48441.31, "direction": "sell", "amount": 1.0}, {"trade_seq": 7328, "trade_id": "196170556", "timestamp": 1640222728700, "tick_direction": 2, "price": 0.0022, "mark_price": 0.00275526, "iv": 82.02, "instrument_name": "BTC-31DEC21-60000-C", "index_price": 48196.43, "direction": "sell", "block_trade_id": "27912", "amount": 50.0}, {"trade_seq": 7327, "trade_id": "196170030", "timestamp": 1640221845694, "tick_direction": 3, "price": 0.0025, "mark_price": 0.00273731, "iv": 83.22, "instrument_name": "BTC-31DEC21-60000-C", "index_price": 48308.26, "direction": "sell", "amount": 0.1}, {"trade_seq": 7326, "trade_id": "196170029", "timestamp": 1640221845694, "tick_direction": 3, "price": 0.0025, "mark_price": 0.00273731, "iv": 83.22, "instrument_name": "BTC-31DEC21-60000-C", "index_price": 48308.26, "direction": "sell", "amount": 0.4}, {"trade_seq": 7325, "trade_id": "196169860", "timestamp": 1640221547177, "tick_direction": 3, "price": 0.0025, "mark_price": 0.00273167, "iv": 83.54, "instrument_name": "BTC-31DEC21-60000-C", "index_price": 48249.91, "direction": "sell", "amount": 0.1}, {"trade_seq": 7324, "trade_id": "196169854", "timestamp": 1640221491092, "tick_direction": 3, "price": 0.0025, "mark_price": 0.00273845, "iv": 83.49, "instrument_name": "BTC-31DEC21-60000-C", "index_price": 48258.24, "direction": "sell", "amount": 0.5}, {"trade_seq": 7323, "trade_id": "196167650", "timestamp": 1640219489443, "tick_direction": 2, "price": 0.0025, "mark_price": 0.00270904, "iv": 83.92, "instrument_name": "BTC-31DEC21-60000-C", "index_price": 48177.36, "direction": "sell", "amount": 0.5}, {"trade_seq": 7322, "trade_id": "196160995", "timestamp": 1640214796280, "tick_direction": 2, "price": 0.0034, "mark_price": 0.00289452, "iv": 85.19, "instrument_name": "BTC-31DEC21-60000-C", "index_price": 48766.13, "direction": "buy", "block_trade_id": "27909", "amount": 50.0}, {"trade_seq": 7321, "trade_id": "196156878", "timestamp": 1640209017123, "tick_direction": 0, "price": 0.0035, "mark_price": 0.00341539, "iv": 83.65, "instrument_name": "BTC-31DEC21-60000-C", "index_price": 49005.96, "direction": "sell", "amount": 2.0}, {"trade_seq": 7320, "trade_id": "196150468", "timestamp": 1640200683444, "tick_direction": 3, "price": 0.003, "mark_price": 0.00316308, "iv": 82.27, "instrument_name": "BTC-31DEC21-60000-C", "index_price": 48760.35, "direction": "buy", "amount": 0.2}, {"trade_seq": 7319, "trade_id": "196150464", "timestamp": 1640200668703, "tick_direction": 3, "price": 0.003, "mark_price": 0.00319148, "iv": 82.27, "instrument_name": "BTC-31DEC21-60000-C", "index_price": 48755.24, "direction": "buy", "amount": 1.2}, {"trade_seq": 7318, "trade_id": "196150417", "timestamp": 1640200607301, "tick_direction": 3, "price": 0.003, "mark_price": 0.00329525, "iv": 82.4, "instrument_name": "BTC-31DEC21-60000-C", "index_price": 48732.14, "direction": "sell", "amount": 0.6}, {"trade_seq": 7317, "trade_id": "196148769", "timestamp": 1640198540169, "tick_direction": 2, "price": 0.003, "mark_price": 0.00314414, "iv": 82.88, "instrument_name": "BTC-31DEC21-60000-C", "index_price": 48646.87, "direction": "sell", "amount": 0.4}, {"trade_seq": 7316, "trade_id": "196143356", "timestamp": 1640192143440, "tick_direction": 0, "price": 0.004, "mark_price": 0.00347947, "iv": 85.55, "instrument_name": "BTC-31DEC21-60000-C", "index_price": 48992.3, "direction": "buy", "amount": 0.1}, {"trade_seq": 7315, "trade_id": "196125175", "timestamp": 1640176642057, "tick_direction": 3, "price": 0.0035, "mark_price": 0.00338087, "iv": 83.51, "instrument_name": "BTC-31DEC21-60000-C", "index_price": 48754.7, "direction": "buy", "amount": 2.3}, {"trade_seq": 7314, "trade_id": "196124581", "timestamp": 1640176360961, "tick_direction": 3, "price": 0.0035, "mark_price": 0.00361001, "iv": 83.68, "instrument_name": "BTC-31DEC21-60000-C", "index_price": 48731.34, "direction": "sell", "amount": 1.0}, {"trade_seq": 7313, "trade_id": "196124580", "timestamp": 1640176360961, "tick_direction": 3, "price": 0.0035, "mark_price": 0.00361001, "iv": 83.68, "instrument_name": "BTC-31DEC21-60000-C", "index_price": 48731.34, "direction": "sell", "amount": 6.7}, {"trade_seq": 7312, "trade_id": "196124432", "timestamp": 1640176315617, "tick_direction": 3, "price": 0.0035, "mark_price": 0.00366765, "iv": 83.42, "instrument_name": "BTC-31DEC21-60000-C", "index_price": 48773.66, "direction": "sell", "amount": 0.2}, {"trade_seq": 7311, "trade_id": "196121120", "timestamp": 1640172805852, "tick_direction": 2, "price": 0.0035, "mark_price": 0.00381908, "iv": 81.38, "instrument_name": "BTC-31DEC21-60000-C", "index_price": 49080.05, "direction": "sell", "amount": 13.0}, {"trade_seq": 7310, "trade_id": "196117555", "timestamp": 1640166901937, "tick_direction": 3, "price": 0.004, "mark_price": 0.00415656, "iv": 84.65, "instrument_name": "BTC-31DEC21-60000-C", "index_price": 48898.93, "direction": "sell", "amount": 0.6}, {"trade_seq": 7309, "trade_id": "196116999", "timestamp": 1640166294755, "tick_direction": 3, "price": 0.004, "mark_price": 0.00423222, "iv": 83.89, "instrument_name": "BTC-31DEC21-60000-C", "index_price": 49003.46, "direction": "sell", "amount": 0.1}, {"trade_seq": 7308, "trade_id": "196115157", "timestamp": 1640165285479, "tick_direction": 3, "price": 0.004, "mark_price": 0.00421749, "iv": 82.46, "instrument_name": "BTC-31DEC21-60000-C", "index_price": 49216.73, "direction": "sell", "amount": 0.3}, {"trade_seq": 7307, "trade_id": "196113374", "timestamp": 1640164236745, "tick_direction": 3, "price": 0.004, "mark_price": 0.00422617, "iv": 81.74, "instrument_name": "BTC-31DEC21-60000-C", "index_price": 49312.72, "direction": "sell", "amount": 3.2}, {"trade_seq": 7306, "trade_id": "196113373", "timestamp": 1640164236745, "tick_direction": 2, "price": 0.004, "mark_price": 0.00422617, "iv": 81.74, "instrument_name": "BTC-31DEC21-60000-C", "index_price": 49312.72, "direction": "sell", "amount": 0.3}, {"trade_seq": 7305, "trade_id": "196113243", "timestamp": 1640164182908, "tick_direction": 0, "price": 0.0045, "mark_price": 0.00423982, "iv": 83.88, "instrument_name": "BTC-31DEC21-60000-C", "index_price": 49331.41, "direction": "buy", "amount": 1.0}, {"trade_seq": 7304, "trade_id": "196112619", "timestamp": 1640163152298, "tick_direction": 2, "price": 0.004, "mark_price": 0.00417373, "iv": 81.13, "instrument_name": "BTC-31DEC21-60000-C", "index_price": 49396.65, "direction": "sell", "amount": 0.1}, {"trade_seq": 7303, "trade_id": "196111940", "timestamp": 1640162308188, "tick_direction": 1, "price": 0.0045, "mark_price": 0.00434482, "iv": 82.68, "instrument_name": "BTC-31DEC21-60000-C", "index_price": 49496.25, "direction": "buy", "amount": 0.1}, {"trade_seq": 7302, "trade_id": "196111934", "timestamp": 1640162291606, "tick_direction": 1, "price": 0.0045, "mark_price": 0.00434863, "iv": 82.69, "instrument_name": "BTC-31DEC21-60000-C", "index_price": 49497.33, "direction": "buy", "amount": 0.1}, {"trade_seq": 7301, "trade_id": "196111933", "timestamp": 1640162290297, "tick_direction": 1, "price": 0.0045, "mark_price": 0.00434179, "iv": 82.75, "instrument_name": "BTC-31DEC21-60000-C", "index_price": 49496.45, "direction": "buy", "amount": 0.1}, {"trade_seq": 7300, "trade_id": "196111930", "timestamp": 1640162288186, "tick_direction": 1, "price": 0.0045, "mark_price": 0.00435657, "iv": 82.67, "instrument_name": "BTC-31DEC21-60000-C", "index_price": 49491.82, "direction": "buy", "amount": 0.1}, {"trade_seq": 7299, "trade_id": "196111921", "timestamp": 1640162283565, "tick_direction": 0, "price": 0.0045, "mark_price": 0.00436263, "iv": 82.65, "instrument_name": "BTC-31DEC21-60000-C", "index_price": 49505.24, "direction": "buy", "amount": 0.1}, {"trade_seq": 7298, "trade_id": "196104923", "timestamp": 1640153495406, "tick_direction": 2, "price": 0.0035, "mark_price": 0.00401697, "iv": 80.37, "instrument_name": "BTC-31DEC21-60000-C", "index_price": 49050.36, "direction": "sell", "amount": 0.1}, {"trade_seq": 7297, "trade_id": "196102233", "timestamp": 1640149020612, "tick_direction": 2, "price": 0.004, "mark_price": 0.00424621, "iv": 80.84, "instrument_name": "BTC-31DEC21-60000-C", "index_price": 49318.42, "direction": "sell", "amount": 0.1}, {"trade_seq": 7296, "trade_id": "196102152", "timestamp": 1640148466917, "tick_direction": 3, "price": 0.0045, "mark_price": 0.00426997, "iv": 83.0, "instrument_name": "BTC-31DEC21-60000-C", "index_price": 49335.63, "direction": "buy", "amount": 0.1}, {"trade_seq": 7295, "trade_id": "196101059", "timestamp": 1640146065276, "tick_direction": 3, "price": 0.0045, "mark_price": 0.00437931, "iv": 82.72, "instrument_name": "BTC-31DEC21-60000-C", "index_price": 49324.46, "direction": "buy", "amount": 1.0}, {"trade_seq": 7294, "trade_id": "196100988", "timestamp": 1640146062941, "tick_direction": 3, "price": 0.0045, "mark_price": 0.00434601, "iv": 82.87, "instrument_name": "BTC-31DEC21-60000-C", "index_price": 49302.8, "direction": "buy", "amount": 1.2}, {"trade_seq": 7293, "trade_id": "196096539", "timestamp": 1640141103293, "tick_direction": 2, "price": 0.0045, "mark_price": 0.00499195, "iv": 81.7, "instrument_name": "BTC-31DEC21-60000-C", "index_price": 49478.46, "direction": "sell", "amount": 0.5}, {"trade_seq": 7292, "trade_id": "196095949", "timestamp": 1640140804234, "tick_direction": 0, "price": 0.005, "mark_price": 0.00486864, "iv": 83.38, "instrument_name": "BTC-31DEC21-60000-C", "index_price": 49526.54, "direction": "buy", "amount": 0.2}, {"trade_seq": 7291, "trade_id": "196091316", "timestamp": 1640138784311, "tick_direction": 3, "price": 0.0045, "mark_price": 0.00419958, "iv": 86.16, "instrument_name": "BTC-31DEC21-60000-C", "index_price": 48765.84, "direction": "buy", "amount": 1.0}, {"trade_seq": 7290, "trade_id": "196086855", "timestamp": 1640131899599, "tick_direction": 3, "price": 0.0045, "mark_price": 0.00414587, "iv": 84.82, "instrument_name": "BTC-31DEC21-60000-C", "index_price": 48920.74, "direction": "buy", "amount": 2.4}, {"trade_seq": 7289, "trade_id": "196086854", "timestamp": 1640131899599, "tick_direction": 3, "price": 0.0045, "mark_price": 0.00414587, "iv": 84.82, "instrument_name": "BTC-31DEC21-60000-C", "index_price": 48920.74, "direction": "buy", "amount": 3.3}, {"trade_seq": 7288, "trade_id": "196086853", "timestamp": 1640131899599, "tick_direction": 3, "price": 0.0045, "mark_price": 0.00414587, "iv": 84.82, "instrument_name": "BTC-31DEC21-60000-C", "index_price": 48920.74, "direction": "buy", "amount": 15.0}, {"trade_seq": 7287, "trade_id": "196080503", "timestamp": 1640123076732, "tick_direction": 3, "price": 0.0045, "mark_price": 0.00426766, "iv": 82.75, "instrument_name": "BTC-31DEC21-60000-C", "index_price": 49144.1, "direction": "buy", "amount": 1.3}, {"trade_seq": 7286, "trade_id": "196067046", "timestamp": 1640106614814, "tick_direction": 3, "price": 0.0045, "mark_price": 0.00400523, "iv": 84.8, "instrument_name": "BTC-31DEC21-60000-C", "index_price": 48673.95, "direction": "buy", "amount": 0.1}, {"trade_seq": 7285, "trade_id": "196066749", "timestamp": 1640105923706, "tick_direction": 3, "price": 0.0045, "mark_price": 0.00394771, "iv": 84.86, "instrument_name": "BTC-31DEC21-60000-C", "index_price": 48694.87, "direction": "buy", "amount": 0.1}, {"trade_seq": 7284, "trade_id": "196066085", "timestamp": 1640105051356, "tick_direction": 2, "price": 0.0045, "mark_price": 0.00409912, "iv": 84.59, "instrument_name": "BTC-31DEC21-60000-C", "index_price": 48718.29, "direction": "buy", "amount": 0.1}, {"trade_seq": 7283, "trade_id": "196051007", "timestamp": 1640096200481, "tick_direction": 0, "price": 0.005, "mark_price": 0.00468627, "iv": 85.38, "instrument_name": "BTC-31DEC21-60000-C", "index_price": 48844.68, "direction": "buy", "amount": 0.1}, {"trade_seq": 7282, "trade_id": "196050820", "timestamp": 1640095886933, "tick_direction": 2, "price": 0.0045, "mark_price": 0.00475125, "iv": 82.88, "instrument_name": "BTC-31DEC21-60000-C", "index_price": 48920.35, "direction": "sell", "amount": 1.0}, {"trade_seq": 7281, "trade_id": "196041077", "timestamp": 1640090248868, "tick_direction": 1, "price": 0.0055, "mark_price": 0.00555856, "iv": 84.49, "instrument_name": "BTC-31DEC21-60000-C", "index_price": 49248.35, "direction": "sell", "amount": 0.2}, {"trade_seq": 7280, "trade_id": "196038747", "timestamp": 1640089535839, "tick_direction": 1, "price": 0.0055, "mark_price": 0.00522813, "iv": 85.63, "instrument_name": "BTC-31DEC21-60000-C", "index_price": 49076.26, "direction": "buy", "amount": 0.1}, {"trade_seq": 7279, "trade_id": "196038589", "timestamp": 1640089460926, "tick_direction": 1, "price": 0.0055, "mark_price": 0.00525667, "iv": 85.48, "instrument_name": "BTC-31DEC21-60000-C", "index_price": 49090.14, "direction": "sell", "amount": 1.9}, {"trade_seq": 7278, "trade_id": "196038588", "timestamp": 1640089460910, "tick_direction": 1, "price": 0.0055, "mark_price": 0.00525667, "iv": 85.48, "instrument_name": "BTC-31DEC21-60000-C", "index_price": 49090.14, "direction": "buy", "amount": 3.6}, {"trade_seq": 7277, "trade_id": "196038587", "timestamp": 1640089460910, "tick_direction": 0, "price": 0.0055, "mark_price": 0.00525667, "iv": 85.48, "instrument_name": "BTC-31DEC21-60000-C", "index_price": 49090.14, "direction": "buy", "amount": 15.0}, {"trade_seq": 7276, "trade_id": "196036064", "timestamp": 1640088980379, "tick_direction": 3, "price": 0.005, "mark_price": 0.00487588, "iv": 84.23, "instrument_name": "BTC-31DEC21-60000-C", "index_price": 48966.65, "direction": "buy", "amount": 0.1}, {"trade_seq": 7275, "trade_id": "196032941", "timestamp": 1640086787304, "tick_direction": 2, "price": 0.005, "mark_price": 0.00515367, "iv": 85.32, "instrument_name": "BTC-31DEC21-60000-C", "index_price": 48775.34, "direction": "sell", "amount": 0.4}, {"trade_seq": 7274, "trade_id": "196030480", "timestamp": 1640085022356, "tick_direction": 0, "price": 0.0055, "mark_price": 0.0052429, "iv": 87.69, "instrument_name": "BTC-31DEC21-60000-C", "index_price": 48691.95, "direction": "buy", "amount": 0.4}, {"trade_seq": 7273, "trade_id": "196029652", "timestamp": 1640083556047, "tick_direction": 0, "price": 0.005, "mark_price": 0.00506107, "iv": 85.52, "instrument_name": "BTC-31DEC21-60000-C", "index_price": 48714.22, "direction": "sell", "amount": 0.1}, {"trade_seq": 7272, "trade_id": "196026831", "timestamp": 1640081045574, "tick_direction": 2, "price": 0.0045, "mark_price": 0.00497198, "iv": 83.82, "instrument_name": "BTC-31DEC21-60000-C", "index_price": 48649.71, "direction": "sell", "amount": 0.1}, {"trade_seq": 7271, "trade_id": "196026622", "timestamp": 1640080747443, "tick_direction": 3, "price": 0.005, "mark_price": 0.0052174, "iv": 86.04, "instrument_name": "BTC-31DEC21-60000-C", "index_price": 48621.59, "direction": "sell", "amount": 0.1}, {"trade_seq": 7270, "trade_id": "196023733", "timestamp": 1640078250069, "tick_direction": 3, "price": 0.005, "mark_price": 0.00511356, "iv": 86.72, "instrument_name": "BTC-31DEC21-60000-C", "index_price": 48496.34, "direction": "sell", "amount": 9.9}, {"trade_seq": 7269, "trade_id": "196023732", "timestamp": 1640078250069, "tick_direction": 2, "price": 0.005, "mark_price": 0.00511356, "iv": 86.72, "instrument_name": "BTC-31DEC21-60000-C", "index_price": 48496.34, "direction": "sell", "amount": 0.1}, {"trade_seq": 7268, "trade_id": "196022620", "timestamp": 1640077770728, "tick_direction": 1, "price": 0.0055, "mark_price": 0.00535064, "iv": 87.52, "instrument_name": "BTC-31DEC21-60000-C", "index_price": 48659.89, "direction": "buy", "amount": 1.4}, {"trade_seq": 7267, "trade_id": "196022619", "timestamp": 1640077770728, "tick_direction": 1, "price": 0.0055, "mark_price": 0.00535064, "iv": 87.52, "instrument_name": "BTC-31DEC21-60000-C", "index_price": 48659.89, "direction": "buy", "amount": 0.1}, {"trade_seq": 7266, "trade_id": "196022618", "timestamp": 1640077770728, "tick_direction": 0, "price": 0.0055, "mark_price": 0.00535064, "iv": 87.52, "instrument_name": "BTC-31DEC21-60000-C", "index_price": 48659.89, "direction": "buy", "amount": 0.5}, {"trade_seq": 7265, "trade_id": "196021992", "timestamp": 1640077469631, "tick_direction": 3, "price": 0.005, "mark_price": 0.00516382, "iv": 86.41, "instrument_name": "BTC-31DEC21-60000-C", "index_price": 48519.24, "direction": "sell", "amount": 0.1}, {"trade_seq": 7264, "trade_id": "196020337", "timestamp": 1640076360289, "tick_direction": 3, "price": 0.005, "mark_price": 0.00515448, "iv": 85.41, "instrument_name": "BTC-31DEC21-60000-C", "index_price": 48650.76, "direction": "sell", "amount": 2.0}, {"trade_seq": 7263, "trade_id": "196017350", "timestamp": 1640075006753, "tick_direction": 3, "price": 0.005, "mark_price": 0.00539607, "iv": 84.0, "instrument_name": "BTC-31DEC21-60000-C", "index_price": 48865.58, "direction": "sell", "amount": 0.9}, {"trade_seq": 7262, "trade_id": "196016517", "timestamp": 1640074811748, "tick_direction": 3, "price": 0.005, "mark_price": 0.00527825, "iv": 84.62, "instrument_name": "BTC-31DEC21-60000-C", "index_price": 48775.14, "direction": "sell", "amount": 0.4}, {"trade_seq": 7261, "trade_id": "196010291", "timestamp": 1640073849281, "tick_direction": 3, "price": 0.005, "mark_price": 0.00541214, "iv": 85.14, "instrument_name": "BTC-31DEC21-60000-C", "index_price": 48685.92, "direction": "sell", "amount": 1.0}, {"trade_seq": 7260, "trade_id": "196010280", "timestamp": 1640073845662, "tick_direction": 3, "price": 0.005, "mark_price": 0.00542194, "iv": 85.13, "instrument_name": "BTC-31DEC21-60000-C", "index_price": 48685.58, "direction": "sell", "amount": 1.0}, {"trade_seq": 7259, "trade_id": "196004821", "timestamp": 1640071133328, "tick_direction": 3, "price": 0.005, "mark_price": 0.00522877, "iv": 86.17, "instrument_name": "BTC-31DEC21-60000-C", "index_price": 48484.83, "direction": "sell", "amount": 0.5}, {"trade_seq": 7258, "trade_id": "195994898", "timestamp": 1640063539187, "tick_direction": 3, "price": 0.005, "mark_price": 0.0053152, "iv": 84.09, "instrument_name": "BTC-31DEC21-60000-C", "index_price": 48752.78, "direction": "sell", "amount": 0.5}, {"trade_seq": 7257, "trade_id": "195994891", "timestamp": 1640063532151, "tick_direction": 3, "price": 0.005, "mark_price": 0.00534267, "iv": 84.09, "instrument_name": "BTC-31DEC21-60000-C", "index_price": 48747.13, "direction": "sell", "amount": 0.5}, {"trade_seq": 7256, "trade_id": "195994604", "timestamp": 1640063381304, "tick_direction": 3, "price": 0.005, "mark_price": 0.0052801, "iv": 84.36, "instrument_name": "BTC-31DEC21-60000-C", "index_price": 48706.21, "direction": "sell", "amount": 3.0}, {"trade_seq": 7255, "trade_id": "195994603", "timestamp": 1640063381304, "tick_direction": 2, "price": 0.005, "mark_price": 0.0052801, "iv": 84.36, "instrument_name": "BTC-31DEC21-60000-C", "index_price": 48706.21, "direction": "sell", "amount": 2.0}, {"trade_seq": 7254, "trade_id": "195992473", "timestamp": 1640061739266, "tick_direction": 1, "price": 0.0055, "mark_price": 0.00521794, "iv": 86.8, "instrument_name": "BTC-31DEC21-60000-C", "index_price": 48626.69, "direction": "buy", "amount": 11.5}, {"trade_seq": 7253, "trade_id": "195990864", "timestamp": 1640061264469, "tick_direction": 1, "price": 0.0055, "mark_price": 0.00516642, "iv": 85.9, "instrument_name": "BTC-31DEC21-60000-C", "index_price": 48743.1, "direction": "sell", "amount": 11.3}, {"trade_seq": 7252, "trade_id": "195990863", "timestamp": 1640061264267, "tick_direction": 1, "price": 0.0055, "mark_price": 0.00516642, "iv": 85.9, "instrument_name": "BTC-31DEC21-60000-C", "index_price": 48743.1, "direction": "sell", "amount": 1.0}, {"trade_seq": 7251, "trade_id": "195990862", "timestamp": 1640061264264, "tick_direction": 1, "price": 0.0055, "mark_price": 0.00516642, "iv": 85.9, "instrument_name": "BTC-31DEC21-60000-C", "index_price": 48743.1, "direction": "buy", "amount": 2.0}, {"trade_seq": 7250, "trade_id": "195990861", "timestamp": 1640061264264, "tick_direction": 1, "price": 0.0055, "mark_price": 0.00516642, "iv": 85.9, "instrument_name": "BTC-31DEC21-60000-C", "index_price": 48743.1, "direction": "buy", "amount": 0.2}, {"trade_seq": 7249, "trade_id": "195990860", "timestamp": 1640061264264, "tick_direction": 0, "price": 0.0055, "mark_price": 0.00516642, "iv": 85.9, "instrument_name": "BTC-31DEC21-60000-C", "index_price": 48743.1, "direction": "buy", "amount": 33.0}, {"trade_seq": 7248, "trade_id": "195977997", "timestamp": 1640059309645, "tick_direction": 0, "price": 0.004, "mark_price": 0.00392436, "iv": 83.59, "instrument_name": "BTC-31DEC21-60000-C", "index_price": 48094.89, "direction": "buy", "amount": 1.0}, {"trade_seq": 7247, "trade_id": "195968907", "timestamp": 1640057676908, "tick_direction": 0, "price": 0.0035, "mark_price": 0.00362349, "iv": 84.49, "instrument_name": "BTC-31DEC21-60000-C", "index_price": 47562.36, "direction": "buy", "amount": 0.1}, {"trade_seq": 7246, "trade_id": "195964846", "timestamp": 1640055543767, "tick_direction": 0, "price": 0.003, "mark_price": 0.0028358, "iv": 85.67, "instrument_name": "BTC-31DEC21-60000-C", "index_price": 46936.13, "direction": "buy", "amount": 0.5}, {"trade_seq": 7245, "trade_id": "195964775", "timestamp": 1640055264375, "tick_direction": 2, "price": 0.0025, "mark_price": 0.00296538, "iv": 82.74, "instrument_name": "BTC-31DEC21-60000-C", "index_price": 46938.39, "direction": "sell", "amount": 0.5}, {"trade_seq": 7244, "trade_id": "195961757", "timestamp": 1640050362670, "tick_direction": 2, "price": 0.0026, "mark_price": 0.0031102, "iv": 83.33, "instrument_name": "BTC-31DEC21-60000-C", "index_price": 46894.86, "direction": "sell", "block_trade_id": "27826", "amount": 50.0}, {"trade_seq": 7243, "trade_id": "195959818", "timestamp": 1640048575593, "tick_direction": 3, "price": 0.003, "mark_price": 0.00322103, "iv": 86.09, "instrument_name": "BTC-31DEC21-60000-C", "index_price": 46798.32, "direction": "buy", "amount": 4.0}, {"trade_seq": 7242, "trade_id": "195959817", "timestamp": 1640048575590, "tick_direction": 2, "price": 0.003, "mark_price": 0.00322103, "iv": 86.09, "instrument_name": "BTC-31DEC21-60000-C", "index_price": 46798.32, "direction": "sell", "amount": 1.0}, {"trade_seq": 7241, "trade_id": "195954750", "timestamp": 1640043818915, "tick_direction": 1, "price": 0.0035, "mark_price": 0.0033274, "iv": 86.92, "instrument_name": "BTC-31DEC21-60000-C", "index_price": 47089.54, "direction": "buy", "amount": 2.6}, {"trade_seq": 7240, "trade_id": "195954749", "timestamp": 1640043818915, "tick_direction": 1, "price": 0.0035, "mark_price": 0.0033274, "iv": 86.92, "instrument_name": "BTC-31DEC21-60000-C", "index_price": 47089.54, "direction": "buy", "amount": 0.3}, {"trade_seq": 7239, "trade_id": "195954748", "timestamp": 1640043818915, "tick_direction": 1, "price": 0.0035, "mark_price": 0.0033274, "iv": 86.92, "instrument_name": "BTC-31DEC21-60000-C", "index_price": 47089.54, "direction": "buy", "amount": 2.1}, {"trade_seq": 7238, "trade_id": "195952602", "timestamp": 1640041541171, "tick_direction": 0, "price": 0.0035, "mark_price": 0.00318235, "iv": 88.48, "instrument_name": "BTC-31DEC21-60000-C", "index_price": 46811.93, "direction": "buy", "amount": 0.1}, {"trade_seq": 7237, "trade_id": "195921900", "timestamp": 1640023464309, "tick_direction": 3, "price": 0.003, "mark_price": 0.0031719, "iv": 89.04, "instrument_name": "BTC-31DEC21-60000-C", "index_price": 46101.79, "direction": "sell", "amount": 1.0}, {"trade_seq": 7236, "trade_id": "195915223", "timestamp": 1640018943046, "tick_direction": 3, "price": 0.003, "mark_price": 0.00283702, "iv": 87.65, "instrument_name": "BTC-31DEC21-60000-C", "index_price": 46300.41, "direction": "buy", "amount": 1.0}, {"trade_seq": 7235, "trade_id": "195913643", "timestamp": 1640017712377, "tick_direction": 3, "price": 0.003, "mark_price": 0.00276689, "iv": 88.61, "instrument_name": "BTC-31DEC21-60000-C", "index_price": 46129.61, "direction": "buy", "amount": 1.0}, {"trade_seq": 7234, "trade_id": "195913443", "timestamp": 1640017670175, "tick_direction": 3, "price": 0.003, "mark_price": 0.00271688, "iv": 88.95, "instrument_name": "BTC-31DEC21-60000-C", "index_price": 46064.25, "direction": "buy", "amount": 0.5}, {"trade_seq": 7233, "trade_id": "195913398", "timestamp": 1640017638473, "tick_direction": 2, "price": 0.003, "mark_price": 0.00269987, "iv": 88.99, "instrument_name": "BTC-31DEC21-60000-C", "index_price": 46061.29, "direction": "buy", "amount": 0.5}, {"trade_seq": 7232, "trade_id": "195908029", "timestamp": 1640013133719, "tick_direction": 0, "price": 0.0035, "mark_price": 0.00320593, "iv": 91.44, "instrument_name": "BTC-31DEC21-60000-C", "index_price": 46076.87, "direction": "buy", "amount": 2.5}, {"trade_seq": 7231, "trade_id": "195907720", "timestamp": 1640013009327, "tick_direction": 1, "price": 0.003, "mark_price": 0.00316979, "iv": 88.79, "instrument_name": "BTC-31DEC21-60000-C", "index_price": 46070.74, "direction": "sell", "block_trade_id": "27780", "amount": 40.0}, {"trade_seq": 7230, "trade_id": "195900935", "timestamp": 1640011576975, "tick_direction": 1, "price": 0.003, "mark_price": 0.00287365, "iv": 89.16, "instrument_name": "BTC-31DEC21-60000-C", "index_price": 45997.72, "direction": "buy", "amount": 0.2}, {"trade_seq": 7229, "trade_id": "195900934", "timestamp": 1640011576975, "tick_direction": 0, "price": 0.003, "mark_price": 0.00287365, "iv": 89.16, "instrument_name": "BTC-31DEC21-60000-C", "index_price": 45997.72, "direction": "buy", "amount": 0.2}, {"trade_seq": 7228, "trade_id": "195892524", "timestamp": 1640008502269, "tick_direction": 3, "price": 0.0025, "mark_price": 0.00295744, "iv": 87.07, "instrument_name": "BTC-31DEC21-60000-C", "index_price": 45815.12, "direction": "sell", "amount": 1.0}, {"trade_seq": 7227, "trade_id": "195892504", "timestamp": 1640008428351, "tick_direction": 2, "price": 0.0025, "mark_price": 0.00292093, "iv": 87.19, "instrument_name": "BTC-31DEC21-60000-C", "index_price": 45798.03, "direction": "sell", "amount": 1.0}, {"trade_seq": 7226, "trade_id": "195885625", "timestamp": 1640003419945, "tick_direction": 3, "price": 0.003, "mark_price": 0.00324888, "iv": 89.39, "instrument_name": "BTC-31DEC21-60000-C", "index_price": 45896.92, "direction": "sell", "amount": 1.0}, {"trade_seq": 7225, "trade_id": "195884165", "timestamp": 1640002509097, "tick_direction": 3, "price": 0.003, "mark_price": 0.00312561, "iv": 88.81, "instrument_name": "BTC-31DEC21-60000-C", "index_price": 45985.14, "direction": "sell", "amount": 2.0}, {"trade_seq": 7224, "trade_id": "195877098", "timestamp": 1639995903302, "tick_direction": 2, "price": 0.003, "mark_price": 0.00316942, "iv": 88.5, "instrument_name": "BTC-31DEC21-60000-C", "index_price": 45985.51, "direction": "sell", "amount": 0.2}, {"trade_seq": 7223, "trade_id": "195875202", "timestamp": 1639994551573, "tick_direction": 0, "price": 0.0035, "mark_price": 0.00329773, "iv": 91.25, "instrument_name": "BTC-31DEC21-60000-C", "index_price": 45947.8, "direction": "buy", "amount": 0.1}, {"trade_seq": 7222, "trade_id": "195870613", "timestamp": 1639991801727, "tick_direction": 2, "price": 0.003, "mark_price": 0.00315438, "iv": 88.81, "instrument_name": "BTC-31DEC21-60000-C", "index_price": 45900.36, "direction": "sell", "amount": 0.1}, {"trade_seq": 7221, "trade_id": "195870525", "timestamp": 1639991761762, "tick_direction": 1, "price": 0.0035, "mark_price": 0.00311709, "iv": 91.65, "instrument_name": "BTC-31DEC21-60000-C", "index_price": 45880.68, "direction": "buy", "amount": 1.1}, {"trade_seq": 7220, "trade_id": "195870524", "timestamp": 1639991761762, "tick_direction": 1, "price": 0.0035, "mark_price": 0.00311709, "iv": 91.65, "instrument_name": "BTC-31DEC21-60000-C", "index_price": 45880.68, "direction": "buy", "amount": 3.9}, {"trade_seq": 7219, "trade_id": "195870523", "timestamp": 1639991761762, "tick_direction": 1, "price": 0.0035, "mark_price": 0.00311709, "iv": 91.65, "instrument_name": "BTC-31DEC21-60000-C", "index_price": 45880.68, "direction": "buy", "amount": 22.5}, {"trade_seq": 7218, "trade_id": "195870522", "timestamp": 1639991761762, "tick_direction": 1, "price": 0.0035, "mark_price": 0.00311709, "iv": 91.65, "instrument_name": "BTC-31DEC21-60000-C", "index_price": 45880.68, "direction": "buy", "amount": 2.2}, {"trade_seq": 7217, "trade_id": "195870521", "timestamp": 1639991761762, "tick_direction": 1, "price": 0.0035, "mark_price": 0.00311709, "iv": 91.65, "instrument_name": "BTC-31DEC21-60000-C", "index_price": 45880.68, "direction": "buy", "amount": 0.3}, {"trade_seq": 7216, "trade_id": "195870520", "timestamp": 1639991761762, "tick_direction": 1, "price": 0.0035, "mark_price": 0.00311709, "iv": 91.65, "instrument_name": "BTC-31DEC21-60000-C", "index_price": 45880.68, "direction": "buy", "amount": 5.0}, {"trade_seq": 7215, "trade_id": "195870371", "timestamp": 1639991734296, "tick_direction": 1, "price": 0.0035, "mark_price": 0.00310117, "iv": 91.63, "instrument_name": "BTC-31DEC21-60000-C", "index_price": 45878.93, "direction": "buy", "amount": 10.0}, {"trade_seq": 7214, "trade_id": "195870370", "timestamp": 1639991734296, "tick_direction": 0, "price": 0.0035, "mark_price": 0.00310117, "iv": 91.63, "instrument_name": "BTC-31DEC21-60000-C", "index_price": 45878.93, "direction": "buy", "amount": 25.0}