{"trades": [{"trade_seq": 4040, "trade_id": "238216574", "timestamp": 1671786283018, "tick_direction": 3, "price": 0.0005, "mark_price": 8.464e-05, "iv": 107.89, "instrument_name": "BTC-30DEC22-24000-C", "index_price": 16837.13, "direction": "buy", "amount": 0.5}, {"trade_seq": 4039, "trade_id": "238216573", "timestamp": 1671786283018, "tick_direction": 3, "price": 0.0005, "mark_price": 8.464e-05, "iv": 107.89, "instrument_name": "BTC-30DEC22-24000-C", "index_price": 16837.13, "direction": "buy", "amount": 0.5}, {"trade_seq": 4038, "trade_id": "238114500", "timestamp": 1671571428868, "tick_direction": 3, "price": 0.0005, "mark_price": 0.00037605, "iv": 92.49, "instrument_name": "BTC-30DEC22-24000-C", "index_price": 16855.89, "direction": "buy", "amount": 1.0}, {"trade_seq": 4037, "trade_id": "238097762", "timestamp": 1671549199298, "tick_direction": 3, "price": 0.0005, "mark_price": 0.00046453, "iv": 90.3, "instrument_name": "BTC-30DEC22-24000-C", "index_price": 16926.59, "direction": "sell", "amount": 3.6}, {"trade_seq": 4036, "trade_id": "238097761", "timestamp": 1671549199296, "tick_direction": 3, "price": 0.0005, "mark_price": 0.00046453, "iv": 90.3, "instrument_name": "BTC-30DEC22-24000-C", "index_price": 16926.59, "direction": "buy", "amount": 0.4}, {"trade_seq": 4035, "trade_id": "238079965", "timestamp": 1671525955876, "tick_direction": 3, "price": 0.0005, "mark_price": 0.00045307, "iv": 90.58, "instrument_name": "BTC-30DEC22-24000-C", "index_price": 16811.55, "direction": "buy", "amount": 6.0}, {"trade_seq": 4034, "trade_id": "238078670", "timestamp": 1671524105372, "tick_direction": 3, "price": 0.0005, "mark_price": 0.00044791, "iv": 90.7, "instrument_name": "BTC-30DEC22-24000-C", "index_price": 16795.7, "direction": "sell", "amount": 0.9}, {"trade_seq": 4033, "trade_id": "238078669", "timestamp": 1671524105370, "tick_direction": 3, "price": 0.0005, "mark_price": 0.00044791, "iv": 90.7, "instrument_name": "BTC-30DEC22-24000-C", "index_price": 16795.7, "direction": "sell", "amount": 3.0}, {"trade_seq": 4032, "trade_id": "238078668", "timestamp": 1671524105364, "tick_direction": 3, "price": 0.0005, "mark_price": 0.00044791, "iv": 90.7, "instrument_name": "BTC-30DEC22-24000-C", "index_price": 16795.7, "direction": "buy", "amount": 0.1}, {"trade_seq": 4031, "trade_id": "238078667", "timestamp": 1671524105364, "tick_direction": 3, "price": 0.0005, "mark_price": 0.00044791, "iv": 90.7, "instrument_name": "BTC-30DEC22-24000-C", "index_price": 16795.7, "direction": "buy", "amount": 1.0}, {"trade_seq": 4030, "trade_id": "238052690", "timestamp": 1671495619526, "tick_direction": 3, "price": 0.0005, "mark_price": 0.00032518, "iv": 94.09, "instrument_name": "BTC-30DEC22-24000-C", "index_price": 16431.1, "direction": "buy", "amount": 0.1}, {"trade_seq": 4029, "trade_id": "238052689", "timestamp": 1671495619526, "tick_direction": 3, "price": 0.0005, "mark_price": 0.00032518, "iv": 94.09, "instrument_name": "BTC-30DEC22-24000-C", "index_price": 16431.1, "direction": "buy", "amount": 0.8}, {"trade_seq": 4028, "trade_id": "238052688", "timestamp": 1671495616611, "tick_direction": 3, "price": 0.0005, "mark_price": 0.00032514, "iv": 94.09, "instrument_name": "BTC-30DEC22-24000-C", "index_price": 16430.87, "direction": "sell", "amount": 0.2}, {"trade_seq": 4027, "trade_id": "238043088", "timestamp": 1671487227319, "tick_direction": 3, "price": 0.0005, "mark_price": 0.00031452, "iv": 91.57, "instrument_name": "BTC-30DEC22-24000-C", "index_price": 16582.86, "direction": "sell", "amount": 1.0}, {"trade_seq": 4026, "trade_id": "238024998", "timestamp": 1671465500987, "tick_direction": 3, "price": 0.0005, "mark_price": 0.00039177, "iv": 89.32, "instrument_name": "BTC-30DEC22-24000-C", "index_price": 16671.43, "direction": "sell", "amount": 1.0}, {"trade_seq": 4025, "trade_id": "237981044", "timestamp": 1671338849645, "tick_direction": 3, "price": 0.0005, "mark_price": 0.00069728, "iv": 82.73, "instrument_name": "BTC-30DEC22-24000-C", "index_price": 16766.1, "direction": "buy", "amount": 0.2}, {"trade_seq": 4024, "trade_id": "237977177", "timestamp": 1671323176622, "tick_direction": 3, "price": 0.0005, "mark_price": 0.00070143, "iv": 82.67, "instrument_name": "BTC-30DEC22-24000-C", "index_price": 16739.39, "direction": "buy", "amount": 0.1}, {"trade_seq": 4023, "trade_id": "237977175", "timestamp": 1671323176421, "tick_direction": 3, "price": 0.0005, "mark_price": 0.00070143, "iv": 82.67, "instrument_name": "BTC-30DEC22-24000-C", "index_price": 16739.39, "direction": "buy", "amount": 0.6}, {"trade_seq": 4022, "trade_id": "237977174", "timestamp": 1671323176419, "tick_direction": 3, "price": 0.0005, "mark_price": 0.00070143, "iv": 82.67, "instrument_name": "BTC-30DEC22-24000-C", "index_price": 16739.39, "direction": "sell", "amount": 2.3}, {"trade_seq": 4021, "trade_id": "237977173", "timestamp": 1671323176419, "tick_direction": 3, "price": 0.0005, "mark_price": 0.00070143, "iv": 82.67, "instrument_name": "BTC-30DEC22-24000-C", "index_price": 16739.39, "direction": "sell", "amount": 0.1}, {"trade_seq": 4020, "trade_id": "237977172", "timestamp": 1671323176419, "tick_direction": 3, "price": 0.0005, "mark_price": 0.00070143, "iv": 82.67, "instrument_name": "BTC-30DEC22-24000-C", "index_price": 16739.39, "direction": "sell", "amount": 1.0}, {"trade_seq": 4019, "trade_id": "237977171", "timestamp": 1671323176419, "tick_direction": 3, "price": 0.0005, "mark_price": 0.00070143, "iv": 82.67, "instrument_name": "BTC-30DEC22-24000-C", "index_price": 16739.39, "direction": "sell", "amount": 13.7}, {"trade_seq": 4018, "trade_id": "237975855", "timestamp": 1671320663320, "tick_direction": 3, "price": 0.0005, "mark_price": 0.00072539, "iv": 82.03, "instrument_name": "BTC-30DEC22-24000-C", "index_price": 16772.69, "direction": "sell", "amount": 0.1}, {"trade_seq": 4017, "trade_id": "237969038", "timestamp": 1671292092627, "tick_direction": 3, "price": 0.0005, "mark_price": 0.00071863, "iv": 81.86, "instrument_name": "BTC-30DEC22-24000-C", "index_price": 16693.56, "direction": "sell", "amount": 0.1}, {"trade_seq": 4016, "trade_id": "237960796", "timestamp": 1671268907314, "tick_direction": 3, "price": 0.0005, "mark_price": 0.00071541, "iv": 80.75, "instrument_name": "BTC-30DEC22-24000-C", "index_price": 16721.44, "direction": "sell", "amount": 1.0}, {"trade_seq": 4015, "trade_id": "237852716", "timestamp": 1671178307250, "tick_direction": 2, "price": 0.0005, "mark_price": 0.00071409, "iv": 68.93, "instrument_name": "BTC-30DEC22-24000-C", "index_price": 17487.42, "direction": "sell", "amount": 0.1}, {"trade_seq": 4014, "trade_id": "237788851", "timestamp": 1671091151197, "tick_direction": 3, "price": 0.001, "mark_price": 0.00069776, "iv": 70.7, "instrument_name": "BTC-30DEC22-24000-C", "index_price": 17698.47, "direction": "buy", "amount": 0.5}, {"trade_seq": 4013, "trade_id": "237774609", "timestamp": 1671065465731, "tick_direction": 2, "price": 0.001, "mark_price": 0.00094043, "iv": 68.86, "instrument_name": "BTC-30DEC22-24000-C", "index_price": 17805.58, "direction": "sell", "amount": 0.2}, {"trade_seq": 4012, "trade_id": "237729498", "timestamp": 1671044083995, "tick_direction": 0, "price": 0.002, "mark_price": 0.0017271, "iv": 70.38, "instrument_name": "BTC-30DEC22-24000-C", "index_price": 18305.62, "direction": "buy", "amount": 0.1}, {"trade_seq": 4011, "trade_id": "237722351", "timestamp": 1671040711986, "tick_direction": 3, "price": 0.0015, "mark_price": 0.00121489, "iv": 69.31, "instrument_name": "BTC-30DEC22-24000-C", "index_price": 18098.72, "direction": "sell", "amount": 14.7}, {"trade_seq": 4010, "trade_id": "237722350", "timestamp": 1671040711985, "tick_direction": 3, "price": 0.0015, "mark_price": 0.00121489, "iv": 69.31, "instrument_name": "BTC-30DEC22-24000-C", "index_price": 18098.72, "direction": "sell", "amount": 2.8}, {"trade_seq": 4009, "trade_id": "237722349", "timestamp": 1671040711983, "tick_direction": 3, "price": 0.0015, "mark_price": 0.00121489, "iv": 69.31, "instrument_name": "BTC-30DEC22-24000-C", "index_price": 18098.72, "direction": "buy", "amount": 4.6}, {"trade_seq": 4008, "trade_id": "237722348", "timestamp": 1671040711983, "tick_direction": 3, "price": 0.0015, "mark_price": 0.00121489, "iv": 69.31, "instrument_name": "BTC-30DEC22-24000-C", "index_price": 18098.72, "direction": "buy", "amount": 1.9}, {"trade_seq": 4007, "trade_id": "237696149", "timestamp": 1671012076281, "tick_direction": 2, "price": 0.0015, "mark_price": 0.00125707, "iv": 71.86, "instrument_name": "BTC-30DEC22-24000-C", "index_price": 17805.14, "direction": "sell", "amount": 3.7}, {"trade_seq": 4006, "trade_id": "237664391", "timestamp": 1670947559803, "tick_direction": 0, "price": 0.002, "mark_price": 0.00176785, "iv": 73.87, "instrument_name": "BTC-30DEC22-24000-C", "index_price": 17784.59, "direction": "buy", "amount": 4.0}, {"trade_seq": 4005, "trade_id": "237658671", "timestamp": 1670942218378, "tick_direction": 3, "price": 0.0015, "mark_price": 0.00167805, "iv": 69.64, "instrument_name": "BTC-30DEC22-24000-C", "index_price": 17860.85, "direction": "sell", "amount": 2.0}, {"trade_seq": 4004, "trade_id": "237605379", "timestamp": 1670913146763, "tick_direction": 3, "price": 0.002, "mark_price": 0.00145307, "iv": 79.74, "instrument_name": "BTC-30DEC22-24000-C", "index_price": 17203.6, "direction": "buy", "amount": 1.0}, {"trade_seq": 4003, "trade_id": "237550093", "timestamp": 1670778003801, "tick_direction": 2, "price": 0.002, "mark_price": 0.00198295, "iv": 76.65, "instrument_name": "BTC-30DEC22-24000-C", "index_price": 17163.49, "direction": "sell", "amount": 0.1}, {"trade_seq": 4002, "trade_id": "237536115", "timestamp": 1670697066102, "tick_direction": 0, "price": 0.0025, "mark_price": 0.00196758, "iv": 77.35, "instrument_name": "BTC-30DEC22-24000-C", "index_price": 17192.23, "direction": "buy", "amount": 3.0}, {"trade_seq": 4001, "trade_id": "237529955", "timestamp": 1670663552344, "tick_direction": 2, "price": 0.0015, "mark_price": 0.00195432, "iv": 70.94, "instrument_name": "BTC-30DEC22-24000-C", "index_price": 17142.3, "direction": "sell", "amount": 0.2}, {"trade_seq": 4000, "trade_id": "237524412", "timestamp": 1670632261204, "tick_direction": 1, "price": 0.002, "mark_price": 0.00210029, "iv": 73.45, "instrument_name": "BTC-30DEC22-24000-C", "index_price": 17151.68, "direction": "sell", "amount": 1.0}, {"trade_seq": 3999, "trade_id": "237521485", "timestamp": 1670619940798, "tick_direction": 1, "price": 0.002, "mark_price": 0.00200825, "iv": 73.69, "instrument_name": "BTC-30DEC22-24000-C", "index_price": 17102.5, "direction": "sell", "amount": 2.0}, {"trade_seq": 3998, "trade_id": "237520094", "timestamp": 1670616811549, "tick_direction": 1, "price": 0.002, "mark_price": 0.00198021, "iv": 73.16, "instrument_name": "BTC-30DEC22-24000-C", "index_price": 17143.28, "direction": "sell", "amount": 0.2}, {"trade_seq": 3997, "trade_id": "237516744", "timestamp": 1670604424611, "tick_direction": 1, "price": 0.002, "mark_price": 0.00174524, "iv": 72.62, "instrument_name": "BTC-30DEC22-24000-C", "index_price": 17171.79, "direction": "sell", "amount": 0.9}, {"trade_seq": 3996, "trade_id": "237516743", "timestamp": 1670604424605, "tick_direction": 1, "price": 0.002, "mark_price": 0.00174524, "iv": 72.62, "instrument_name": "BTC-30DEC22-24000-C", "index_price": 17171.79, "direction": "buy", "amount": 6.7}, {"trade_seq": 3995, "trade_id": "237515844", "timestamp": 1670602027063, "tick_direction": 1, "price": 0.002, "mark_price": 0.00173854, "iv": 72.53, "instrument_name": "BTC-30DEC22-24000-C", "index_price": 17181.07, "direction": "buy", "amount": 2.3}, {"trade_seq": 3994, "trade_id": "237515842", "timestamp": 1670602026803, "tick_direction": 1, "price": 0.002, "mark_price": 0.00173854, "iv": 72.53, "instrument_name": "BTC-30DEC22-24000-C", "index_price": 17181.07, "direction": "buy", "amount": 2.2}, {"trade_seq": 3993, "trade_id": "237515841", "timestamp": 1670602026803, "tick_direction": 0, "price": 0.002, "mark_price": 0.00173854, "iv": 72.53, "instrument_name": "BTC-30DEC22-24000-C", "index_price": 17181.07, "direction": "buy", "amount": 0.1}, {"trade_seq": 3992, "trade_id": "237514799", "timestamp": 1670598908296, "tick_direction": 1, "price": 0.002, "mark_price": 0.00174609, "iv": 72.59, "instrument_name": "BTC-30DEC22-24000-C", "index_price": 17173.88, "direction": "buy", "amount": 5.7}, {"trade_seq": 3991, "trade_id": "237513787", "timestamp": 1670597710518, "tick_direction": 1, "price": 0.002, "mark_price": 0.00173994, "iv": 72.73, "instrument_name": "BTC-30DEC22-24000-C", "index_price": 17152.81, "direction": "buy", "amount": 2.7}, {"trade_seq": 3990, "trade_id": "237513785", "timestamp": 1670597710275, "tick_direction": 1, "price": 0.002, "mark_price": 0.00173994, "iv": 72.74, "instrument_name": "BTC-30DEC22-24000-C", "index_price": 17152.61, "direction": "buy", "amount": 3.1}, {"trade_seq": 3989, "trade_id": "237506510", "timestamp": 1670590069061, "tick_direction": 1, "price": 0.002, "mark_price": 0.00161095, "iv": 71.95, "instrument_name": "BTC-30DEC22-24000-C", "index_price": 17203.51, "direction": "buy", "amount": 2.3}, {"trade_seq": 3988, "trade_id": "237506509", "timestamp": 1670590069061, "tick_direction": 0, "price": 0.002, "mark_price": 0.00161095, "iv": 71.95, "instrument_name": "BTC-30DEC22-24000-C", "index_price": 17203.51, "direction": "buy", "amount": 0.2}, {"trade_seq": 3987, "trade_id": "237499129", "timestamp": 1670577310328, "tick_direction": 1, "price": 0.0015, "mark_price": 0.0012461, "iv": 68.51, "instrument_name": "BTC-30DEC22-24000-C", "index_price": 17211.9, "direction": "buy", "amount": 7.5}, {"trade_seq": 3986, "trade_id": "237498204", "timestamp": 1670574806001, "tick_direction": 0, "price": 0.0015, "mark_price": 0.00123615, "iv": 68.58, "instrument_name": "BTC-30DEC22-24000-C", "index_price": 17205.69, "direction": "buy", "amount": 5.4}, {"trade_seq": 3985, "trade_id": "237496883", "timestamp": 1670572897818, "tick_direction": 2, "price": 0.001, "mark_price": 0.00144098, "iv": 64.43, "instrument_name": "BTC-30DEC22-24000-C", "index_price": 17215.52, "direction": "sell", "amount": 0.1}, {"trade_seq": 3984, "trade_id": "237496593", "timestamp": 1670572678681, "tick_direction": 1, "price": 0.0015, "mark_price": 0.00143752, "iv": 68.41, "instrument_name": "BTC-30DEC22-24000-C", "index_price": 17215.02, "direction": "sell", "amount": 2.3}, {"trade_seq": 3983, "trade_id": "237496591", "timestamp": 1670572677929, "tick_direction": 1, "price": 0.0015, "mark_price": 0.00143751, "iv": 68.41, "instrument_name": "BTC-30DEC22-24000-C", "index_price": 17215.03, "direction": "sell", "amount": 6.5}, {"trade_seq": 3982, "trade_id": "237496589", "timestamp": 1670572677631, "tick_direction": 1, "price": 0.0015, "mark_price": 0.00143751, "iv": 68.41, "instrument_name": "BTC-30DEC22-24000-C", "index_price": 17215.03, "direction": "sell", "amount": 7.2}, {"trade_seq": 3981, "trade_id": "237496532", "timestamp": 1670572640786, "tick_direction": 1, "price": 0.0015, "mark_price": 0.00143728, "iv": 68.41, "instrument_name": "BTC-30DEC22-24000-C", "index_price": 17215.06, "direction": "sell", "amount": 2.3}, {"trade_seq": 3980, "trade_id": "237496530", "timestamp": 1670572640240, "tick_direction": 1, "price": 0.0015, "mark_price": 0.00143728, "iv": 68.41, "instrument_name": "BTC-30DEC22-24000-C", "index_price": 17215.06, "direction": "sell", "amount": 7.7}, {"trade_seq": 3979, "trade_id": "237492128", "timestamp": 1670562746567, "tick_direction": 1, "price": 0.0015, "mark_price": 0.00149312, "iv": 68.19, "instrument_name": "BTC-30DEC22-24000-C", "index_price": 17218.89, "direction": "sell", "amount": 6.8}, {"trade_seq": 3978, "trade_id": "237492099", "timestamp": 1670562509305, "tick_direction": 1, "price": 0.0015, "mark_price": 0.00135741, "iv": 68.18, "instrument_name": "BTC-30DEC22-24000-C", "index_price": 17220.15, "direction": "sell", "amount": 1.6}, {"trade_seq": 3977, "trade_id": "237492096", "timestamp": 1670562498847, "tick_direction": 1, "price": 0.0015, "mark_price": 0.00135163, "iv": 68.18, "instrument_name": "BTC-30DEC22-24000-C", "index_price": 17220.99, "direction": "buy", "amount": 3.9}, {"trade_seq": 3976, "trade_id": "237418123", "timestamp": 1670432854133, "tick_direction": 1, "price": 0.0015, "mark_price": 0.00122724, "iv": 69.84, "instrument_name": "BTC-30DEC22-24000-C", "index_price": 16800.03, "direction": "buy", "amount": 1.0}, {"trade_seq": 3975, "trade_id": "237411528", "timestamp": 1670419449971, "tick_direction": 0, "price": 0.0015, "mark_price": 0.00100229, "iv": 69.36, "instrument_name": "BTC-30DEC22-24000-C", "index_price": 16836.91, "direction": "buy", "amount": 2.0}, {"trade_seq": 3974, "trade_id": "237406903", "timestamp": 1670408505128, "tick_direction": 3, "price": 0.001, "mark_price": 0.00122132, "iv": 65.47, "instrument_name": "BTC-30DEC22-24000-C", "index_price": 16805.06, "direction": "buy", "amount": 1.3}, {"trade_seq": 3973, "trade_id": "237406902", "timestamp": 1670408505126, "tick_direction": 3, "price": 0.001, "mark_price": 0.00122132, "iv": 65.47, "instrument_name": "BTC-30DEC22-24000-C", "index_price": 16805.06, "direction": "buy", "amount": 0.3}, {"trade_seq": 3972, "trade_id": "237406901", "timestamp": 1670408505123, "tick_direction": 3, "price": 0.001, "mark_price": 0.00122132, "iv": 65.47, "instrument_name": "BTC-30DEC22-24000-C", "index_price": 16805.06, "direction": "sell", "amount": 4.0}, {"trade_seq": 3971, "trade_id": "237350662", "timestamp": 1670297942461, "tick_direction": 3, "price": 0.001, "mark_price": 0.00122546, "iv": 61.57, "instrument_name": "BTC-30DEC22-24000-C", "index_price": 17035.56, "direction": "sell", "amount": 0.1}, {"trade_seq": 3970, "trade_id": "237333872", "timestamp": 1670260319467, "tick_direction": 3, "price": 0.0015, "mark_price": 0.00130816, "iv": 64.53, "instrument_name": "BTC-30DEC22-24000-C", "index_price": 17057.7, "direction": "buy", "amount": 0.1}, {"trade_seq": 3969, "trade_id": "237333222", "timestamp": 1670259282953, "tick_direction": 3, "price": 0.0015, "mark_price": 0.00173235, "iv": 64.4, "instrument_name": "BTC-30DEC22-24000-C", "index_price": 17064.8, "direction": "sell", "amount": 6.8}, {"trade_seq": 3968, "trade_id": "237325742", "timestamp": 1670252822371, "tick_direction": 3, "price": 0.0015, "mark_price": 0.00165148, "iv": 64.04, "instrument_name": "BTC-30DEC22-24000-C", "index_price": 17100.57, "direction": "sell", "amount": 12.5}, {"trade_seq": 3967, "trade_id": "237320699", "timestamp": 1670248844454, "tick_direction": 3, "price": 0.0015, "mark_price": 0.00169558, "iv": 62.96, "instrument_name": "BTC-30DEC22-24000-C", "index_price": 17217.41, "direction": "sell", "amount": 19.0}, {"trade_seq": 3966, "trade_id": "237320698", "timestamp": 1670248844422, "tick_direction": 3, "price": 0.0015, "mark_price": 0.00169558, "iv": 62.96, "instrument_name": "BTC-30DEC22-24000-C", "index_price": 17217.41, "direction": "sell", "amount": 19.0}, {"trade_seq": 3965, "trade_id": "237316324", "timestamp": 1670242019186, "tick_direction": 3, "price": 0.0015, "mark_price": 0.00168404, "iv": 62.5, "instrument_name": "BTC-30DEC22-24000-C", "index_price": 17256.33, "direction": "sell", "amount": 19.0}, {"trade_seq": 3964, "trade_id": "237312267", "timestamp": 1670233997208, "tick_direction": 3, "price": 0.0015, "mark_price": 0.0017092, "iv": 61.97, "instrument_name": "BTC-30DEC22-24000-C", "index_price": 17305.18, "direction": "sell", "amount": 19.0}, {"trade_seq": 3963, "trade_id": "237312266", "timestamp": 1670233996162, "tick_direction": 3, "price": 0.0015, "mark_price": 0.00170933, "iv": 61.97, "instrument_name": "BTC-30DEC22-24000-C", "index_price": 17305.06, "direction": "sell", "amount": 19.0}, {"trade_seq": 3962, "trade_id": "237312265", "timestamp": 1670233995117, "tick_direction": 3, "price": 0.0015, "mark_price": 0.00170916, "iv": 61.97, "instrument_name": "BTC-30DEC22-24000-C", "index_price": 17305.26, "direction": "sell", "amount": 19.0}, {"trade_seq": 3961, "trade_id": "237312263", "timestamp": 1670233994069, "tick_direction": 3, "price": 0.0015, "mark_price": 0.00170904, "iv": 61.97, "instrument_name": "BTC-30DEC22-24000-C", "index_price": 17305.12, "direction": "sell", "amount": 19.0}, {"trade_seq": 3960, "trade_id": "237251189", "timestamp": 1670168113658, "tick_direction": 1, "price": 0.002, "mark_price": 0.00173656, "iv": 66.39, "instrument_name": "BTC-30DEC22-24000-C", "index_price": 17037.76, "direction": "buy", "amount": 1.0}, {"trade_seq": 3959, "trade_id": "237251071", "timestamp": 1670167886718, "tick_direction": 0, "price": 0.002, "mark_price": 0.00174799, "iv": 66.32, "instrument_name": "BTC-30DEC22-24000-C", "index_price": 17042.79, "direction": "buy", "amount": 5.0}, {"trade_seq": 3958, "trade_id": "237241677", "timestamp": 1670145615429, "tick_direction": 3, "price": 0.0015, "mark_price": 0.00174516, "iv": 63.21, "instrument_name": "BTC-30DEC22-24000-C", "index_price": 17026.58, "direction": "sell", "amount": 0.1}, {"trade_seq": 3957, "trade_id": "237219676", "timestamp": 1670103580764, "tick_direction": 1, "price": 0.002, "mark_price": 0.00174921, "iv": 66.46, "instrument_name": "BTC-30DEC22-24000-C", "index_price": 16934.12, "direction": "buy", "amount": 0.5}, {"trade_seq": 3956, "trade_id": "237213553", "timestamp": 1670088464551, "tick_direction": 1, "price": 0.002, "mark_price": 0.00174273, "iv": 65.88, "instrument_name": "BTC-30DEC22-24000-C", "index_price": 16962.06, "direction": "buy", "amount": 0.7}, {"trade_seq": 3955, "trade_id": "237211612", "timestamp": 1670079967325, "tick_direction": 0, "price": 0.002, "mark_price": 0.00175282, "iv": 65.74, "instrument_name": "BTC-30DEC22-24000-C", "index_price": 16963.34, "direction": "buy", "amount": 2.0}, {"trade_seq": 3954, "trade_id": "237211463", "timestamp": 1670079567223, "tick_direction": 3, "price": 0.0015, "mark_price": 0.00175289, "iv": 62.9, "instrument_name": "BTC-30DEC22-24000-C", "index_price": 16946.42, "direction": "sell", "amount": 19.0}, {"trade_seq": 3953, "trade_id": "237211462", "timestamp": 1670079567220, "tick_direction": 3, "price": 0.0015, "mark_price": 0.00175289, "iv": 62.9, "instrument_name": "BTC-30DEC22-24000-C", "index_price": 16946.42, "direction": "sell", "amount": 19.0}, {"trade_seq": 3952, "trade_id": "237211461", "timestamp": 1670079567199, "tick_direction": 3, "price": 0.0015, "mark_price": 0.00175289, "iv": 62.9, "instrument_name": "BTC-30DEC22-24000-C", "index_price": 16946.42, "direction": "sell", "amount": 19.0}, {"trade_seq": 3951, "trade_id": "237211460", "timestamp": 1670079567192, "tick_direction": 3, "price": 0.0015, "mark_price": 0.00175289, "iv": 62.9, "instrument_name": "BTC-30DEC22-24000-C", "index_price": 16946.42, "direction": "sell", "amount": 19.0}, {"trade_seq": 3950, "trade_id": "237200246", "timestamp": 1670053647392, "tick_direction": 3, "price": 0.0015, "mark_price": 0.0017573, "iv": 62.41, "instrument_name": "BTC-30DEC22-24000-C", "index_price": 16967.54, "direction": "sell", "amount": 8.9}, {"trade_seq": 3949, "trade_id": "237200243", "timestamp": 1670053630595, "tick_direction": 3, "price": 0.0015, "mark_price": 0.00175798, "iv": 62.41, "instrument_name": "BTC-30DEC22-24000-C", "index_price": 16966.59, "direction": "sell", "amount": 19.0}, {"trade_seq": 3948, "trade_id": "237200242", "timestamp": 1670053629535, "tick_direction": 3, "price": 0.0015, "mark_price": 0.0017578, "iv": 62.41, "instrument_name": "BTC-30DEC22-24000-C", "index_price": 16966.57, "direction": "sell", "amount": 19.0}, {"trade_seq": 3947, "trade_id": "237200241", "timestamp": 1670053628491, "tick_direction": 3, "price": 0.0015, "mark_price": 0.00175795, "iv": 62.41, "instrument_name": "BTC-30DEC22-24000-C", "index_price": 16966.4, "direction": "sell", "amount": 19.0}, {"trade_seq": 3946, "trade_id": "237200240", "timestamp": 1670053627442, "tick_direction": 3, "price": 0.0015, "mark_price": 0.00175802, "iv": 62.41, "instrument_name": "BTC-30DEC22-24000-C", "index_price": 16966.45, "direction": "sell", "amount": 19.0}, {"trade_seq": 3945, "trade_id": "237200239", "timestamp": 1670053626396, "tick_direction": 3, "price": 0.0015, "mark_price": 0.00175732, "iv": 62.41, "instrument_name": "BTC-30DEC22-24000-C", "index_price": 16966.51, "direction": "sell", "amount": 19.0}, {"trade_seq": 3944, "trade_id": "237200237", "timestamp": 1670053625353, "tick_direction": 2, "price": 0.0015, "mark_price": 0.00175738, "iv": 62.41, "instrument_name": "BTC-30DEC22-24000-C", "index_price": 16965.88, "direction": "sell", "amount": 19.0}, {"trade_seq": 3943, "trade_id": "237199069", "timestamp": 1670051314347, "tick_direction": 1, "price": 0.002, "mark_price": 0.0017333, "iv": 65.21, "instrument_name": "BTC-30DEC22-24000-C", "index_price": 16979.84, "direction": "buy", "amount": 1.0}, {"trade_seq": 3942, "trade_id": "237198109", "timestamp": 1670048947511, "tick_direction": 0, "price": 0.002, "mark_price": 0.00174873, "iv": 65.05, "instrument_name": "BTC-30DEC22-24000-C", "index_price": 16988.44, "direction": "buy", "amount": 0.5}, {"trade_seq": 3941, "trade_id": "237191622", "timestamp": 1670030171433, "tick_direction": 3, "price": 0.0015, "mark_price": 0.00171305, "iv": 61.67, "instrument_name": "BTC-30DEC22-24000-C", "index_price": 17021.01, "direction": "sell", "amount": 19.0}, {"trade_seq": 3940, "trade_id": "237191621", "timestamp": 1670030171430, "tick_direction": 3, "price": 0.0015, "mark_price": 0.00171305, "iv": 61.67, "instrument_name": "BTC-30DEC22-24000-C", "index_price": 17021.01, "direction": "sell", "amount": 19.0}, {"trade_seq": 3939, "trade_id": "237191620", "timestamp": 1670030171418, "tick_direction": 3, "price": 0.0015, "mark_price": 0.00171305, "iv": 61.67, "instrument_name": "BTC-30DEC22-24000-C", "index_price": 17021.01, "direction": "sell", "amount": 19.0}, {"trade_seq": 3938, "trade_id": "237191318", "timestamp": 1670029674500, "tick_direction": 2, "price": 0.0015, "mark_price": 0.00171744, "iv": 61.55, "instrument_name": "BTC-30DEC22-24000-C", "index_price": 17031.66, "direction": "sell", "amount": 19.0}, {"trade_seq": 3937, "trade_id": "237190867", "timestamp": 1670028578639, "tick_direction": 0, "price": 0.002, "mark_price": 0.00172986, "iv": 64.2, "instrument_name": "BTC-30DEC22-24000-C", "index_price": 17055.91, "direction": "buy", "amount": 2.0}, {"trade_seq": 3936, "trade_id": "237190852", "timestamp": 1670028450636, "tick_direction": 2, "price": 0.0015, "mark_price": 0.00172839, "iv": 61.34, "instrument_name": "BTC-30DEC22-24000-C", "index_price": 17057.18, "direction": "sell", "amount": 1.0}, {"trade_seq": 3935, "trade_id": "237190607", "timestamp": 1670028004064, "tick_direction": 3, "price": 0.002, "mark_price": 0.00172832, "iv": 64.15, "instrument_name": "BTC-30DEC22-24000-C", "index_price": 17059.81, "direction": "buy", "amount": 0.1}, {"trade_seq": 3934, "trade_id": "237150534", "timestamp": 1669984702941, "tick_direction": 3, "price": 0.002, "mark_price": 0.00173031, "iv": 64.03, "instrument_name": "BTC-30DEC22-24000-C", "index_price": 17013.28, "direction": "buy", "amount": 0.3}, {"trade_seq": 3933, "trade_id": "237114994", "timestamp": 1669927013128, "tick_direction": 3, "price": 0.002, "mark_price": 0.00197298, "iv": 63.83, "instrument_name": "BTC-30DEC22-24000-C", "index_price": 16943.89, "direction": "sell", "amount": 0.2}, {"trade_seq": 3932, "trade_id": "237068353", "timestamp": 1669890838515, "tick_direction": 2, "price": 0.002, "mark_price": 0.00224999, "iv": 62.01, "instrument_name": "BTC-30DEC22-24000-C", "index_price": 17104.99, "direction": "sell", "amount": 0.3}, {"trade_seq": 3931, "trade_id": "237059468", "timestamp": 1669877939326, "tick_direction": 1, "price": 0.0025, "mark_price": 0.00224339, "iv": 64.11, "instrument_name": "BTC-30DEC22-24000-C", "index_price": 17118.81, "direction": "buy", "amount": 0.8}, {"trade_seq": 3930, "trade_id": "237059467", "timestamp": 1669877939326, "tick_direction": 1, "price": 0.0025, "mark_price": 0.00224339, "iv": 64.11, "instrument_name": "BTC-30DEC22-24000-C", "index_price": 17118.81, "direction": "buy", "amount": 0.2}, {"trade_seq": 3929, "trade_id": "237036561", "timestamp": 1669851947568, "tick_direction": 1, "price": 0.0025, "mark_price": 0.00258346, "iv": 62.76, "instrument_name": "BTC-30DEC22-24000-C", "index_price": 17211.59, "direction": "sell", "amount": 4.7}, {"trade_seq": 3928, "trade_id": "237036134", "timestamp": 1669851850799, "tick_direction": 1, "price": 0.0025, "mark_price": 0.00251259, "iv": 62.91, "instrument_name": "BTC-30DEC22-24000-C", "index_price": 17197.64, "direction": "buy", "amount": 0.1}, {"trade_seq": 3927, "trade_id": "236975082", "timestamp": 1669805925194, "tick_direction": 1, "price": 0.0025, "mark_price": 0.00221719, "iv": 65.29, "instrument_name": "BTC-30DEC22-24000-C", "index_price": 16874.03, "direction": "buy", "amount": 4.3}, {"trade_seq": 3926, "trade_id": "236975081", "timestamp": 1669805925194, "tick_direction": 1, "price": 0.0025, "mark_price": 0.00221719, "iv": 65.29, "instrument_name": "BTC-30DEC22-24000-C", "index_price": 16874.03, "direction": "buy", "amount": 0.7}, {"trade_seq": 3925, "trade_id": "236969725", "timestamp": 1669795344168, "tick_direction": 0, "price": 0.0025, "mark_price": 0.00223344, "iv": 64.91, "instrument_name": "BTC-30DEC22-24000-C", "index_price": 16886.6, "direction": "buy", "amount": 0.3}, {"trade_seq": 3924, "trade_id": "236966242", "timestamp": 1669789374342, "tick_direction": 3, "price": 0.002, "mark_price": 0.00224458, "iv": 62.72, "instrument_name": "BTC-30DEC22-24000-C", "index_price": 16850.64, "direction": "sell", "amount": 1.0}, {"trade_seq": 3923, "trade_id": "236966241", "timestamp": 1669789374342, "tick_direction": 2, "price": 0.002, "mark_price": 0.00224458, "iv": 62.72, "instrument_name": "BTC-30DEC22-24000-C", "index_price": 16850.64, "direction": "sell", "amount": 1.0}, {"trade_seq": 3922, "trade_id": "236903814", "timestamp": 1669710298296, "tick_direction": 1, "price": 0.0025, "mark_price": 0.00225627, "iv": 67.78, "instrument_name": "BTC-30DEC22-24000-C", "index_price": 16450.9, "direction": "buy", "amount": 0.5}, {"trade_seq": 3921, "trade_id": "236883848", "timestamp": 1669691558091, "tick_direction": 0, "price": 0.0025, "mark_price": 0.00197238, "iv": 69.34, "instrument_name": "BTC-30DEC22-24000-C", "index_price": 16264.36, "direction": "buy", "amount": 0.3}, {"trade_seq": 3920, "trade_id": "236854650", "timestamp": 1669652749295, "tick_direction": 2, "price": 0.0015, "mark_price": 0.00200707, "iv": 65.08, "instrument_name": "BTC-30DEC22-24000-C", "index_price": 16101.75, "direction": "sell", "amount": 0.1}, {"trade_seq": 3919, "trade_id": "236839830", "timestamp": 1669639548731, "tick_direction": 3, "price": 0.002, "mark_price": 0.00192672, "iv": 67.15, "instrument_name": "BTC-30DEC22-24000-C", "index_price": 16178.3, "direction": "sell", "amount": 20.9}, {"trade_seq": 3918, "trade_id": "236823546", "timestamp": 1669606247331, "tick_direction": 3, "price": 0.002, "mark_price": 0.00222983, "iv": 67.05, "instrument_name": "BTC-30DEC22-24000-C", "index_price": 16157.16, "direction": "sell", "amount": 4.4}, {"trade_seq": 3917, "trade_id": "236823545", "timestamp": 1669606246912, "tick_direction": 3, "price": 0.002, "mark_price": 0.00222983, "iv": 67.05, "instrument_name": "BTC-30DEC22-24000-C", "index_price": 16156.67, "direction": "sell", "amount": 5.2}, {"trade_seq": 3916, "trade_id": "236797164", "timestamp": 1669556872748, "tick_direction": 2, "price": 0.002, "mark_price": 0.00199093, "iv": 63.15, "instrument_name": "BTC-30DEC22-24000-C", "index_price": 16528.2, "direction": "buy", "amount": 0.1}, {"trade_seq": 3915, "trade_id": "236791654", "timestamp": 1669539801347, "tick_direction": 3, "price": 0.0025, "mark_price": 0.00245169, "iv": 65.33, "instrument_name": "BTC-30DEC22-24000-C", "index_price": 16525.35, "direction": "sell", "amount": 0.7}, {"trade_seq": 3914, "trade_id": "236781277", "timestamp": 1669501512720, "tick_direction": 2, "price": 0.0025, "mark_price": 0.00258114, "iv": 65.52, "instrument_name": "BTC-30DEC22-24000-C", "index_price": 16487.83, "direction": "sell", "amount": 0.3}, {"trade_seq": 3913, "trade_id": "236739317", "timestamp": 1669390183396, "tick_direction": 3, "price": 0.003, "mark_price": 0.00323018, "iv": 65.82, "instrument_name": "BTC-30DEC22-24000-C", "index_price": 16516.6, "direction": "sell", "amount": 1.0}, {"trade_seq": 3912, "trade_id": "236728765", "timestamp": 1669374298480, "tick_direction": 3, "price": 0.003, "mark_price": 0.00322695, "iv": 66.14, "instrument_name": "BTC-30DEC22-24000-C", "index_price": 16472.79, "direction": "sell", "amount": 0.5}, {"trade_seq": 3911, "trade_id": "236728758", "timestamp": 1669374293550, "tick_direction": 3, "price": 0.003, "mark_price": 0.00322502, "iv": 66.15, "instrument_name": "BTC-30DEC22-24000-C", "index_price": 16472.14, "direction": "sell", "amount": 0.5}, {"trade_seq": 3910, "trade_id": "236727982", "timestamp": 1669372233440, "tick_direction": 3, "price": 0.003, "mark_price": 0.003311, "iv": 66.26, "instrument_name": "BTC-30DEC22-24000-C", "index_price": 16462.5, "direction": "sell", "amount": 0.1}, {"trade_seq": 3909, "trade_id": "236724789", "timestamp": 1669366258130, "tick_direction": 3, "price": 0.003, "mark_price": 0.00349058, "iv": 66.47, "instrument_name": "BTC-30DEC22-24000-C", "index_price": 16433.02, "direction": "sell", "amount": 0.1}, {"trade_seq": 3908, "trade_id": "236720355", "timestamp": 1669363317416, "tick_direction": 2, "price": 0.003, "mark_price": 0.00358222, "iv": 66.05, "instrument_name": "BTC-30DEC22-24000-C", "index_price": 16472.08, "direction": "sell", "amount": 2.9}, {"trade_seq": 3907, "trade_id": "236710864", "timestamp": 1669353650231, "tick_direction": 3, "price": 0.0035, "mark_price": 0.0039657, "iv": 68.57, "instrument_name": "BTC-30DEC22-24000-C", "index_price": 16397.53, "direction": "buy", "amount": 5.3}, {"trade_seq": 3906, "trade_id": "236710863", "timestamp": 1669353650227, "tick_direction": 3, "price": 0.0035, "mark_price": 0.0039657, "iv": 68.57, "instrument_name": "BTC-30DEC22-24000-C", "index_price": 16397.53, "direction": "sell", "amount": 34.1}, {"trade_seq": 3905, "trade_id": "236710862", "timestamp": 1669353650227, "tick_direction": 2, "price": 0.0035, "mark_price": 0.0039657, "iv": 68.57, "instrument_name": "BTC-30DEC22-24000-C", "index_price": 16397.53, "direction": "sell", "amount": 0.6}, {"trade_seq": 3904, "trade_id": "236663928", "timestamp": 1669261030951, "tick_direction": 0, "price": 0.0045, "mark_price": 0.00425175, "iv": 68.08, "instrument_name": "BTC-30DEC22-24000-C", "index_price": 16735.6, "direction": "buy", "amount": 0.3}, {"trade_seq": 3903, "trade_id": "236647439", "timestamp": 1669235894537, "tick_direction": 0, "price": 0.004, "mark_price": 0.00354543, "iv": 68.12, "instrument_name": "BTC-30DEC22-24000-C", "index_price": 16515.85, "direction": "buy", "amount": 6.4}, {"trade_seq": 3902, "trade_id": "236645535", "timestamp": 1669232837954, "tick_direction": 2, "price": 0.0035, "mark_price": 0.00394376, "iv": 67.04, "instrument_name": "BTC-30DEC22-24000-C", "index_price": 16437.53, "direction": "sell", "amount": 1.8}, {"trade_seq": 3901, "trade_id": "236645479", "timestamp": 1669232735904, "tick_direction": 3, "price": 0.004, "mark_price": 0.00449886, "iv": 68.59, "instrument_name": "BTC-30DEC22-24000-C", "index_price": 16452.37, "direction": "buy", "amount": 9.2}, {"trade_seq": 3900, "trade_id": "236645478", "timestamp": 1669232735653, "tick_direction": 2, "price": 0.004, "mark_price": 0.00449886, "iv": 68.6, "instrument_name": "BTC-30DEC22-24000-C", "index_price": 16451.72, "direction": "sell", "amount": 9.0}, {"trade_seq": 3899, "trade_id": "236633932", "timestamp": 1669219741264, "tick_direction": 1, "price": 0.0045, "mark_price": 0.00432453, "iv": 70.19, "instrument_name": "BTC-30DEC22-24000-C", "index_price": 16439.03, "direction": "buy", "amount": 1.0}, {"trade_seq": 3898, "trade_id": "236632710", "timestamp": 1669217204233, "tick_direction": 1, "price": 0.0045, "mark_price": 0.00422636, "iv": 70.15, "instrument_name": "BTC-30DEC22-24000-C", "index_price": 16442.52, "direction": "buy", "amount": 10.9}, {"trade_seq": 3897, "trade_id": "236632709", "timestamp": 1669217204233, "tick_direction": 0, "price": 0.0045, "mark_price": 0.00422636, "iv": 70.15, "instrument_name": "BTC-30DEC22-24000-C", "index_price": 16442.52, "direction": "buy", "amount": 4.1}, {"trade_seq": 3896, "trade_id": "236629060", "timestamp": 1669213062126, "tick_direction": 3, "price": 0.0045, "mark_price": 0.00425878, "iv": 70.34, "instrument_name": "BTC-30DEC22-24000-C", "index_price": 16408.7, "direction": "buy", "amount": 2.0}, {"trade_seq": 3895, "trade_id": "236616395", "timestamp": 1669196769992, "tick_direction": 3, "price": 0.0045, "mark_price": 0.00410062, "iv": 69.06, "instrument_name": "BTC-30DEC22-24000-C", "index_price": 16538.79, "direction": "buy", "amount": 1.0}, {"trade_seq": 3894, "trade_id": "236616341", "timestamp": 1669196681802, "tick_direction": 2, "price": 0.0045, "mark_price": 0.00413781, "iv": 69.03, "instrument_name": "BTC-30DEC22-24000-C", "index_price": 16543.03, "direction": "buy", "amount": 1.0}, {"trade_seq": 3893, "trade_id": "236601303", "timestamp": 1669180497562, "tick_direction": 1, "price": 0.005, "mark_price": 0.00446912, "iv": 70.82, "instrument_name": "BTC-30DEC22-24000-C", "index_price": 16478.39, "direction": "buy", "amount": 1.0}, {"trade_seq": 3892, "trade_id": "236575688", "timestamp": 1669145660600, "tick_direction": 0, "price": 0.005, "mark_price": 0.00454354, "iv": 73.15, "instrument_name": "BTC-30DEC22-24000-C", "index_price": 16170.5, "direction": "buy", "amount": 1.1}, {"trade_seq": 3891, "trade_id": "236569412", "timestamp": 1669137590577, "tick_direction": 1, "price": 0.0045, "mark_price": 0.00410551, "iv": 71.86, "instrument_name": "BTC-30DEC22-24000-C", "index_price": 16160.0, "direction": "buy", "amount": 5.5}, {"trade_seq": 3890, "trade_id": "236551517", "timestamp": 1669124307583, "tick_direction": 3, "price": 0.004, "mark_price": 0.00414856, "iv": 71.44, "instrument_name": "BTC-30DEC22-24000-C", "index_price": 16005.4, "direction": "buy", "amount": 14.2}, {"trade_seq": 3889, "trade_id": "236551516", "timestamp": 1669124307581, "tick_direction": 3, "price": 0.004, "mark_price": 0.00414856, "iv": 71.44, "instrument_name": "BTC-30DEC22-24000-C", "index_price": 16005.4, "direction": "sell", "amount": 8.7}, {"trade_seq": 3888, "trade_id": "236551515", "timestamp": 1669124307581, "tick_direction": 3, "price": 0.004, "mark_price": 0.00414856, "iv": 71.44, "instrument_name": "BTC-30DEC22-24000-C", "index_price": 16005.4, "direction": "sell", "amount": 2.1}, {"trade_seq": 3887, "trade_id": "236546329", "timestamp": 1669121528408, "tick_direction": 3, "price": 0.004, "mark_price": 0.00429865, "iv": 73.27, "instrument_name": "BTC-30DEC22-24000-C", "index_price": 15795.55, "direction": "buy", "amount": 1.0}, {"trade_seq": 3886, "trade_id": "236546328", "timestamp": 1669121528349, "tick_direction": 3, "price": 0.004, "mark_price": 0.00429865, "iv": 73.27, "instrument_name": "BTC-30DEC22-24000-C", "index_price": 15795.55, "direction": "sell", "amount": 1.0}, {"trade_seq": 3885, "trade_id": "236546327", "timestamp": 1669121528349, "tick_direction": 2, "price": 0.004, "mark_price": 0.00429865, "iv": 73.27, "instrument_name": "BTC-30DEC22-24000-C", "index_price": 15795.55, "direction": "sell", "amount": 1.0}, {"trade_seq": 3884, "trade_id": "236543444", "timestamp": 1669116269290, "tick_direction": 1, "price": 0.0045, "mark_price": 0.00420155, "iv": 75.28, "instrument_name": "BTC-30DEC22-24000-C", "index_price": 15728.23, "direction": "buy", "amount": 1.0}, {"trade_seq": 3883, "trade_id": "236537862", "timestamp": 1669106235861, "tick_direction": 1, "price": 0.0045, "mark_price": 0.00444188, "iv": 75.72, "instrument_name": "BTC-30DEC22-24000-C", "index_price": 15666.89, "direction": "buy", "amount": 0.3}, {"trade_seq": 3882, "trade_id": "236537861", "timestamp": 1669106235857, "tick_direction": 1, "price": 0.0045, "mark_price": 0.00444188, "iv": 75.72, "instrument_name": "BTC-30DEC22-24000-C", "index_price": 15666.89, "direction": "buy", "amount": 0.1}, {"trade_seq": 3881, "trade_id": "236537860", "timestamp": 1669106235835, "tick_direction": 1, "price": 0.0045, "mark_price": 0.00444188, "iv": 75.72, "instrument_name": "BTC-30DEC22-24000-C", "index_price": 15666.89, "direction": "buy", "amount": 0.4}, {"trade_seq": 3880, "trade_id": "236537859", "timestamp": 1669106235819, "tick_direction": 1, "price": 0.0045, "mark_price": 0.00444188, "iv": 75.72, "instrument_name": "BTC-30DEC22-24000-C", "index_price": 15666.89, "direction": "buy", "amount": 0.6}, {"trade_seq": 3879, "trade_id": "236537854", "timestamp": 1669106235674, "tick_direction": 1, "price": 0.0045, "mark_price": 0.00444188, "iv": 75.72, "instrument_name": "BTC-30DEC22-24000-C", "index_price": 15666.89, "direction": "buy", "amount": 0.9}, {"trade_seq": 3878, "trade_id": "236533138", "timestamp": 1669100814720, "tick_direction": 1, "price": 0.0045, "mark_price": 0.00425689, "iv": 75.62, "instrument_name": "BTC-30DEC22-24000-C", "index_price": 15668.75, "direction": "buy", "amount": 0.3}, {"trade_seq": 3877, "trade_id": "236523525", "timestamp": 1669085623830, "tick_direction": 1, "price": 0.0045, "mark_price": 0.00453244, "iv": 74.17, "instrument_name": "BTC-30DEC22-24000-C", "index_price": 15803.21, "direction": "sell", "amount": 1.0}, {"trade_seq": 3876, "trade_id": "236515988", "timestamp": 1669073899683, "tick_direction": 1, "price": 0.0045, "mark_price": 0.00475052, "iv": 74.18, "instrument_name": "BTC-30DEC22-24000-C", "index_price": 15789.03, "direction": "sell", "amount": 7.0}, {"trade_seq": 3875, "trade_id": "236452024", "timestamp": 1669032556941, "tick_direction": 1, "price": 0.0045, "mark_price": 0.00432234, "iv": 72.12, "instrument_name": "BTC-30DEC22-24000-C", "index_price": 16020.24, "direction": "buy", "amount": 1.6}, {"trade_seq": 3874, "trade_id": "236452023", "timestamp": 1669032556941, "tick_direction": 0, "price": 0.0045, "mark_price": 0.00432234, "iv": 72.12, "instrument_name": "BTC-30DEC22-24000-C", "index_price": 16020.24, "direction": "buy", "amount": 5.8}, {"trade_seq": 3873, "trade_id": "236387695", "timestamp": 1668959192781, "tick_direction": 1, "price": 0.0045, "mark_price": 0.00447805, "iv": 66.89, "instrument_name": "BTC-30DEC22-24000-C", "index_price": 16559.8, "direction": "sell", "amount": 0.2}, {"trade_seq": 3872, "trade_id": "236387689", "timestamp": 1668959183083, "tick_direction": 1, "price": 0.0045, "mark_price": 0.00447858, "iv": 66.89, "instrument_name": "BTC-30DEC22-24000-C", "index_price": 16559.3, "direction": "sell", "amount": 0.2}, {"trade_seq": 3871, "trade_id": "236387680", "timestamp": 1668959172413, "tick_direction": 1, "price": 0.0045, "mark_price": 0.00448285, "iv": 66.87, "instrument_name": "BTC-30DEC22-24000-C", "index_price": 16561.06, "direction": "sell", "amount": 0.2}, {"trade_seq": 3870, "trade_id": "236387676", "timestamp": 1668959157547, "tick_direction": 1, "price": 0.0045, "mark_price": 0.00448362, "iv": 66.87, "instrument_name": "BTC-30DEC22-24000-C", "index_price": 16561.32, "direction": "sell", "amount": 0.1}, {"trade_seq": 3869, "trade_id": "236387675", "timestamp": 1668959145845, "tick_direction": 1, "price": 0.0045, "mark_price": 0.00448273, "iv": 66.87, "instrument_name": "BTC-30DEC22-24000-C", "index_price": 16560.94, "direction": "sell", "amount": 0.1}, {"trade_seq": 3868, "trade_id": "236387672", "timestamp": 1668959135541, "tick_direction": 1, "price": 0.0045, "mark_price": 0.00448369, "iv": 66.87, "instrument_name": "BTC-30DEC22-24000-C", "index_price": 16561.55, "direction": "sell", "amount": 0.1}, {"trade_seq": 3867, "trade_id": "236387662", "timestamp": 1668959126688, "tick_direction": 1, "price": 0.0045, "mark_price": 0.00449072, "iv": 66.85, "instrument_name": "BTC-30DEC22-24000-C", "index_price": 16563.11, "direction": "sell", "amount": 0.1}, {"trade_seq": 3866, "trade_id": "236376240", "timestamp": 1668940973651, "tick_direction": 0, "price": 0.0045, "mark_price": 0.0040344, "iv": 65.97, "instrument_name": "BTC-30DEC22-24000-C", "index_price": 16630.41, "direction": "buy", "amount": 1.0}, {"trade_seq": 3865, "trade_id": "236355910", "timestamp": 1668875669542, "tick_direction": 2, "price": 0.0045, "mark_price": 0.00497205, "iv": 65.4, "instrument_name": "BTC-30DEC22-24000-C", "index_price": 16631.66, "direction": "sell", "amount": 1.6}, {"trade_seq": 3864, "trade_id": "236353989", "timestamp": 1668865487162, "tick_direction": 2, "price": 0.005, "mark_price": 0.00505201, "iv": 66.63, "instrument_name": "BTC-30DEC22-24000-C", "index_price": 16638.06, "direction": "sell", "amount": 0.1}, {"trade_seq": 3863, "trade_id": "236353771", "timestamp": 1668864551010, "tick_direction": 3, "price": 0.0055, "mark_price": 0.00519539, "iv": 68.04, "instrument_name": "BTC-30DEC22-24000-C", "index_price": 16628.67, "direction": "buy", "amount": 2.0}, {"trade_seq": 3862, "trade_id": "236353642", "timestamp": 1668863889226, "tick_direction": 3, "price": 0.0055, "mark_price": 0.00574602, "iv": 67.99, "instrument_name": "BTC-30DEC22-24000-C", "index_price": 16633.46, "direction": "sell", "amount": 55.5}, {"trade_seq": 3861, "trade_id": "236353580", "timestamp": 1668863703734, "tick_direction": 3, "price": 0.0055, "mark_price": 0.005714, "iv": 68.02, "instrument_name": "BTC-30DEC22-24000-C", "index_price": 16627.88, "direction": "sell", "amount": 0.1}, {"trade_seq": 3860, "trade_id": "236352237", "timestamp": 1668858874619, "tick_direction": 3, "price": 0.0055, "mark_price": 0.00574707, "iv": 67.84, "instrument_name": "BTC-30DEC22-24000-C", "index_price": 16630.05, "direction": "sell", "amount": 18.0}, {"trade_seq": 3859, "trade_id": "236352158", "timestamp": 1668858208058, "tick_direction": 3, "price": 0.0055, "mark_price": 0.00575185, "iv": 67.84, "instrument_name": "BTC-30DEC22-24000-C", "index_price": 16634.8, "direction": "sell", "amount": 18.0}, {"trade_seq": 3858, "trade_id": "236349960", "timestamp": 1668848322791, "tick_direction": 3, "price": 0.0055, "mark_price": 0.00577482, "iv": 67.83, "instrument_name": "BTC-30DEC22-24000-C", "index_price": 16627.68, "direction": "sell", "amount": 1.0}, {"trade_seq": 3857, "trade_id": "236343068", "timestamp": 1668827054512, "tick_direction": 3, "price": 0.0055, "mark_price": 0.00574017, "iv": 67.92, "instrument_name": "BTC-30DEC22-24000-C", "index_price": 16605.37, "direction": "sell", "amount": 5.0}, {"trade_seq": 3856, "trade_id": "236342285", "timestamp": 1668825120087, "tick_direction": 2, "price": 0.0055, "mark_price": 0.00570039, "iv": 68.06, "instrument_name": "BTC-30DEC22-24000-C", "index_price": 16579.96, "direction": "sell", "amount": 4.7}, {"trade_seq": 3855, "trade_id": "236320515", "timestamp": 1668784295505, "tick_direction": 0, "price": 0.006, "mark_price": 0.00568889, "iv": 68.22, "instrument_name": "BTC-30DEC22-24000-C", "index_price": 16634.35, "direction": "buy", "amount": 0.1}, {"trade_seq": 3854, "trade_id": "236317789", "timestamp": 1668782326488, "tick_direction": 3, "price": 0.0055, "mark_price": 0.00565634, "iv": 66.53, "instrument_name": "BTC-30DEC22-24000-C", "index_price": 16686.46, "direction": "sell", "amount": 20.0}, {"trade_seq": 3853, "trade_id": "236317732", "timestamp": 1668782230311, "tick_direction": 3, "price": 0.0055, "mark_price": 0.00563771, "iv": 66.55, "instrument_name": "BTC-30DEC22-24000-C", "index_price": 16687.94, "direction": "sell", "amount": 20.0}, {"trade_seq": 3852, "trade_id": "236314778", "timestamp": 1668779054910, "tick_direction": 2, "price": 0.0055, "mark_price": 0.00568716, "iv": 65.79, "instrument_name": "BTC-30DEC22-24000-C", "index_price": 16780.89, "direction": "sell", "amount": 0.6}, {"trade_seq": 3851, "trade_id": "236313394", "timestamp": 1668777578006, "tick_direction": 1, "price": 0.006, "mark_price": 0.00608786, "iv": 66.93, "instrument_name": "BTC-30DEC22-24000-C", "index_price": 16774.69, "direction": "sell", "amount": 0.7}, {"trade_seq": 3850, "trade_id": "236312355", "timestamp": 1668775225896, "tick_direction": 0, "price": 0.006, "mark_price": 0.00595705, "iv": 67.04, "instrument_name": "BTC-30DEC22-24000-C", "index_price": 16754.27, "direction": "buy", "amount": 0.3}, {"trade_seq": 3849, "trade_id": "236308873", "timestamp": 1668768003803, "tick_direction": 2, "price": 0.0055, "mark_price": 0.00606824, "iv": 65.75, "instrument_name": "BTC-30DEC22-24000-C", "index_price": 16772.33, "direction": "sell", "amount": 0.2}, {"trade_seq": 3848, "trade_id": "236299174", "timestamp": 1668758809066, "tick_direction": 3, "price": 0.0065, "mark_price": 0.00661912, "iv": 68.78, "instrument_name": "BTC-30DEC22-24000-C", "index_price": 16672.54, "direction": "sell", "amount": 0.5}, {"trade_seq": 3847, "trade_id": "236299173", "timestamp": 1668758809066, "tick_direction": 3, "price": 0.0065, "mark_price": 0.00661912, "iv": 68.78, "instrument_name": "BTC-30DEC22-24000-C", "index_price": 16672.54, "direction": "sell", "amount": 0.1}, {"trade_seq": 3846, "trade_id": "236299172", "timestamp": 1668758809066, "tick_direction": 3, "price": 0.0065, "mark_price": 0.00661912, "iv": 68.78, "instrument_name": "BTC-30DEC22-24000-C", "index_price": 16672.54, "direction": "sell", "amount": 0.2}, {"trade_seq": 3845, "trade_id": "236299171", "timestamp": 1668758809066, "tick_direction": 3, "price": 0.0065, "mark_price": 0.00661912, "iv": 68.78, "instrument_name": "BTC-30DEC22-24000-C", "index_price": 16672.54, "direction": "sell", "amount": 0.2}, {"trade_seq": 3844, "trade_id": "236299170", "timestamp": 1668758809066, "tick_direction": 3, "price": 0.0065, "mark_price": 0.00661912, "iv": 68.78, "instrument_name": "BTC-30DEC22-24000-C", "index_price": 16672.54, "direction": "sell", "amount": 0.2}, {"trade_seq": 3843, "trade_id": "236299169", "timestamp": 1668758809066, "tick_direction": 3, "price": 0.0065, "mark_price": 0.00661912, "iv": 68.78, "instrument_name": "BTC-30DEC22-24000-C", "index_price": 16672.54, "direction": "sell", "amount": 0.1}, {"trade_seq": 3842, "trade_id": "236289936", "timestamp": 1668751475156, "tick_direction": 2, "price": 0.0065, "mark_price": 0.00678786, "iv": 67.74, "instrument_name": "BTC-30DEC22-24000-C", "index_price": 16804.2, "direction": "sell", "amount": 1.0}, {"trade_seq": 3841, "trade_id": "236281632", "timestamp": 1668737822927, "tick_direction": 0, "price": 0.007, "mark_price": 0.00698975, "iv": 68.58, "instrument_name": "BTC-30DEC22-24000-C", "index_price": 16839.51, "direction": "sell", "amount": 2.1}, {"trade_seq": 3840, "trade_id": "236209519", "timestamp": 1668664468117, "tick_direction": 3, "price": 0.009, "mark_price": 0.0090285, "iv": 74.24, "instrument_name": "BTC-30DEC22-24000-C", "index_price": 16543.87, "direction": "buy", "amount": 0.1}, {"trade_seq": 3839, "trade_id": "236205342", "timestamp": 1668656953383, "tick_direction": 2, "price": 0.009, "mark_price": 0.00941496, "iv": 74.16, "instrument_name": "BTC-30DEC22-24000-C", "index_price": 16554.35, "direction": "sell", "amount": 0.1}, {"trade_seq": 3838, "trade_id": "236200254", "timestamp": 1668645217164, "tick_direction": 2, "price": 0.01, "mark_price": 0.00999239, "iv": 74.8, "instrument_name": "BTC-30DEC22-24000-C", "index_price": 16667.22, "direction": "buy", "amount": 0.3}, {"trade_seq": 3837, "trade_id": "236170638", "timestamp": 1668614571840, "tick_direction": 0, "price": 0.009, "mark_price": 0.00837528, "iv": 75.1, "instrument_name": "BTC-30DEC22-24000-C", "index_price": 16388.22, "direction": "buy", "amount": 1.2}, {"trade_seq": 3836, "trade_id": "236167688", "timestamp": 1668613656465, "tick_direction": 2, "price": 0.0085, "mark_price": 0.00858115, "iv": 73.5, "instrument_name": "BTC-30DEC22-24000-C", "index_price": 16467.97, "direction": "sell", "amount": 1.0}, {"trade_seq": 3835, "trade_id": "236163179", "timestamp": 1668611467673, "tick_direction": 3, "price": 0.009, "mark_price": 0.00860711, "iv": 74.06, "instrument_name": "BTC-30DEC22-24000-C", "index_price": 16499.89, "direction": "buy", "amount": 1.8}, {"trade_seq": 3834, "trade_id": "236162864", "timestamp": 1668611382659, "tick_direction": 3, "price": 0.009, "mark_price": 0.00854456, "iv": 74.2, "instrument_name": "BTC-30DEC22-24000-C", "index_price": 16486.32, "direction": "buy", "amount": 4.9}, {"trade_seq": 3833, "trade_id": "236162863", "timestamp": 1668611382659, "tick_direction": 3, "price": 0.009, "mark_price": 0.00854456, "iv": 74.2, "instrument_name": "BTC-30DEC22-24000-C", "index_price": 16486.32, "direction": "buy", "amount": 1.8}, {"trade_seq": 3832, "trade_id": "236162862", "timestamp": 1668611382659, "tick_direction": 3, "price": 0.009, "mark_price": 0.00854456, "iv": 74.2, "instrument_name": "BTC-30DEC22-24000-C", "index_price": 16486.32, "direction": "buy", "amount": 3.0}, {"trade_seq": 3831, "trade_id": "236162851", "timestamp": 1668611377121, "tick_direction": 3, "price": 0.009, "mark_price": 0.00854333, "iv": 74.2, "instrument_name": "BTC-30DEC22-24000-C", "index_price": 16486.0, "direction": "buy", "amount": 2.2}, {"trade_seq": 3830, "trade_id": "236162850", "timestamp": 1668611377121, "tick_direction": 3, "price": 0.009, "mark_price": 0.00854333, "iv": 74.2, "instrument_name": "BTC-30DEC22-24000-C", "index_price": 16486.0, "direction": "buy", "amount": 3.0}, {"trade_seq": 3829, "trade_id": "236162849", "timestamp": 1668611377121, "tick_direction": 3, "price": 0.009, "mark_price": 0.00854333, "iv": 74.2, "instrument_name": "BTC-30DEC22-24000-C", "index_price": 16486.0, "direction": "buy", "amount": 2.0}, {"trade_seq": 3828, "trade_id": "236162634", "timestamp": 1668611222010, "tick_direction": 3, "price": 0.009, "mark_price": 0.00856384, "iv": 74.19, "instrument_name": "BTC-30DEC22-24000-C", "index_price": 16485.11, "direction": "buy", "amount": 5.9}, {"trade_seq": 3827, "trade_id": "236162633", "timestamp": 1668611222010, "tick_direction": 3, "price": 0.009, "mark_price": 0.00856384, "iv": 74.19, "instrument_name": "BTC-30DEC22-24000-C", "index_price": 16485.11, "direction": "buy", "amount": 3.0}, {"trade_seq": 3826, "trade_id": "236162632", "timestamp": 1668611222010, "tick_direction": 3, "price": 0.009, "mark_price": 0.00856384, "iv": 74.19, "instrument_name": "BTC-30DEC22-24000-C", "index_price": 16485.11, "direction": "buy", "amount": 4.9}, {"trade_seq": 3825, "trade_id": "236162631", "timestamp": 1668611222010, "tick_direction": 3, "price": 0.009, "mark_price": 0.00856384, "iv": 74.19, "instrument_name": "BTC-30DEC22-24000-C", "index_price": 16485.11, "direction": "buy", "amount": 2.2}, {"trade_seq": 3824, "trade_id": "236162630", "timestamp": 1668611222010, "tick_direction": 2, "price": 0.009, "mark_price": 0.00856384, "iv": 74.19, "instrument_name": "BTC-30DEC22-24000-C", "index_price": 16485.11, "direction": "buy", "amount": 1.8}, {"trade_seq": 3823, "trade_id": "236138059", "timestamp": 1668604468717, "tick_direction": 1, "price": 0.0095, "mark_price": 0.00873755, "iv": 74.21, "instrument_name": "BTC-30DEC22-24000-C", "index_price": 16572.07, "direction": "buy", "amount": 2.7}, {"trade_seq": 3822, "trade_id": "236138058", "timestamp": 1668604468717, "tick_direction": 1, "price": 0.0095, "mark_price": 0.00873755, "iv": 74.21, "instrument_name": "BTC-30DEC22-24000-C", "index_price": 16572.07, "direction": "buy", "amount": 8.0}, {"trade_seq": 3821, "trade_id": "236138057", "timestamp": 1668604468717, "tick_direction": 0, "price": 0.0095, "mark_price": 0.00873755, "iv": 74.21, "instrument_name": "BTC-30DEC22-24000-C", "index_price": 16572.07, "direction": "buy", "amount": 1.8}, {"trade_seq": 3820, "trade_id": "236137476", "timestamp": 1668604197227, "tick_direction": 0, "price": 0.009, "mark_price": 0.00852095, "iv": 73.31, "instrument_name": "BTC-30DEC22-24000-C", "index_price": 16569.14, "direction": "buy", "amount": 0.3}, {"trade_seq": 3819, "trade_id": "236129372", "timestamp": 1668601494430, "tick_direction": 3, "price": 0.008, "mark_price": 0.00739102, "iv": 70.73, "instrument_name": "BTC-30DEC22-24000-C", "index_price": 16647.04, "direction": "buy", "amount": 15.0}, {"trade_seq": 3818, "trade_id": "236129362", "timestamp": 1668601490629, "tick_direction": 3, "price": 0.008, "mark_price": 0.007374, "iv": 70.75, "instrument_name": "BTC-30DEC22-24000-C", "index_price": 16645.26, "direction": "buy", "amount": 15.0}, {"trade_seq": 3817, "trade_id": "236129277", "timestamp": 1668601275130, "tick_direction": 3, "price": 0.008, "mark_price": 0.00728813, "iv": 70.74, "instrument_name": "BTC-30DEC22-24000-C", "index_price": 16648.12, "direction": "sell", "amount": 8.8}, {"trade_seq": 3816, "trade_id": "236129276", "timestamp": 1668601275129, "tick_direction": 3, "price": 0.008, "mark_price": 0.00728813, "iv": 70.74, "instrument_name": "BTC-30DEC22-24000-C", "index_price": 16648.12, "direction": "sell", "amount": 19.4}, {"trade_seq": 3815, "trade_id": "236129275", "timestamp": 1668601275108, "tick_direction": 3, "price": 0.008, "mark_price": 0.00728813, "iv": 70.74, "instrument_name": "BTC-30DEC22-24000-C", "index_price": 16648.12, "direction": "buy", "amount": 1.7}, {"trade_seq": 3814, "trade_id": "236129274", "timestamp": 1668601275108, "tick_direction": 3, "price": 0.008, "mark_price": 0.00728813, "iv": 70.74, "instrument_name": "BTC-30DEC22-24000-C", "index_price": 16648.12, "direction": "buy", "amount": 5.1}, {"trade_seq": 3813, "trade_id": "236129273", "timestamp": 1668601275108, "tick_direction": 3, "price": 0.008, "mark_price": 0.00728813, "iv": 70.74, "instrument_name": "BTC-30DEC22-24000-C", "index_price": 16648.12, "direction": "buy", "amount": 15.0}, {"trade_seq": 3812, "trade_id": "236120990", "timestamp": 1668595104996, "tick_direction": 1, "price": 0.0085, "mark_price": 0.00796568, "iv": 71.42, "instrument_name": "BTC-30DEC22-24000-C", "index_price": 16678.14, "direction": "buy", "amount": 3.0}, {"trade_seq": 3811, "trade_id": "236120989", "timestamp": 1668595104996, "tick_direction": 1, "price": 0.0085, "mark_price": 0.00796568, "iv": 71.42, "instrument_name": "BTC-30DEC22-24000-C", "index_price": 16678.14, "direction": "buy", "amount": 1.4}, {"trade_seq": 3810, "trade_id": "236120988", "timestamp": 1668595104996, "tick_direction": 1, "price": 0.0085, "mark_price": 0.00796568, "iv": 71.42, "instrument_name": "BTC-30DEC22-24000-C", "index_price": 16678.14, "direction": "buy", "amount": 10.4}, {"trade_seq": 3809, "trade_id": "236118282", "timestamp": 1668591845434, "tick_direction": 1, "price": 0.0085, "mark_price": 0.00803151, "iv": 71.06, "instrument_name": "BTC-30DEC22-24000-C", "index_price": 16714.57, "direction": "buy", "amount": 8.0}, {"trade_seq": 3808, "trade_id": "236118281", "timestamp": 1668591845434, "tick_direction": 1, "price": 0.0085, "mark_price": 0.00803151, "iv": 71.06, "instrument_name": "BTC-30DEC22-24000-C", "index_price": 16714.57, "direction": "buy", "amount": 6.5}, {"trade_seq": 3807, "trade_id": "236114815", "timestamp": 1668589221924, "tick_direction": 1, "price": 0.0085, "mark_price": 0.00830543, "iv": 70.66, "instrument_name": "BTC-30DEC22-24000-C", "index_price": 16769.24, "direction": "buy", "amount": 5.6}, {"trade_seq": 3806, "trade_id": "236114607", "timestamp": 1668588871086, "tick_direction": 1, "price": 0.0085, "mark_price": 0.0081062, "iv": 70.69, "instrument_name": "BTC-30DEC22-24000-C", "index_price": 16760.56, "direction": "buy", "amount": 3.4}, {"trade_seq": 3805, "trade_id": "236114606", "timestamp": 1668588871086, "tick_direction": 1, "price": 0.0085, "mark_price": 0.0081062, "iv": 70.69, "instrument_name": "BTC-30DEC22-24000-C", "index_price": 16760.56, "direction": "buy", "amount": 6.7}, {"trade_seq": 3804, "trade_id": "236114045", "timestamp": 1668588090472, "tick_direction": 1, "price": 0.0085, "mark_price": 0.00792225, "iv": 70.98, "instrument_name": "BTC-30DEC22-24000-C", "index_price": 16728.04, "direction": "buy", "amount": 4.2}, {"trade_seq": 3803, "trade_id": "236114044", "timestamp": 1668588090472, "tick_direction": 1, "price": 0.0085, "mark_price": 0.00792225, "iv": 70.98, "instrument_name": "BTC-30DEC22-24000-C", "index_price": 16728.04, "direction": "buy", "amount": 7.9}, {"trade_seq": 3802, "trade_id": "236114043", "timestamp": 1668588090472, "tick_direction": 0, "price": 0.0085, "mark_price": 0.00792225, "iv": 70.98, "instrument_name": "BTC-30DEC22-24000-C", "index_price": 16728.04, "direction": "buy", "amount": 7.9}, {"trade_seq": 3801, "trade_id": "236112639", "timestamp": 1668587501699, "tick_direction": 0, "price": 0.008, "mark_price": 0.00787165, "iv": 69.62, "instrument_name": "BTC-30DEC22-24000-C", "index_price": 16774.3, "direction": "buy", "amount": 1.0}, {"trade_seq": 3800, "trade_id": "236108789", "timestamp": 1668585755796, "tick_direction": 3, "price": 0.0075, "mark_price": 0.00806573, "iv": 68.51, "instrument_name": "BTC-30DEC22-24000-C", "index_price": 16787.82, "direction": "sell", "amount": 20.0}, {"trade_seq": 3799, "trade_id": "236108060", "timestamp": 1668585655908, "tick_direction": 3, "price": 0.0075, "mark_price": 0.00809713, "iv": 68.47, "instrument_name": "BTC-30DEC22-24000-C", "index_price": 16795.18, "direction": "sell", "amount": 3.7}, {"trade_seq": 3798, "trade_id": "236108059", "timestamp": 1668585655908, "tick_direction": 3, "price": 0.0075, "mark_price": 0.00809713, "iv": 68.47, "instrument_name": "BTC-30DEC22-24000-C", "index_price": 16795.18, "direction": "sell", "amount": 11.4}, {"trade_seq": 3797, "trade_id": "236108058", "timestamp": 1668585655908, "tick_direction": 2, "price": 0.0075, "mark_price": 0.00809713, "iv": 68.47, "instrument_name": "BTC-30DEC22-24000-C", "index_price": 16795.18, "direction": "sell", "amount": 4.9}, {"trade_seq": 3796, "trade_id": "236100648", "timestamp": 1668577504167, "tick_direction": 3, "price": 0.0085, "mark_price": 0.00886736, "iv": 69.3, "instrument_name": "BTC-30DEC22-24000-C", "index_price": 16917.42, "direction": "sell", "amount": 5.0}, {"trade_seq": 3795, "trade_id": "236100645", "timestamp": 1668577491254, "tick_direction": 3, "price": 0.0085, "mark_price": 0.00886139, "iv": 69.32, "instrument_name": "BTC-30DEC22-24000-C", "index_price": 16916.47, "direction": "sell", "amount": 1.5}, {"trade_seq": 3794, "trade_id": "236097182", "timestamp": 1668572048776, "tick_direction": 2, "price": 0.0085, "mark_price": 0.0090989, "iv": 69.21, "instrument_name": "BTC-30DEC22-24000-C", "index_price": 16933.32, "direction": "sell", "amount": 3.0}, {"trade_seq": 3793, "trade_id": "236089567", "timestamp": 1668558265118, "tick_direction": 3, "price": 0.0095, "mark_price": 0.00957758, "iv": 71.73, "instrument_name": "BTC-30DEC22-24000-C", "index_price": 16812.08, "direction": "sell", "amount": 1.4}, {"trade_seq": 3792, "trade_id": "236089551", "timestamp": 1668558255270, "tick_direction": 3, "price": 0.0095, "mark_price": 0.00960858, "iv": 71.68, "instrument_name": "BTC-30DEC22-24000-C", "index_price": 16819.54, "direction": "sell", "amount": 0.1}, {"trade_seq": 3791, "trade_id": "236089544", "timestamp": 1668558254800, "tick_direction": 3, "price": 0.0095, "mark_price": 0.00960202, "iv": 71.69, "instrument_name": "BTC-30DEC22-24000-C", "index_price": 16818.56, "direction": "sell", "amount": 25.0}, {"trade_seq": 3790, "trade_id": "236089506", "timestamp": 1668558251715, "tick_direction": 3, "price": 0.0095, "mark_price": 0.00967561, "iv": 71.56, "instrument_name": "BTC-30DEC22-24000-C", "index_price": 16833.65, "direction": "sell", "amount": 0.1}, {"trade_seq": 3789, "trade_id": "236089505", "timestamp": 1668558251600, "tick_direction": 3, "price": 0.0095, "mark_price": 0.00967561, "iv": 71.56, "instrument_name": "BTC-30DEC22-24000-C", "index_price": 16833.65, "direction": "sell", "amount": 0.1}, {"trade_seq": 3788, "trade_id": "236089501", "timestamp": 1668558251409, "tick_direction": 3, "price": 0.0095, "mark_price": 0.00967561, "iv": 71.56, "instrument_name": "BTC-30DEC22-24000-C", "index_price": 16833.65, "direction": "sell", "amount": 0.1}, {"trade_seq": 3787, "trade_id": "236089460", "timestamp": 1668558171113, "tick_direction": 3, "price": 0.0095, "mark_price": 0.00967834, "iv": 71.53, "instrument_name": "BTC-30DEC22-24000-C", "index_price": 16836.63, "direction": "sell", "amount": 0.1}, {"trade_seq": 3786, "trade_id": "236089459", "timestamp": 1668558171054, "tick_direction": 3, "price": 0.0095, "mark_price": 0.00967834, "iv": 71.53, "instrument_name": "BTC-30DEC22-24000-C", "index_price": 16836.63, "direction": "sell", "amount": 0.2}, {"trade_seq": 3785, "trade_id": "236089407", "timestamp": 1668558150719, "tick_direction": 3, "price": 0.0095, "mark_price": 0.00963365, "iv": 71.6, "instrument_name": "BTC-30DEC22-24000-C", "index_price": 16828.82, "direction": "sell", "amount": 0.1}, {"trade_seq": 3784, "trade_id": "236089398", "timestamp": 1668558125214, "tick_direction": 3, "price": 0.0095, "mark_price": 0.00967023, "iv": 71.55, "instrument_name": "BTC-30DEC22-24000-C", "index_price": 16836.15, "direction": "sell", "amount": 0.1}, {"trade_seq": 3783, "trade_id": "236089397", "timestamp": 1668558125032, "tick_direction": 3, "price": 0.0095, "mark_price": 0.00967023, "iv": 71.55, "instrument_name": "BTC-30DEC22-24000-C", "index_price": 16836.15, "direction": "sell", "amount": 0.1}, {"trade_seq": 3782, "trade_id": "236089363", "timestamp": 1668558050276, "tick_direction": 3, "price": 0.0095, "mark_price": 0.00974171, "iv": 71.39, "instrument_name": "BTC-30DEC22-24000-C", "index_price": 16853.87, "direction": "sell", "amount": 0.1}, {"trade_seq": 3781, "trade_id": "236089350", "timestamp": 1668558010398, "tick_direction": 3, "price": 0.0095, "mark_price": 0.00969153, "iv": 71.48, "instrument_name": "BTC-30DEC22-24000-C", "index_price": 16846.96, "direction": "sell", "amount": 7.6}, {"trade_seq": 3780, "trade_id": "236089345", "timestamp": 1668557995895, "tick_direction": 3, "price": 0.0095, "mark_price": 0.00972781, "iv": 71.41, "instrument_name": "BTC-30DEC22-24000-C", "index_price": 16856.19, "direction": "sell", "amount": 7.4}, {"trade_seq": 3779, "trade_id": "236089343", "timestamp": 1668557987931, "tick_direction": 3, "price": 0.0095, "mark_price": 0.00972878, "iv": 71.41, "instrument_name": "BTC-30DEC22-24000-C", "index_price": 16857.1, "direction": "sell", "amount": 0.1}, {"trade_seq": 3778, "trade_id": "236089327", "timestamp": 1668557941475, "tick_direction": 3, "price": 0.0095, "mark_price": 0.00972256, "iv": 71.42, "instrument_name": "BTC-30DEC22-24000-C", "index_price": 16855.82, "direction": "sell", "amount": 0.1}, {"trade_seq": 3777, "trade_id": "236089326", "timestamp": 1668557941022, "tick_direction": 3, "price": 0.0095, "mark_price": 0.00972448, "iv": 71.42, "instrument_name": "BTC-30DEC22-24000-C", "index_price": 16855.82, "direction": "sell", "amount": 0.1}, {"trade_seq": 3776, "trade_id": "236089325", "timestamp": 1668557940932, "tick_direction": 3, "price": 0.0095, "mark_price": 0.00972448, "iv": 71.42, "instrument_name": "BTC-30DEC22-24000-C", "index_price": 16855.82, "direction": "sell", "amount": 0.1}, {"trade_seq": 3775, "trade_id": "236089324", "timestamp": 1668557940903, "tick_direction": 3, "price": 0.0095, "mark_price": 0.00972448, "iv": 71.42, "instrument_name": "BTC-30DEC22-24000-C", "index_price": 16855.82, "direction": "sell", "amount": 0.1}, {"trade_seq": 3774, "trade_id": "236089315", "timestamp": 1668557933717, "tick_direction": 3, "price": 0.0095, "mark_price": 0.00973808, "iv": 71.39, "instrument_name": "BTC-30DEC22-24000-C", "index_price": 16858.72, "direction": "sell", "amount": 0.1}, {"trade_seq": 3773, "trade_id": "236089314", "timestamp": 1668557933663, "tick_direction": 3, "price": 0.0095, "mark_price": 0.00973808, "iv": 71.39, "instrument_name": "BTC-30DEC22-24000-C", "index_price": 16858.72, "direction": "sell", "amount": 0.1}, {"trade_seq": 3772, "trade_id": "236089313", "timestamp": 1668557929593, "tick_direction": 3, "price": 0.0095, "mark_price": 0.00974034, "iv": 71.4, "instrument_name": "BTC-30DEC22-24000-C", "index_price": 16857.86, "direction": "sell", "amount": 0.1}, {"trade_seq": 3771, "trade_id": "236089312", "timestamp": 1668557929581, "tick_direction": 3, "price": 0.0095, "mark_price": 0.00974034, "iv": 71.4, "instrument_name": "BTC-30DEC22-24000-C", "index_price": 16857.86, "direction": "sell", "amount": 0.1}, {"trade_seq": 3770, "trade_id": "236089311", "timestamp": 1668557929571, "tick_direction": 3, "price": 0.0095, "mark_price": 0.00974034, "iv": 71.4, "instrument_name": "BTC-30DEC22-24000-C", "index_price": 16857.86, "direction": "sell", "amount": 0.1}, {"trade_seq": 3769, "trade_id": "236089310", "timestamp": 1668557925575, "tick_direction": 3, "price": 0.0095, "mark_price": 0.00973567, "iv": 71.39, "instrument_name": "BTC-30DEC22-24000-C", "index_price": 16858.58, "direction": "sell", "amount": 0.1}, {"trade_seq": 3768, "trade_id": "236089309", "timestamp": 1668557925565, "tick_direction": 3, "price": 0.0095, "mark_price": 0.00973567, "iv": 71.39, "instrument_name": "BTC-30DEC22-24000-C", "index_price": 16858.58, "direction": "sell", "amount": 0.1}, {"trade_seq": 3767, "trade_id": "236089308", "timestamp": 1668557925554, "tick_direction": 3, "price": 0.0095, "mark_price": 0.00973567, "iv": 71.39, "instrument_name": "BTC-30DEC22-24000-C", "index_price": 16858.58, "direction": "sell", "amount": 0.1}, {"trade_seq": 3766, "trade_id": "236089307", "timestamp": 1668557925540, "tick_direction": 3, "price": 0.0095, "mark_price": 0.00973567, "iv": 71.39, "instrument_name": "BTC-30DEC22-24000-C", "index_price": 16858.58, "direction": "sell", "amount": 0.2}, {"trade_seq": 3765, "trade_id": "236088384", "timestamp": 1668555615639, "tick_direction": 3, "price": 0.0095, "mark_price": 0.0097694, "iv": 71.52, "instrument_name": "BTC-30DEC22-24000-C", "index_price": 16842.84, "direction": "sell", "amount": 0.1}, {"trade_seq": 3764, "trade_id": "236088383", "timestamp": 1668555615628, "tick_direction": 3, "price": 0.0095, "mark_price": 0.0097694, "iv": 71.52, "instrument_name": "BTC-30DEC22-24000-C", "index_price": 16842.84, "direction": "sell", "amount": 0.1}, {"trade_seq": 3763, "trade_id": "236088276", "timestamp": 1668555309362, "tick_direction": 3, "price": 0.0095, "mark_price": 0.00973099, "iv": 71.54, "instrument_name": "BTC-30DEC22-24000-C", "index_price": 16839.62, "direction": "sell", "amount": 0.1}, {"trade_seq": 3762, "trade_id": "236088275", "timestamp": 1668555309352, "tick_direction": 3, "price": 0.0095, "mark_price": 0.00973099, "iv": 71.54, "instrument_name": "BTC-30DEC22-24000-C", "index_price": 16839.62, "direction": "sell", "amount": 0.1}, {"trade_seq": 3761, "trade_id": "236088274", "timestamp": 1668555309339, "tick_direction": 3, "price": 0.0095, "mark_price": 0.00973099, "iv": 71.54, "instrument_name": "BTC-30DEC22-24000-C", "index_price": 16839.62, "direction": "sell", "amount": 0.2}, {"trade_seq": 3760, "trade_id": "236088273", "timestamp": 1668555309330, "tick_direction": 3, "price": 0.0095, "mark_price": 0.00973099, "iv": 71.54, "instrument_name": "BTC-30DEC22-24000-C", "index_price": 16839.62, "direction": "sell", "amount": 0.2}, {"trade_seq": 3759, "trade_id": "236088272", "timestamp": 1668555309318, "tick_direction": 3, "price": 0.0095, "mark_price": 0.00973099, "iv": 71.54, "instrument_name": "BTC-30DEC22-24000-C", "index_price": 16839.62, "direction": "sell", "amount": 0.3}, {"trade_seq": 3758, "trade_id": "236088271", "timestamp": 1668555309306, "tick_direction": 3, "price": 0.0095, "mark_price": 0.00973099, "iv": 71.54, "instrument_name": "BTC-30DEC22-24000-C", "index_price": 16839.62, "direction": "sell", "amount": 0.4}, {"trade_seq": 3757, "trade_id": "236088158", "timestamp": 1668554805614, "tick_direction": 3, "price": 0.0095, "mark_price": 0.00964807, "iv": 71.61, "instrument_name": "BTC-30DEC22-24000-C", "index_price": 16825.13, "direction": "sell", "amount": 0.1}, {"trade_seq": 3756, "trade_id": "236088157", "timestamp": 1668554805605, "tick_direction": 3, "price": 0.0095, "mark_price": 0.00964807, "iv": 71.61, "instrument_name": "BTC-30DEC22-24000-C", "index_price": 16825.13, "direction": "sell", "amount": 0.1}, {"trade_seq": 3755, "trade_id": "236088156", "timestamp": 1668554805594, "tick_direction": 3, "price": 0.0095, "mark_price": 0.00964807, "iv": 71.61, "instrument_name": "BTC-30DEC22-24000-C", "index_price": 16825.13, "direction": "sell", "amount": 0.1}, {"trade_seq": 3754, "trade_id": "236088155", "timestamp": 1668554805583, "tick_direction": 3, "price": 0.0095, "mark_price": 0.00964807, "iv": 71.61, "instrument_name": "BTC-30DEC22-24000-C", "index_price": 16825.13, "direction": "sell", "amount": 0.1}, {"trade_seq": 3753, "trade_id": "236088154", "timestamp": 1668554805570, "tick_direction": 3, "price": 0.0095, "mark_price": 0.00964807, "iv": 71.61, "instrument_name": "BTC-30DEC22-24000-C", "index_price": 16825.13, "direction": "sell", "amount": 0.2}, {"trade_seq": 3752, "trade_id": "236088153", "timestamp": 1668554805559, "tick_direction": 3, "price": 0.0095, "mark_price": 0.00964807, "iv": 71.61, "instrument_name": "BTC-30DEC22-24000-C", "index_price": 16825.13, "direction": "sell", "amount": 0.3}, {"trade_seq": 3751, "trade_id": "236088152", "timestamp": 1668554805548, "tick_direction": 3, "price": 0.0095, "mark_price": 0.00964807, "iv": 71.61, "instrument_name": "BTC-30DEC22-24000-C", "index_price": 16825.13, "direction": "sell", "amount": 0.5}, {"trade_seq": 3750, "trade_id": "236078092", "timestamp": 1668543494149, "tick_direction": 3, "price": 0.0095, "mark_price": 0.00972341, "iv": 71.71, "instrument_name": "BTC-30DEC22-24000-C", "index_price": 16817.2, "direction": "sell", "amount": 1.0}, {"trade_seq": 3749, "trade_id": "236059923", "timestamp": 1668533039733, "tick_direction": 3, "price": 0.0095, "mark_price": 0.0097634, "iv": 70.1, "instrument_name": "BTC-30DEC22-24000-C", "index_price": 17001.84, "direction": "sell", "amount": 50.0}, {"trade_seq": 3748, "trade_id": "236058611", "timestamp": 1668531995513, "tick_direction": 2, "price": 0.0095, "mark_price": 0.00977886, "iv": 70.35, "instrument_name": "BTC-30DEC22-24000-C", "index_price": 16971.32, "direction": "sell", "amount": 20.0}, {"trade_seq": 3747, "trade_id": "236047801", "timestamp": 1668526493267, "tick_direction": 1, "price": 0.01, "mark_price": 0.00987736, "iv": 71.23, "instrument_name": "BTC-30DEC22-24000-C", "index_price": 16967.91, "direction": "buy", "amount": 5.0}, {"trade_seq": 3746, "trade_id": "236047756", "timestamp": 1668526467377, "tick_direction": 1, "price": 0.01, "mark_price": 0.0098483, "iv": 71.3, "instrument_name": "BTC-30DEC22-24000-C", "index_price": 16962.23, "direction": "buy", "amount": 0.8}, {"trade_seq": 3745, "trade_id": "236047755", "timestamp": 1668526467377, "tick_direction": 1, "price": 0.01, "mark_price": 0.0098483, "iv": 71.3, "instrument_name": "BTC-30DEC22-24000-C", "index_price": 16962.23, "direction": "buy", "amount": 7.6}, {"trade_seq": 3744, "trade_id": "236047754", "timestamp": 1668526467377, "tick_direction": 1, "price": 0.01, "mark_price": 0.0098483, "iv": 71.3, "instrument_name": "BTC-30DEC22-24000-C", "index_price": 16962.23, "direction": "buy", "amount": 2.9}, {"trade_seq": 3743, "trade_id": "236047753", "timestamp": 1668526467377, "tick_direction": 0, "price": 0.01, "mark_price": 0.0098483, "iv": 71.3, "instrument_name": "BTC-30DEC22-24000-C", "index_price": 16962.23, "direction": "buy", "amount": 7.0}, {"trade_seq": 3742, "trade_id": "236046449", "timestamp": 1668525328800, "tick_direction": 1, "price": 0.0095, "mark_price": 0.00968608, "iv": 71.04, "instrument_name": "BTC-30DEC22-24000-C", "index_price": 16876.47, "direction": "sell", "amount": 1.0}, {"trade_seq": 3741, "trade_id": "236045189", "timestamp": 1668524519033, "tick_direction": 0, "price": 0.0095, "mark_price": 0.00980628, "iv": 70.72, "instrument_name": "BTC-30DEC22-24000-C", "index_price": 16920.52, "direction": "sell", "amount": 0.7}, {"trade_seq": 3740, "trade_id": "236041743", "timestamp": 1668522634686, "tick_direction": 1, "price": 0.009, "mark_price": 0.00965778, "iv": 69.58, "instrument_name": "BTC-30DEC22-24000-C", "index_price": 16958.11, "direction": "buy", "amount": 5.0}, {"trade_seq": 3739, "trade_id": "236041742", "timestamp": 1668522634647, "tick_direction": 1, "price": 0.009, "mark_price": 0.00965778, "iv": 69.58, "instrument_name": "BTC-30DEC22-24000-C", "index_price": 16958.11, "direction": "sell", "amount": 5.3}, {"trade_seq": 3738, "trade_id": "236041741", "timestamp": 1668522634647, "tick_direction": 1, "price": 0.009, "mark_price": 0.00965778, "iv": 69.58, "instrument_name": "BTC-30DEC22-24000-C", "index_price": 16958.11, "direction": "sell", "amount": 3.0}, {"trade_seq": 3737, "trade_id": "236041740", "timestamp": 1668522634647, "tick_direction": 1, "price": 0.009, "mark_price": 0.00965778, "iv": 69.58, "instrument_name": "BTC-30DEC22-24000-C", "index_price": 16958.11, "direction": "sell", "amount": 2.2}, {"trade_seq": 3736, "trade_id": "236041739", "timestamp": 1668522634647, "tick_direction": 1, "price": 0.009, "mark_price": 0.00965778, "iv": 69.58, "instrument_name": "BTC-30DEC22-24000-C", "index_price": 16958.11, "direction": "sell", "amount": 8.0}, {"trade_seq": 3735, "trade_id": "236035331", "timestamp": 1668519261870, "tick_direction": 1, "price": 0.009, "mark_price": 0.0098554, "iv": 68.5, "instrument_name": "BTC-30DEC22-24000-C", "index_price": 17068.49, "direction": "buy", "amount": 12.4}, {"trade_seq": 3734, "trade_id": "236035330", "timestamp": 1668519261869, "tick_direction": 1, "price": 0.009, "mark_price": 0.0098554, "iv": 68.5, "instrument_name": "BTC-30DEC22-24000-C", "index_price": 17068.49, "direction": "buy", "amount": 16.1}, {"trade_seq": 3733, "trade_id": "236035329", "timestamp": 1668519261867, "tick_direction": 1, "price": 0.009, "mark_price": 0.0098554, "iv": 68.5, "instrument_name": "BTC-30DEC22-24000-C", "index_price": 17068.49, "direction": "sell", "amount": 3.5}, {"trade_seq": 3732, "trade_id": "235953053", "timestamp": 1668461350259, "tick_direction": 3, "price": 0.0085, "mark_price": 0.00898258, "iv": 73.26, "instrument_name": "BTC-30DEC22-24000-C", "index_price": 16329.59, "direction": "sell", "amount": 0.1}, {"trade_seq": 3731, "trade_id": "235951791", "timestamp": 1668460478499, "tick_direction": 3, "price": 0.0085, "mark_price": 0.00869646, "iv": 73.63, "instrument_name": "BTC-30DEC22-24000-C", "index_price": 16287.15, "direction": "sell", "amount": 0.1}, {"trade_seq": 3730, "trade_id": "235951790", "timestamp": 1668460478489, "tick_direction": 3, "price": 0.0085, "mark_price": 0.00869646, "iv": 73.63, "instrument_name": "BTC-30DEC22-24000-C", "index_price": 16287.15, "direction": "sell", "amount": 0.1}, {"trade_seq": 3729, "trade_id": "235951789", "timestamp": 1668460478477, "tick_direction": 3, "price": 0.0085, "mark_price": 0.00869646, "iv": 73.63, "instrument_name": "BTC-30DEC22-24000-C", "index_price": 16287.15, "direction": "sell", "amount": 0.1}, {"trade_seq": 3728, "trade_id": "235951788", "timestamp": 1668460478464, "tick_direction": 3, "price": 0.0085, "mark_price": 0.00869646, "iv": 73.63, "instrument_name": "BTC-30DEC22-24000-C", "index_price": 16287.15, "direction": "sell", "amount": 0.2}, {"trade_seq": 3727, "trade_id": "235951787", "timestamp": 1668460478450, "tick_direction": 3, "price": 0.0085, "mark_price": 0.00869646, "iv": 73.63, "instrument_name": "BTC-30DEC22-24000-C", "index_price": 16287.15, "direction": "sell", "amount": 0.3}, {"trade_seq": 3726, "trade_id": "235951786", "timestamp": 1668460478425, "tick_direction": 2, "price": 0.0085, "mark_price": 0.00869646, "iv": 73.63, "instrument_name": "BTC-30DEC22-24000-C", "index_price": 16287.15, "direction": "sell", "amount": 0.4}, {"trade_seq": 3725, "trade_id": "235912511", "timestamp": 1668444482599, "tick_direction": 1, "price": 0.0095, "mark_price": 0.00992036, "iv": 73.98, "instrument_name": "BTC-30DEC22-24000-C", "index_price": 16452.61, "direction": "sell", "amount": 5.0}, {"trade_seq": 3724, "trade_id": "235912403", "timestamp": 1668444418172, "tick_direction": 0, "price": 0.0095, "mark_price": 0.00993865, "iv": 73.93, "instrument_name": "BTC-30DEC22-24000-C", "index_price": 16462.16, "direction": "sell", "amount": 7.0}, {"trade_seq": 3723, "trade_id": "235877323", "timestamp": 1668434212283, "tick_direction": 3, "price": 0.009, "mark_price": 0.00876986, "iv": 70.25, "instrument_name": "BTC-30DEC22-24000-C", "index_price": 16744.38, "direction": "buy", "amount": 15.0}, {"trade_seq": 3722, "trade_id": "235851868", "timestamp": 1668430966924, "tick_direction": 3, "price": 0.009, "mark_price": 0.00913383, "iv": 70.07, "instrument_name": "BTC-30DEC22-24000-C", "index_price": 16789.49, "direction": "sell", "amount": 2.3}, {"trade_seq": 3721, "trade_id": "235851867", "timestamp": 1668430966924, "tick_direction": 3, "price": 0.009, "mark_price": 0.00913383, "iv": 70.07, "instrument_name": "BTC-30DEC22-24000-C", "index_price": 16789.49, "direction": "sell", "amount": 3.0}, {"trade_seq": 3720, "trade_id": "235851865", "timestamp": 1668430966922, "tick_direction": 2, "price": 0.009, "mark_price": 0.00913383, "iv": 70.07, "instrument_name": "BTC-30DEC22-24000-C", "index_price": 16789.49, "direction": "sell", "amount": 15.0}, {"trade_seq": 3719, "trade_id": "235843261", "timestamp": 1668426249169, "tick_direction": 3, "price": 0.01, "mark_price": 0.00962715, "iv": 72.24, "instrument_name": "BTC-30DEC22-24000-C", "index_price": 16732.36, "direction": "buy", "amount": 2.8}, {"trade_seq": 3718, "trade_id": "235842214", "timestamp": 1668425451349, "tick_direction": 3, "price": 0.01, "mark_price": 0.00998723, "iv": 72.02, "instrument_name": "BTC-30DEC22-24000-C", "index_price": 16750.69, "direction": "buy", "amount": 2.8}, {"trade_seq": 3717, "trade_id": "235838729", "timestamp": 1668423674145, "tick_direction": 3, "price": 0.01, "mark_price": 0.01061116, "iv": 71.72, "instrument_name": "BTC-30DEC22-24000-C", "index_price": 16773.64, "direction": "sell", "amount": 8.0}, {"trade_seq": 3716, "trade_id": "235838728", "timestamp": 1668423674145, "tick_direction": 2, "price": 0.01, "mark_price": 0.01061116, "iv": 71.72, "instrument_name": "BTC-30DEC22-24000-C", "index_price": 16773.64, "direction": "sell", "amount": 7.0}, {"trade_seq": 3715, "trade_id": "235838364", "timestamp": 1668423433523, "tick_direction": 3, "price": 0.0105, "mark_price": 0.01067569, "iv": 72.55, "instrument_name": "BTC-30DEC22-24000-C", "index_price": 16772.84, "direction": "buy", "amount": 10.0}, {"trade_seq": 3714, "trade_id": "235838349", "timestamp": 1668423426107, "tick_direction": 3, "price": 0.0105, "mark_price": 0.01069675, "iv": 72.51, "instrument_name": "BTC-30DEC22-24000-C", "index_price": 16777.02, "direction": "sell", "amount": 7.0}, {"trade_seq": 3713, "trade_id": "235838034", "timestamp": 1668423124346, "tick_direction": 3, "price": 0.0105, "mark_price": 0.01057958, "iv": 72.63, "instrument_name": "BTC-30DEC22-24000-C", "index_price": 16764.04, "direction": "sell", "amount": 5.9}, {"trade_seq": 3712, "trade_id": "235838018", "timestamp": 1668423117787, "tick_direction": 2, "price": 0.0105, "mark_price": 0.01061224, "iv": 72.57, "instrument_name": "BTC-30DEC22-24000-C", "index_price": 16770.23, "direction": "sell", "amount": 5.2}, {"trade_seq": 3711, "trade_id": "235837468", "timestamp": 1668422909680, "tick_direction": 1, "price": 0.011, "mark_price": 0.01046447, "iv": 73.32, "instrument_name": "BTC-30DEC22-24000-C", "index_price": 16769.5, "direction": "buy", "amount": 2.9}, {"trade_seq": 3710, "trade_id": "235837466", "timestamp": 1668422909419, "tick_direction": 1, "price": 0.011, "mark_price": 0.01046447, "iv": 73.32, "instrument_name": "BTC-30DEC22-24000-C", "index_price": 16769.5, "direction": "buy", "amount": 10.0}, {"trade_seq": 3709, "trade_id": "235837465", "timestamp": 1668422909406, "tick_direction": 0, "price": 0.011, "mark_price": 0.01046447, "iv": 73.32, "instrument_name": "BTC-30DEC22-24000-C", "index_price": 16769.5, "direction": "buy", "amount": 2.1}, {"trade_seq": 3708, "trade_id": "235837114", "timestamp": 1668422781585, "tick_direction": 1, "price": 0.0105, "mark_price": 0.0099585, "iv": 72.4, "instrument_name": "BTC-30DEC22-24000-C", "index_price": 16788.13, "direction": "buy", "amount": 1.8}, {"trade_seq": 3707, "trade_id": "235837091", "timestamp": 1668422774264, "tick_direction": 1, "price": 0.0105, "mark_price": 0.00982792, "iv": 72.38, "instrument_name": "BTC-30DEC22-24000-C", "index_price": 16788.1, "direction": "buy", "amount": 2.4}, {"trade_seq": 3706, "trade_id": "235837090", "timestamp": 1668422774013, "tick_direction": 1, "price": 0.0105, "mark_price": 0.00982792, "iv": 72.38, "instrument_name": "BTC-30DEC22-24000-C", "index_price": 16788.1, "direction": "buy", "amount": 2.6}, {"trade_seq": 3705, "trade_id": "235837074", "timestamp": 1668422771741, "tick_direction": 1, "price": 0.0105, "mark_price": 0.00978988, "iv": 72.39, "instrument_name": "BTC-30DEC22-24000-C", "index_price": 16786.92, "direction": "buy", "amount": 1.7}, {"trade_seq": 3704, "trade_id": "235837072", "timestamp": 1668422771484, "tick_direction": 1, "price": 0.0105, "mark_price": 0.00978988, "iv": 72.39, "instrument_name": "BTC-30DEC22-24000-C", "index_price": 16786.92, "direction": "buy", "amount": 2.0}, {"trade_seq": 3703, "trade_id": "235837052", "timestamp": 1668422770053, "tick_direction": 1, "price": 0.0105, "mark_price": 0.00974322, "iv": 72.4, "instrument_name": "BTC-30DEC22-24000-C", "index_price": 16784.69, "direction": "buy", "amount": 2.8}, {"trade_seq": 3702, "trade_id": "235837048", "timestamp": 1668422769803, "tick_direction": 1, "price": 0.0105, "mark_price": 0.00974322, "iv": 72.4, "instrument_name": "BTC-30DEC22-24000-C", "index_price": 16784.69, "direction": "buy", "amount": 2.5}, {"trade_seq": 3701, "trade_id": "235836809", "timestamp": 1668422697209, "tick_direction": 1, "price": 0.0105, "mark_price": 0.00946173, "iv": 72.58, "instrument_name": "BTC-30DEC22-24000-C", "index_price": 16763.9, "direction": "buy", "amount": 5.9}, {"trade_seq": 3700, "trade_id": "235836808", "timestamp": 1668422697209, "tick_direction": 1, "price": 0.0105, "mark_price": 0.00946173, "iv": 72.58, "instrument_name": "BTC-30DEC22-24000-C", "index_price": 16763.9, "direction": "buy", "amount": 2.4}, {"trade_seq": 3699, "trade_id": "235836807", "timestamp": 1668422697209, "tick_direction": 0, "price": 0.0105, "mark_price": 0.00946173, "iv": 72.58, "instrument_name": "BTC-30DEC22-24000-C", "index_price": 16763.9, "direction": "buy", "amount": 6.0}, {"trade_seq": 3698, "trade_id": "235836643", "timestamp": 1668422642791, "tick_direction": 1, "price": 0.01, "mark_price": 0.00935172, "iv": 71.7, "instrument_name": "BTC-30DEC22-24000-C", "index_price": 16769.39, "direction": "buy", "amount": 8.2}, {"trade_seq": 3697, "trade_id": "235836592", "timestamp": 1668422639010, "tick_direction": 0, "price": 0.01, "mark_price": 0.00929988, "iv": 71.71, "instrument_name": "BTC-30DEC22-24000-C", "index_price": 16769.51, "direction": "buy", "amount": 7.5}, {"trade_seq": 3696, "trade_id": "235836462", "timestamp": 1668422624097, "tick_direction": 0, "price": 0.0095, "mark_price": 0.00906378, "iv": 70.83, "instrument_name": "BTC-30DEC22-24000-C", "index_price": 16771.52, "direction": "buy", "amount": 2.0}, {"trade_seq": 3695, "trade_id": "235836382", "timestamp": 1668422593490, "tick_direction": 1, "price": 0.009, "mark_price": 0.00900377, "iv": 70.0, "instrument_name": "BTC-30DEC22-24000-C", "index_price": 16768.6, "direction": "buy", "amount": 0.7}, {"trade_seq": 3694, "trade_id": "235836381", "timestamp": 1668422593289, "tick_direction": 1, "price": 0.009, "mark_price": 0.00900377, "iv": 70.0, "instrument_name": "BTC-30DEC22-24000-C", "index_price": 16768.6, "direction": "buy", "amount": 0.2}, {"trade_seq": 3693, "trade_id": "235836379", "timestamp": 1668422592360, "tick_direction": 1, "price": 0.009, "mark_price": 0.00900359, "iv": 70.0, "instrument_name": "BTC-30DEC22-24000-C", "index_price": 16766.56, "direction": "buy", "amount": 0.1}, {"trade_seq": 3692, "trade_id": "235836378", "timestamp": 1668422592239, "tick_direction": 1, "price": 0.009, "mark_price": 0.00900359, "iv": 70.01, "instrument_name": "BTC-30DEC22-24000-C", "index_price": 16766.56, "direction": "buy", "amount": 0.1}, {"trade_seq": 3691, "trade_id": "235836377", "timestamp": 1668422592221, "tick_direction": 1, "price": 0.009, "mark_price": 0.00900359, "iv": 70.01, "instrument_name": "BTC-30DEC22-24000-C", "index_price": 16766.56, "direction": "buy", "amount": 0.3}, {"trade_seq": 3690, "trade_id": "235836375", "timestamp": 1668422592200, "tick_direction": 1, "price": 0.009, "mark_price": 0.00900085, "iv": 70.01, "instrument_name": "BTC-30DEC22-24000-C", "index_price": 16766.56, "direction": "buy", "amount": 0.4}, {"trade_seq": 3689, "trade_id": "235836371", "timestamp": 1668422591920, "tick_direction": 1, "price": 0.009, "mark_price": 0.00900085, "iv": 70.01, "instrument_name": "BTC-30DEC22-24000-C", "index_price": 16766.03, "direction": "buy", "amount": 0.2}, {"trade_seq": 3688, "trade_id": "235836370", "timestamp": 1668422591911, "tick_direction": 1, "price": 0.009, "mark_price": 0.00900085, "iv": 70.01, "instrument_name": "BTC-30DEC22-24000-C", "index_price": 16766.03, "direction": "buy", "amount": 0.2}, {"trade_seq": 3687, "trade_id": "235836358", "timestamp": 1668422590501, "tick_direction": 1, "price": 0.009, "mark_price": 0.00899834, "iv": 70.01, "instrument_name": "BTC-30DEC22-24000-C", "index_price": 16765.6, "direction": "buy", "amount": 0.2}, {"trade_seq": 3686, "trade_id": "235836353", "timestamp": 1668422590320, "tick_direction": 1, "price": 0.009, "mark_price": 0.00899834, "iv": 70.01, "instrument_name": "BTC-30DEC22-24000-C", "index_price": 16765.6, "direction": "buy", "amount": 0.1}, {"trade_seq": 3685, "trade_id": "235836352", "timestamp": 1668422590308, "tick_direction": 1, "price": 0.009, "mark_price": 0.00899834, "iv": 70.01, "instrument_name": "BTC-30DEC22-24000-C", "index_price": 16765.6, "direction": "buy", "amount": 0.1}, {"trade_seq": 3684, "trade_id": "235836351", "timestamp": 1668422590298, "tick_direction": 1, "price": 0.009, "mark_price": 0.00899834, "iv": 70.01, "instrument_name": "BTC-30DEC22-24000-C", "index_price": 16765.6, "direction": "buy", "amount": 0.1}, {"trade_seq": 3683, "trade_id": "235836350", "timestamp": 1668422590287, "tick_direction": 1, "price": 0.009, "mark_price": 0.00899834, "iv": 70.01, "instrument_name": "BTC-30DEC22-24000-C", "index_price": 16765.6, "direction": "buy", "amount": 0.2}, {"trade_seq": 3682, "trade_id": "235836348", "timestamp": 1668422590256, "tick_direction": 1, "price": 0.009, "mark_price": 0.00899834, "iv": 70.01, "instrument_name": "BTC-30DEC22-24000-C", "index_price": 16765.6, "direction": "buy", "amount": 0.2}, {"trade_seq": 3681, "trade_id": "235836346", "timestamp": 1668422590228, "tick_direction": 1, "price": 0.009, "mark_price": 0.00899834, "iv": 70.01, "instrument_name": "BTC-30DEC22-24000-C", "index_price": 16765.6, "direction": "buy", "amount": 0.3}, {"trade_seq": 3680, "trade_id": "235836338", "timestamp": 1668422590022, "tick_direction": 1, "price": 0.009, "mark_price": 0.00899701, "iv": 70.01, "instrument_name": "BTC-30DEC22-24000-C", "index_price": 16765.6, "direction": "buy", "amount": 0.3}, {"trade_seq": 3679, "trade_id": "235836336", "timestamp": 1668422589975, "tick_direction": 1, "price": 0.009, "mark_price": 0.00899701, "iv": 70.02, "instrument_name": "BTC-30DEC22-24000-C", "index_price": 16765.15, "direction": "buy", "amount": 0.4}, {"trade_seq": 3678, "trade_id": "235835753", "timestamp": 1668422353798, "tick_direction": 1, "price": 0.009, "mark_price": 0.00900124, "iv": 69.9, "instrument_name": "BTC-30DEC22-24000-C", "index_price": 16780.09, "direction": "buy", "amount": 0.2}, {"trade_seq": 3677, "trade_id": "235835752", "timestamp": 1668422353686, "tick_direction": 1, "price": 0.009, "mark_price": 0.00900124, "iv": 69.9, "instrument_name": "BTC-30DEC22-24000-C", "index_price": 16780.09, "direction": "buy", "amount": 0.5}, {"trade_seq": 3676, "trade_id": "235835751", "timestamp": 1668422353141, "tick_direction": 1, "price": 0.009, "mark_price": 0.00900124, "iv": 69.9, "instrument_name": "BTC-30DEC22-24000-C", "index_price": 16779.7, "direction": "buy", "amount": 0.6}, {"trade_seq": 3675, "trade_id": "235829332", "timestamp": 1668418350834, "tick_direction": 0, "price": 0.009, "mark_price": 0.00837342, "iv": 70.51, "instrument_name": "BTC-30DEC22-24000-C", "index_price": 16703.28, "direction": "buy", "amount": 0.3}, {"trade_seq": 3674, "trade_id": "235829066", "timestamp": 1668418324967, "tick_direction": 1, "price": 0.0085, "mark_price": 0.00826446, "iv": 69.79, "instrument_name": "BTC-30DEC22-24000-C", "index_price": 16685.13, "direction": "buy", "amount": 1.7}, {"trade_seq": 3673, "trade_id": "235828043", "timestamp": 1668417728261, "tick_direction": 1, "price": 0.0085, "mark_price": 0.00819204, "iv": 69.87, "instrument_name": "BTC-30DEC22-24000-C", "index_price": 16679.6, "direction": "buy", "amount": 2.0}, {"trade_seq": 3672, "trade_id": "235827929", "timestamp": 1668417670916, "tick_direction": 1, "price": 0.0085, "mark_price": 0.00824086, "iv": 69.71, "instrument_name": "BTC-30DEC22-24000-C", "index_price": 16691.34, "direction": "buy", "amount": 1.6}, {"trade_seq": 3671, "trade_id": "235827709", "timestamp": 1668417609791, "tick_direction": 1, "price": 0.0085, "mark_price": 0.00802262, "iv": 70.06, "instrument_name": "BTC-30DEC22-24000-C", "index_price": 16651.78, "direction": "buy", "amount": 2.8}, {"trade_seq": 3670, "trade_id": "235827701", "timestamp": 1668417607375, "tick_direction": 1, "price": 0.0085, "mark_price": 0.00800867, "iv": 70.1, "instrument_name": "BTC-30DEC22-24000-C", "index_price": 16648.73, "direction": "buy", "amount": 1.4}, {"trade_seq": 3669, "trade_id": "235823154", "timestamp": 1668415319760, "tick_direction": 1, "price": 0.0085, "mark_price": 0.00801201, "iv": 69.25, "instrument_name": "BTC-30DEC22-24000-C", "index_price": 16759.16, "direction": "buy", "amount": 0.4}, {"trade_seq": 3668, "trade_id": "235823144", "timestamp": 1668415314560, "tick_direction": 1, "price": 0.0085, "mark_price": 0.00802896, "iv": 69.2, "instrument_name": "BTC-30DEC22-24000-C", "index_price": 16763.67, "direction": "buy", "amount": 5.0}, {"trade_seq": 3667, "trade_id": "235823141", "timestamp": 1668415312124, "tick_direction": 1, "price": 0.0085, "mark_price": 0.00804718, "iv": 69.16, "instrument_name": "BTC-30DEC22-24000-C", "index_price": 16767.87, "direction": "sell", "amount": 0.2}, {"trade_seq": 3666, "trade_id": "235823135", "timestamp": 1668415311600, "tick_direction": 1, "price": 0.0085, "mark_price": 0.00804718, "iv": 69.16, "instrument_name": "BTC-30DEC22-24000-C", "index_price": 16767.87, "direction": "buy", "amount": 6.2}, {"trade_seq": 3665, "trade_id": "235823134", "timestamp": 1668415311600, "tick_direction": 0, "price": 0.0085, "mark_price": 0.00804718, "iv": 69.16, "instrument_name": "BTC-30DEC22-24000-C", "index_price": 16767.87, "direction": "buy", "amount": 5.6}, {"trade_seq": 3664, "trade_id": "235822931", "timestamp": 1668415196463, "tick_direction": 3, "price": 0.008, "mark_price": 0.00785395, "iv": 68.61, "instrument_name": "BTC-30DEC22-24000-C", "index_price": 16731.89, "direction": "buy", "amount": 2.8}, {"trade_seq": 3663, "trade_id": "235822930", "timestamp": 1668415196205, "tick_direction": 3, "price": 0.008, "mark_price": 0.00785395, "iv": 68.58, "instrument_name": "BTC-30DEC22-24000-C", "index_price": 16735.5, "direction": "buy", "amount": 2.2}, {"trade_seq": 3662, "trade_id": "235822929", "timestamp": 1668415195948, "tick_direction": 3, "price": 0.008, "mark_price": 0.00785395, "iv": 68.58, "instrument_name": "BTC-30DEC22-24000-C", "index_price": 16735.5, "direction": "buy", "amount": 1.8}, {"trade_seq": 3661, "trade_id": "235822928", "timestamp": 1668415195684, "tick_direction": 3, "price": 0.008, "mark_price": 0.00785915, "iv": 68.58, "instrument_name": "BTC-30DEC22-24000-C", "index_price": 16735.5, "direction": "buy", "amount": 1.9}, {"trade_seq": 3660, "trade_id": "235769191", "timestamp": 1668402464949, "tick_direction": 2, "price": 0.008, "mark_price": 0.00797353, "iv": 75.22, "instrument_name": "BTC-30DEC22-24000-C", "index_price": 15941.49, "direction": "sell", "amount": 0.1}, {"trade_seq": 3659, "trade_id": "235752585", "timestamp": 1668391910748, "tick_direction": 2, "price": 0.0085, "mark_price": 0.00806224, "iv": 76.06, "instrument_name": "BTC-30DEC22-24000-C", "index_price": 15962.58, "direction": "sell", "amount": 0.1}, {"trade_seq": 3658, "trade_id": "235748549", "timestamp": 1668390013342, "tick_direction": 1, "price": 0.009, "mark_price": 0.0081875, "iv": 75.85, "instrument_name": "BTC-30DEC22-24000-C", "index_price": 16070.6, "direction": "buy", "amount": 0.8}, {"trade_seq": 3657, "trade_id": "235748548", "timestamp": 1668390013342, "tick_direction": 0, "price": 0.009, "mark_price": 0.0081875, "iv": 75.85, "instrument_name": "BTC-30DEC22-24000-C", "index_price": 16070.6, "direction": "buy", "amount": 0.1}, {"trade_seq": 3656, "trade_id": "235745136", "timestamp": 1668387921725, "tick_direction": 1, "price": 0.009, "mark_price": 0.00866163, "iv": 74.22, "instrument_name": "BTC-30DEC22-24000-C", "index_price": 16252.73, "direction": "buy", "amount": 0.5}, {"trade_seq": 3655, "trade_id": "235745107", "timestamp": 1668387892337, "tick_direction": 1, "price": 0.009, "mark_price": 0.00863967, "iv": 74.28, "instrument_name": "BTC-30DEC22-24000-C", "index_price": 16246.82, "direction": "buy", "amount": 1.0}, {"trade_seq": 3654, "trade_id": "235744509", "timestamp": 1668387135704, "tick_direction": 1, "price": 0.009, "mark_price": 0.00885078, "iv": 74.37, "instrument_name": "BTC-30DEC22-24000-C", "index_price": 16232.39, "direction": "buy", "amount": 1.0}, {"trade_seq": 3653, "trade_id": "235743959", "timestamp": 1668386624253, "tick_direction": 0, "price": 0.009, "mark_price": 0.00910799, "iv": 74.18, "instrument_name": "BTC-30DEC22-24000-C", "index_price": 16251.39, "direction": "buy", "amount": 0.4}, {"trade_seq": 3652, "trade_id": "235696674", "timestamp": 1668338829208, "tick_direction": 2, "price": 0.0085, "mark_price": 0.00824414, "iv": 69.9, "instrument_name": "BTC-30DEC22-24000-C", "index_price": 16593.75, "direction": "buy", "amount": 20.0}, {"trade_seq": 3651, "trade_id": "235673637", "timestamp": 1668315934633, "tick_direction": 3, "price": 0.01, "mark_price": 0.010152, "iv": 70.26, "instrument_name": "BTC-30DEC22-24000-C", "index_price": 16834.58, "direction": "buy", "amount": 10.0}, {"trade_seq": 3650, "trade_id": "235672625", "timestamp": 1668311066769, "tick_direction": 3, "price": 0.01, "mark_price": 0.01109578, "iv": 69.64, "instrument_name": "BTC-30DEC22-24000-C", "index_price": 16897.74, "direction": "buy", "amount": 3.6}, {"trade_seq": 3649, "trade_id": "235672615", "timestamp": 1668311057626, "tick_direction": 3, "price": 0.01, "mark_price": 0.01110422, "iv": 69.66, "instrument_name": "BTC-30DEC22-24000-C", "index_price": 16895.72, "direction": "buy", "amount": 3.8}, {"trade_seq": 3648, "trade_id": "235672614", "timestamp": 1668311057043, "tick_direction": 2, "price": 0.01, "mark_price": 0.01110422, "iv": 69.66, "instrument_name": "BTC-30DEC22-24000-C", "index_price": 16895.61, "direction": "sell", "amount": 3.5}, {"trade_seq": 3647, "trade_id": "235672613", "timestamp": 1668311057043, "tick_direction": 2, "price": 0.0105, "mark_price": 0.01110422, "iv": 70.48, "instrument_name": "BTC-30DEC22-24000-C", "index_price": 16895.61, "direction": "sell", "amount": 4.5}, {"trade_seq": 3646, "trade_id": "235659483", "timestamp": 1668282333273, "tick_direction": 1, "price": 0.012, "mark_price": 0.01175566, "iv": 73.0, "instrument_name": "BTC-30DEC22-24000-C", "index_price": 16857.36, "direction": "buy", "amount": 6.0}