{"trades": [{"trade_seq": 64, "trade_id": "3189684", "timestamp": 1514022087475, "tick_direction": 3, "price": 0.7282, "mark_price": 0.75295623, "iv": 0.0, "instrument_name": "BTC-29DEC17-3500-C", "index_price": 14501.32, "direction": "buy", "amount": 0.2}, {"trade_seq": 63, "trade_id": "3189673", "timestamp": 1514022087358, "tick_direction": 2, "price": 0.7282, "mark_price": 0.75295623, "iv": 0.0, "instrument_name": "BTC-29DEC17-3500-C", "index_price": 14538.62, "direction": "buy", "amount": 1.0}, {"trade_seq": 62, "trade_id": "2792979", "timestamp": 1513523453831, "tick_direction": 0, "price": 0.8307, "mark_price": 0.82900529, "iv": 455.31, "instrument_name": "BTC-29DEC17-3500-C", "index_price": 19557.83, "direction": "buy", "amount": 0.1}, {"trade_seq": 61, "trade_id": "2211810", "timestamp": 1512664735103, "tick_direction": 0, "price": 0.7817, "mark_price": 0.78165939, "iv": 195.47, "instrument_name": "BTC-29DEC17-3500-C", "index_price": 15828.56, "direction": "sell", "amount": 1.0}, {"trade_seq": 60, "trade_id": "2150272", "timestamp": 1512606105891, "tick_direction": 0, "price": 0.7574, "mark_price": 0.75159335, "iv": 319.41, "instrument_name": "BTC-29DEC17-3500-C", "index_price": 13998.21, "direction": "buy", "amount": 2.5}, {"trade_seq": 59, "trade_id": "2150156", "timestamp": 1512605928661, "tick_direction": 0, "price": 0.756, "mark_price": 0.7513696, "iv": 306.17, "instrument_name": "BTC-29DEC17-3500-C", "index_price": 13985.65, "direction": "buy", "amount": 2.5}, {"trade_seq": 58, "trade_id": "2144322", "timestamp": 1512601366906, "tick_direction": 0, "price": 0.7462, "mark_price": 0.73977715, "iv": 314.8, "instrument_name": "BTC-29DEC17-3500-C", "index_price": 13705.42, "direction": "buy", "amount": 1.0}, {"trade_seq": 57, "trade_id": "2121649", "timestamp": 1512569479458, "tick_direction": 1, "price": 0.7336, "mark_price": 0.72818342, "iv": 292.91, "instrument_name": "BTC-29DEC17-3500-C", "index_price": 12725.46, "direction": "sell", "amount": 0.5}, {"trade_seq": 56, "trade_id": "2121648", "timestamp": 1512569476294, "tick_direction": 0, "price": 0.7336, "mark_price": 0.72818342, "iv": 292.91, "instrument_name": "BTC-29DEC17-3500-C", "index_price": 12725.46, "direction": "sell", "amount": 0.5}, {"trade_seq": 55, "trade_id": "2121637", "timestamp": 1512569464740, "tick_direction": 0, "price": 0.7335, "mark_price": 0.72814457, "iv": 292.26, "instrument_name": "BTC-29DEC17-3500-C", "index_price": 12721.64, "direction": "buy", "amount": 2.5}, {"trade_seq": 54, "trade_id": "2022874", "timestamp": 1512337031771, "tick_direction": 2, "price": 0.678, "mark_price": 0.68182577, "iv": 0.0, "instrument_name": "BTC-29DEC17-3500-C", "index_price": 11330.81, "direction": "buy", "amount": 1.0}, {"trade_seq": 53, "trade_id": "1981713", "timestamp": 1512249815435, "tick_direction": 2, "price": 0.6878, "mark_price": 0.68707641, "iv": 180.0, "instrument_name": "BTC-29DEC17-3500-C", "index_price": 11002.65, "direction": "sell", "amount": 2.5}, {"trade_seq": 52, "trade_id": "1981657", "timestamp": 1512249591259, "tick_direction": 0, "price": 0.6891, "mark_price": 0.68750917, "iv": 199.9, "instrument_name": "BTC-29DEC17-3500-C", "index_price": 10999.24, "direction": "sell", "amount": 1.0}, {"trade_seq": 51, "trade_id": "1979375", "timestamp": 1512241314854, "tick_direction": 2, "price": 0.6889, "mark_price": 0.68195153, "iv": 252.01, "instrument_name": "BTC-29DEC17-3500-C", "index_price": 10889.63, "direction": "buy", "amount": 1.7}, {"trade_seq": 50, "trade_id": "1979142", "timestamp": 1512240852841, "tick_direction": 0, "price": 0.6909, "mark_price": 0.68475485, "iv": 247.75, "instrument_name": "BTC-29DEC17-3500-C", "index_price": 10965.03, "direction": "buy", "amount": 0.8}, {"trade_seq": 49, "trade_id": "1979048", "timestamp": 1512240500164, "tick_direction": 0, "price": 0.69, "mark_price": 0.68497163, "iv": 238.68, "instrument_name": "BTC-29DEC17-3500-C", "index_price": 10974.31, "direction": "buy", "amount": 2.5}, {"trade_seq": 48, "trade_id": "1778820", "timestamp": 1511968646937, "tick_direction": 1, "price": 0.6889, "mark_price": 0.69253638, "iv": 0.0, "instrument_name": "BTC-29DEC17-3500-C", "index_price": 11144.96, "direction": "buy", "amount": 0.5}, {"trade_seq": 47, "trade_id": "1778809", "timestamp": 1511968646690, "tick_direction": 0, "price": 0.6889, "mark_price": 0.69253637, "iv": 0.0, "instrument_name": "BTC-29DEC17-3500-C", "index_price": 11229.9, "direction": "buy", "amount": 2.0}, {"trade_seq": 46, "trade_id": "1763135", "timestamp": 1511936358870, "tick_direction": 2, "price": 0.6712, "mark_price": 0.67405508, "iv": 0.0, "instrument_name": "BTC-29DEC17-3500-C", "index_price": 10436.31, "direction": "sell", "amount": 0.5}, {"trade_seq": 45, "trade_id": "1763001", "timestamp": 1511936067976, "tick_direction": 2, "price": 0.6745, "mark_price": 0.67518909, "iv": 0.0, "instrument_name": "BTC-29DEC17-3500-C", "index_price": 10466.11, "direction": "buy", "amount": 1.5}, {"trade_seq": 44, "trade_id": "1760622", "timestamp": 1511934652071, "tick_direction": 0, "price": 0.6748, "mark_price": 0.67582028, "iv": 0.0, "instrument_name": "BTC-29DEC17-3500-C", "index_price": 10495.96, "direction": "sell", "amount": 1.0}, {"trade_seq": 43, "trade_id": "1695568", "timestamp": 1511724106010, "tick_direction": 0, "price": 0.6258, "mark_price": 0.62767415, "iv": 0.0, "instrument_name": "BTC-29DEC17-3500-C", "index_price": 8999.36, "direction": "buy", "amount": 2.0}, {"trade_seq": 42, "trade_id": "1674251", "timestamp": 1511650644565, "tick_direction": 2, "price": 0.5982, "mark_price": 0.6006304, "iv": 0.0, "instrument_name": "BTC-29DEC17-3500-C", "index_price": 8716.9, "direction": "sell", "amount": 1.5}, {"trade_seq": 41, "trade_id": "1674240", "timestamp": 1511650603182, "tick_direction": 0, "price": 0.599, "mark_price": 0.60118636, "iv": 0.0, "instrument_name": "BTC-29DEC17-3500-C", "index_price": 8716.9, "direction": "buy", "amount": 1.5}, {"trade_seq": 40, "trade_id": "1616690", "timestamp": 1511375506209, "tick_direction": 0, "price": 0.5691, "mark_price": 0.56904839, "iv": 97.03, "instrument_name": "BTC-29DEC17-3500-C", "index_price": 8132.69, "direction": "buy", "amount": 0.9}, {"trade_seq": 39, "trade_id": "1616573", "timestamp": 1511374607413, "tick_direction": 0, "price": 0.5684, "mark_price": 0.56820445, "iv": 102.39, "instrument_name": "BTC-29DEC17-3500-C", "index_price": 8124.06, "direction": "buy", "amount": 0.1}, {"trade_seq": 38, "trade_id": "1348268", "timestamp": 1510462079865, "tick_direction": 2, "price": 0.4325, "mark_price": null, "iv": 96.18, "instrument_name": "BTC-29DEC17-3500-C", "index_price": 6104.08, "direction": "sell", "amount": 0.1}, {"trade_seq": 37, "trade_id": "1170957", "timestamp": 1509613261110, "tick_direction": 0, "price": 0.5028, "mark_price": null, "iv": 100.2, "instrument_name": "BTC-29DEC17-3500-C", "index_price": 6975.54, "direction": "sell", "amount": 0.1}, {"trade_seq": 36, "trade_id": "1032817", "timestamp": 1508695595842, "tick_direction": 0, "price": 0.4411, "mark_price": null, "iv": 115.04, "instrument_name": "BTC-29DEC17-3500-C", "index_price": 5979.99, "direction": "buy", "amount": 0.1}, {"trade_seq": 35, "trade_id": "995955", "timestamp": 1508510434479, "tick_direction": 0, "price": 0.42, "mark_price": null, "iv": 97.63, "instrument_name": "BTC-29DEC17-3500-C", "index_price": 5852.34, "direction": "buy", "amount": 0.2}, {"trade_seq": 34, "trade_id": "957911", "timestamp": 1508240644699, "tick_direction": 0, "price": 0.415, "mark_price": null, "iv": 109.02, "instrument_name": "BTC-29DEC17-3500-C", "index_price": 5675.1, "direction": "buy", "amount": 3.0}, {"trade_seq": 33, "trade_id": "908825", "timestamp": 1507875117267, "tick_direction": 0, "price": 0.3806, "mark_price": null, "iv": 85.64, "instrument_name": "BTC-29DEC17-3500-C", "index_price": 5475.7, "direction": "sell", "amount": 1.0}, {"trade_seq": 32, "trade_id": "887946", "timestamp": 1507807786296, "tick_direction": 0, "price": 0.362, "mark_price": null, "iv": 94.81, "instrument_name": "BTC-29DEC17-3500-C", "index_price": 5197.84, "direction": "buy", "amount": 10.0}, {"trade_seq": 31, "trade_id": "863101", "timestamp": 1507595989385, "tick_direction": 0, "price": 0.3128, "mark_price": null, "iv": 85.17, "instrument_name": "BTC-29DEC17-3500-C", "index_price": 4807.01, "direction": "sell", "amount": 2.0}, {"trade_seq": 30, "trade_id": "851958", "timestamp": 1507471296337, "tick_direction": 0, "price": 0.2888, "mark_price": null, "iv": 91.31, "instrument_name": "BTC-29DEC17-3500-C", "index_price": 4510.53, "direction": "buy", "amount": 0.5}, {"trade_seq": 29, "trade_id": "826072", "timestamp": 1506970255602, "tick_direction": 0, "price": 0.275, "mark_price": null, "iv": 88.46, "instrument_name": "BTC-29DEC17-3500-C", "index_price": 4384.18, "direction": "buy", "amount": 0.5}, {"trade_seq": 28, "trade_id": "826063", "timestamp": 1506970138760, "tick_direction": 2, "price": 0.272, "mark_price": null, "iv": 86.17, "instrument_name": "BTC-29DEC17-3500-C", "index_price": 4387.65, "direction": "buy", "amount": 0.4}, {"trade_seq": 27, "trade_id": "825628", "timestamp": 1506961186293, "tick_direction": 2, "price": 0.2744, "mark_price": null, "iv": 88.46, "instrument_name": "BTC-29DEC17-3500-C", "index_price": 4378.14, "direction": "buy", "amount": 1.0}, {"trade_seq": 26, "trade_id": "825320", "timestamp": 1506955838185, "tick_direction": 0, "price": 0.282, "mark_price": null, "iv": 90.21, "instrument_name": "BTC-29DEC17-3500-C", "index_price": 4422.44, "direction": "buy", "amount": 1.0}, {"trade_seq": 25, "trade_id": "817816", "timestamp": 1506821236868, "tick_direction": 0, "price": 0.277, "mark_price": null, "iv": 94.85, "instrument_name": "BTC-29DEC17-3500-C", "index_price": 4301.92, "direction": "buy", "amount": 0.1}, {"trade_seq": 24, "trade_id": "817814", "timestamp": 1506821168744, "tick_direction": 2, "price": 0.2642, "mark_price": null, "iv": 86.57, "instrument_name": "BTC-29DEC17-3500-C", "index_price": 4302.96, "direction": "sell", "amount": 0.1}, {"trade_seq": 23, "trade_id": "816796", "timestamp": 1506796017046, "tick_direction": 0, "price": 0.2734, "mark_price": null, "iv": 90.0, "instrument_name": "BTC-29DEC17-3500-C", "index_price": 4335.46, "direction": "buy", "amount": 1.0}, {"trade_seq": 22, "trade_id": "795046", "timestamp": 1506100786297, "tick_direction": 0, "price": 0.2155, "mark_price": null, "iv": 104.0, "instrument_name": "BTC-29DEC17-3500-C", "index_price": 3531.1, "direction": "sell", "amount": 0.1}, {"trade_seq": 21, "trade_id": "789237", "timestamp": 1506021850186, "tick_direction": 2, "price": 0.21, "mark_price": null, "iv": 95.54, "instrument_name": "BTC-29DEC17-3500-C", "index_price": 3621.91, "direction": "sell", "amount": 4.0}, {"trade_seq": 20, "trade_id": "787049", "timestamp": 1506007129424, "tick_direction": 2, "price": 0.23, "mark_price": null, "iv": 98.62, "instrument_name": "BTC-29DEC17-3500-C", "index_price": 3743.85, "direction": "buy", "amount": 2.0}, {"trade_seq": 19, "trade_id": "782867", "timestamp": 1505943462987, "tick_direction": 0, "price": 0.27, "mark_price": null, "iv": 106.86, "instrument_name": "BTC-29DEC17-3500-C", "index_price": 3960.94, "direction": "sell", "amount": 0.1}, {"trade_seq": 18, "trade_id": "779836", "timestamp": 1505892208675, "tick_direction": 0, "price": 0.268, "mark_price": null, "iv": 106.3, "instrument_name": "BTC-29DEC17-3500-C", "index_price": 3946.47, "direction": "sell", "amount": 0.1}, {"trade_seq": 17, "trade_id": "779386", "timestamp": 1505887513628, "tick_direction": 2, "price": 0.25, "mark_price": null, "iv": 99.62, "instrument_name": "BTC-29DEC17-3500-C", "index_price": 3894.72, "direction": "sell", "amount": 0.1}, {"trade_seq": 16, "trade_id": "761981", "timestamp": 1505705431452, "tick_direction": 0, "price": 0.262, "mark_price": null, "iv": 111.13, "instrument_name": "BTC-29DEC17-3500-C", "index_price": 3784.0, "direction": "sell", "amount": 0.2}, {"trade_seq": 15, "trade_id": "760538", "timestamp": 1505682879123, "tick_direction": 2, "price": 0.25, "mark_price": null, "iv": 107.21, "instrument_name": "BTC-29DEC17-3500-C", "index_price": 3740.65, "direction": "sell", "amount": 0.1}, {"trade_seq": 14, "trade_id": "759153", "timestamp": 1505662558724, "tick_direction": 0, "price": 0.2774, "mark_price": null, "iv": 123.2, "instrument_name": "BTC-29DEC17-3500-C", "index_price": 3702.89, "direction": "sell", "amount": 0.5}, {"trade_seq": 13, "trade_id": "750290", "timestamp": 1505584320362, "tick_direction": 3, "price": 0.2, "mark_price": null, "iv": 86.96, "instrument_name": "BTC-29DEC17-3500-C", "index_price": 3644.06, "direction": "sell", "amount": 1.5}, {"trade_seq": 12, "trade_id": "748600", "timestamp": 1505576601452, "tick_direction": 2, "price": 0.2, "mark_price": null, "iv": 88.6, "instrument_name": "BTC-29DEC17-3500-C", "index_price": 3615.01, "direction": "sell", "amount": 2.5}, {"trade_seq": 11, "trade_id": "732150", "timestamp": 1505540541753, "tick_direction": 0, "price": 0.2909, "mark_price": null, "iv": 119.57, "instrument_name": "BTC-29DEC17-3500-C", "index_price": 3887.21, "direction": "sell", "amount": 1.0}, {"trade_seq": 10, "trade_id": "680062", "timestamp": 1505427918929, "tick_direction": 2, "price": 0.192, "mark_price": null, "iv": 100.1, "instrument_name": "BTC-29DEC17-3500-C", "index_price": 3322.71, "direction": "sell", "amount": 17.0}, {"trade_seq": 9, "trade_id": "678459", "timestamp": 1505421449066, "tick_direction": 2, "price": 0.2, "mark_price": null, "iv": 100.87, "instrument_name": "BTC-29DEC17-3500-C", "index_price": 3378.4, "direction": "sell", "amount": 0.5}, {"trade_seq": 8, "trade_id": "658844", "timestamp": 1505386742818, "tick_direction": 1, "price": 0.22, "mark_price": null, "iv": 90.65, "instrument_name": "BTC-29DEC17-3500-C", "index_price": 3736.12, "direction": "buy", "amount": 0.8}, {"trade_seq": 7, "trade_id": "658817", "timestamp": 1505386527961, "tick_direction": 1, "price": 0.22, "mark_price": null, "iv": 90.04, "instrument_name": "BTC-29DEC17-3500-C", "index_price": 3746.81, "direction": "buy", "amount": 0.1}, {"trade_seq": 6, "trade_id": "658127", "timestamp": 1505385392259, "tick_direction": 0, "price": 0.22, "mark_price": null, "iv": 90.57, "instrument_name": "BTC-29DEC17-3500-C", "index_price": 3737.52, "direction": "buy", "amount": 0.1}, {"trade_seq": 5, "trade_id": "657574", "timestamp": 1505384882885, "tick_direction": 2, "price": 0.2, "mark_price": null, "iv": 79.25, "instrument_name": "BTC-29DEC17-3500-C", "index_price": 3759.95, "direction": "sell", "amount": 5.0}, {"trade_seq": 4, "trade_id": "654098", "timestamp": 1505373437254, "tick_direction": 2, "price": 0.245, "mark_price": null, "iv": 95.83, "instrument_name": "BTC-29DEC17-3500-C", "index_price": 3866.12, "direction": "buy", "amount": 0.1}, {"trade_seq": 3, "trade_id": "347667", "timestamp": 1502175326816, "tick_direction": 0, "price": 0.2519, "mark_price": null, "iv": 104.76, "instrument_name": "BTC-29DEC17-3500-C", "index_price": 3451.79, "direction": "buy", "amount": 1.0}, {"trade_seq": 2, "trade_id": "346378", "timestamp": 1502148016715, "tick_direction": 0, "price": 0.237, "mark_price": null, "iv": 100.94, "instrument_name": "BTC-29DEC17-3500-C", "index_price": 3396.07, "direction": "buy", "amount": 1.0}, {"trade_seq": 1, "trade_id": "345780", "timestamp": 1502140392623, "tick_direction": 1, "price": 0.2225, "mark_price": null, "iv": 97.22, "instrument_name": "BTC-29DEC17-3500-C", "index_price": 3345.23, "direction": "buy", "amount": 1.0}], "has_more": false}