{"trades": [{"trade_seq": 2232, "trade_id": "237665546", "timestamp": 1670949664019, "tick_direction": 3, "price": 0.0005, "mark_price": 0.00011954, "iv": 121.07, "instrument_name": "BTC-30DEC22-35000-C", "index_price": 17810.75, "direction": "buy", "amount": 1.9}, {"trade_seq": 2231, "trade_id": "237665545", "timestamp": 1670949664019, "tick_direction": 3, "price": 0.0005, "mark_price": 0.00011954, "iv": 121.07, "instrument_name": "BTC-30DEC22-35000-C", "index_price": 17810.75, "direction": "buy", "amount": 1.0}, {"trade_seq": 2230, "trade_id": "237548912", "timestamp": 1670767775776, "tick_direction": 3, "price": 0.0005, "mark_price": 0.00013371, "iv": 119.69, "instrument_name": "BTC-30DEC22-35000-C", "index_price": 17149.05, "direction": "buy", "amount": 0.3}, {"trade_seq": 2229, "trade_id": "237418459", "timestamp": 1670433890183, "tick_direction": 3, "price": 0.0005, "mark_price": 0.00010417, "iv": 111.49, "instrument_name": "BTC-30DEC22-35000-C", "index_price": 16813.68, "direction": "buy", "amount": 0.7}, {"trade_seq": 2228, "trade_id": "237020105", "timestamp": 1669841488936, "tick_direction": 0, "price": 0.0006, "mark_price": 0.00070097, "iv": 98.04, "instrument_name": "BTC-30DEC22-35000-C", "index_price": 17034.49, "direction": "buy", "combo_id": "BTC-CS-30DEC22-30000_35000", "block_trade_id": "57844", "amount": 15.0}, {"trade_seq": 2227, "trade_id": "237014062", "timestamp": 1669837630563, "tick_direction": 3, "price": 0.0005, "mark_price": 0.00071404, "iv": 95.93, "instrument_name": "BTC-30DEC22-35000-C", "index_price": 17048.73, "direction": "sell", "amount": 232.0}, {"trade_seq": 2226, "trade_id": "236981842", "timestamp": 1669817830200, "tick_direction": 3, "price": 0.0005, "mark_price": 0.00065775, "iv": 97.1, "instrument_name": "BTC-30DEC22-35000-C", "index_price": 16830.52, "direction": "sell", "amount": 1.0}, {"trade_seq": 2225, "trade_id": "236981556", "timestamp": 1669817077595, "tick_direction": 3, "price": 0.0005, "mark_price": 0.00048115, "iv": 97.18, "instrument_name": "BTC-30DEC22-35000-C", "index_price": 16815.58, "direction": "buy", "amount": 5.0}, {"trade_seq": 2224, "trade_id": "236981555", "timestamp": 1669817077595, "tick_direction": 3, "price": 0.0005, "mark_price": 0.00048115, "iv": 97.18, "instrument_name": "BTC-30DEC22-35000-C", "index_price": 16815.58, "direction": "buy", "amount": 11.0}, {"trade_seq": 2223, "trade_id": "236981554", "timestamp": 1669817077595, "tick_direction": 3, "price": 0.0005, "mark_price": 0.00048115, "iv": 97.18, "instrument_name": "BTC-30DEC22-35000-C", "index_price": 16815.58, "direction": "buy", "amount": 1.0}, {"trade_seq": 2222, "trade_id": "236976172", "timestamp": 1669809122044, "tick_direction": 3, "price": 0.0005, "mark_price": 0.00071887, "iv": 96.61, "instrument_name": "BTC-30DEC22-35000-C", "index_price": 16880.12, "direction": "sell", "amount": 180.0}, {"trade_seq": 2221, "trade_id": "236971121", "timestamp": 1669796304772, "tick_direction": 3, "price": 0.0005, "mark_price": 0.00071776, "iv": 96.11, "instrument_name": "BTC-30DEC22-35000-C", "index_price": 16900.84, "direction": "sell", "amount": 1.0}, {"trade_seq": 2220, "trade_id": "236968910", "timestamp": 1669794778634, "tick_direction": 3, "price": 0.0005, "mark_price": 0.00066818, "iv": 96.18, "instrument_name": "BTC-30DEC22-35000-C", "index_price": 16887.98, "direction": "sell", "amount": 19.0}, {"trade_seq": 2219, "trade_id": "236968658", "timestamp": 1669794417544, "tick_direction": 3, "price": 0.0005, "mark_price": 0.00061504, "iv": 96.2, "instrument_name": "BTC-30DEC22-35000-C", "index_price": 16888.41, "direction": "sell", "amount": 29.3}, {"trade_seq": 2218, "trade_id": "236968617", "timestamp": 1669794334880, "tick_direction": 3, "price": 0.0005, "mark_price": 0.00059857, "iv": 96.18, "instrument_name": "BTC-30DEC22-35000-C", "index_price": 16888.01, "direction": "sell", "amount": 0.9}, {"trade_seq": 2217, "trade_id": "236968095", "timestamp": 1669793445670, "tick_direction": 3, "price": 0.0005, "mark_price": 0.00035949, "iv": 96.16, "instrument_name": "BTC-30DEC22-35000-C", "index_price": 16876.68, "direction": "sell", "amount": 6.5}, {"trade_seq": 2216, "trade_id": "236968094", "timestamp": 1669793441720, "tick_direction": 3, "price": 0.0005, "mark_price": 0.00035845, "iv": 96.16, "instrument_name": "BTC-30DEC22-35000-C", "index_price": 16875.77, "direction": "sell", "amount": 5.7}, {"trade_seq": 2215, "trade_id": "236968091", "timestamp": 1669793437403, "tick_direction": 3, "price": 0.0005, "mark_price": 0.00035722, "iv": 96.16, "instrument_name": "BTC-30DEC22-35000-C", "index_price": 16875.32, "direction": "sell", "amount": 7.6}, {"trade_seq": 2214, "trade_id": "236668392", "timestamp": 1669273624479, "tick_direction": 3, "price": 0.0005, "mark_price": 0.0006981, "iv": 89.72, "instrument_name": "BTC-30DEC22-35000-C", "index_price": 16685.27, "direction": "buy", "amount": 0.1}, {"trade_seq": 2213, "trade_id": "236662932", "timestamp": 1669258853057, "tick_direction": 3, "price": 0.0005, "mark_price": 0.00071445, "iv": 89.52, "instrument_name": "BTC-30DEC22-35000-C", "index_price": 16678.87, "direction": "sell", "amount": 1.0}, {"trade_seq": 2212, "trade_id": "236662931", "timestamp": 1669258853057, "tick_direction": 3, "price": 0.0005, "mark_price": 0.00071445, "iv": 89.52, "instrument_name": "BTC-30DEC22-35000-C", "index_price": 16678.87, "direction": "sell", "amount": 2.0}, {"trade_seq": 2211, "trade_id": "236662928", "timestamp": 1669258841445, "tick_direction": 3, "price": 0.0005, "mark_price": 0.00071458, "iv": 89.52, "instrument_name": "BTC-30DEC22-35000-C", "index_price": 16682.0, "direction": "sell", "amount": 3.0}, {"trade_seq": 2210, "trade_id": "236662927", "timestamp": 1669258841445, "tick_direction": 2, "price": 0.0005, "mark_price": 0.00071458, "iv": 89.52, "instrument_name": "BTC-30DEC22-35000-C", "index_price": 16682.0, "direction": "sell", "amount": 5.0}, {"trade_seq": 2209, "trade_id": "236450808", "timestamp": 1669030606243, "tick_direction": 0, "price": 0.001, "mark_price": 0.00072126, "iv": 97.56, "instrument_name": "BTC-30DEC22-35000-C", "index_price": 16068.24, "direction": "buy", "amount": 5.0}, {"trade_seq": 2208, "trade_id": "236357912", "timestamp": 1668890001056, "tick_direction": 3, "price": 0.0005, "mark_price": 0.00075004, "iv": 85.28, "instrument_name": "BTC-30DEC22-35000-C", "index_price": 16619.22, "direction": "sell", "amount": 1.0}, {"trade_seq": 2207, "trade_id": "236357911", "timestamp": 1668889984340, "tick_direction": 3, "price": 0.0005, "mark_price": 0.00075701, "iv": 85.28, "instrument_name": "BTC-30DEC22-35000-C", "index_price": 16619.64, "direction": "sell", "amount": 4.0}, {"trade_seq": 2206, "trade_id": "236357910", "timestamp": 1668889984340, "tick_direction": 3, "price": 0.0005, "mark_price": 0.00075701, "iv": 85.28, "instrument_name": "BTC-30DEC22-35000-C", "index_price": 16619.64, "direction": "sell", "amount": 1.0}, {"trade_seq": 2205, "trade_id": "236353018", "timestamp": 1668860781741, "tick_direction": 2, "price": 0.0005, "mark_price": 0.00071895, "iv": 84.81, "instrument_name": "BTC-30DEC22-35000-C", "index_price": 16644.55, "direction": "sell", "amount": 1.0}, {"trade_seq": 2204, "trade_id": "236306989", "timestamp": 1668766158595, "tick_direction": 3, "price": 0.001, "mark_price": 0.00125286, "iv": 89.53, "instrument_name": "BTC-30DEC22-35000-C", "index_price": 16770.18, "direction": "sell", "amount": 9.1}, {"trade_seq": 2203, "trade_id": "236306988", "timestamp": 1668766158595, "tick_direction": 3, "price": 0.001, "mark_price": 0.00125286, "iv": 89.53, "instrument_name": "BTC-30DEC22-35000-C", "index_price": 16770.18, "direction": "sell", "amount": 0.5}, {"trade_seq": 2202, "trade_id": "236266600", "timestamp": 1668725913724, "tick_direction": 3, "price": 0.001, "mark_price": 0.00122464, "iv": 89.5, "instrument_name": "BTC-30DEC22-35000-C", "index_price": 16709.06, "direction": "sell", "amount": 5.5}, {"trade_seq": 2201, "trade_id": "236248988", "timestamp": 1668703961752, "tick_direction": 2, "price": 0.0015, "mark_price": 0.00144779, "iv": 94.24, "instrument_name": "BTC-30DEC22-35000-C", "index_price": 16633.02, "direction": "sell", "amount": 0.2}, {"trade_seq": 2200, "trade_id": "236204974", "timestamp": 1668656168040, "tick_direction": 1, "price": 0.002, "mark_price": 0.00155024, "iv": 97.6, "instrument_name": "BTC-30DEC22-35000-C", "index_price": 16569.83, "direction": "buy", "amount": 1.0}, {"trade_seq": 2199, "trade_id": "236204973", "timestamp": 1668656152713, "tick_direction": 1, "price": 0.002, "mark_price": 0.00155111, "iv": 97.6, "instrument_name": "BTC-30DEC22-35000-C", "index_price": 16569.73, "direction": "buy", "amount": 0.9}, {"trade_seq": 2198, "trade_id": "236204972", "timestamp": 1668656152713, "tick_direction": 0, "price": 0.002, "mark_price": 0.00155111, "iv": 97.6, "instrument_name": "BTC-30DEC22-35000-C", "index_price": 16569.73, "direction": "buy", "amount": 0.1}, {"trade_seq": 2197, "trade_id": "236112448", "timestamp": 1668587291592, "tick_direction": 3, "price": 0.0015, "mark_price": 0.00135619, "iv": 91.88, "instrument_name": "BTC-30DEC22-35000-C", "index_price": 16776.42, "direction": "buy", "amount": 6.0}, {"trade_seq": 2196, "trade_id": "236024205", "timestamp": 1668511907548, "tick_direction": 3, "price": 0.0015, "mark_price": 0.00144459, "iv": 91.14, "instrument_name": "BTC-30DEC22-35000-C", "index_price": 16771.15, "direction": "sell", "amount": 1.4}, {"trade_seq": 2195, "trade_id": "236018951", "timestamp": 1668508512142, "tick_direction": 3, "price": 0.0015, "mark_price": 0.00119197, "iv": 91.36, "instrument_name": "BTC-30DEC22-35000-C", "index_price": 16751.55, "direction": "buy", "amount": 3.5}, {"trade_seq": 2194, "trade_id": "236018752", "timestamp": 1668508362538, "tick_direction": 3, "price": 0.0015, "mark_price": 0.00119461, "iv": 91.23, "instrument_name": "BTC-30DEC22-35000-C", "index_price": 16772.87, "direction": "buy", "amount": 5.0}, {"trade_seq": 2193, "trade_id": "235703130", "timestamp": 1668346960597, "tick_direction": 2, "price": 0.0015, "mark_price": 0.00154513, "iv": 89.9, "instrument_name": "BTC-30DEC22-35000-C", "index_price": 16632.22, "direction": "buy", "amount": 0.1}, {"trade_seq": 2192, "trade_id": "235539469", "timestamp": 1668192112655, "tick_direction": 1, "price": 0.002, "mark_price": 0.0018714, "iv": 90.66, "instrument_name": "BTC-30DEC22-35000-C", "index_price": 16842.51, "direction": "buy", "amount": 5.0}, {"trade_seq": 2191, "trade_id": "235539460", "timestamp": 1668192109335, "tick_direction": 0, "price": 0.002, "mark_price": 0.00187256, "iv": 90.65, "instrument_name": "BTC-30DEC22-35000-C", "index_price": 16843.74, "direction": "buy", "amount": 20.0}, {"trade_seq": 2190, "trade_id": "235515774", "timestamp": 1668184437973, "tick_direction": 1, "price": 0.0015, "mark_price": 0.00175364, "iv": 88.1, "instrument_name": "BTC-30DEC22-35000-C", "index_price": 16668.94, "direction": "sell", "amount": 5.0}, {"trade_seq": 2189, "trade_id": "235515759", "timestamp": 1668184435459, "tick_direction": 1, "price": 0.0015, "mark_price": 0.00175522, "iv": 88.09, "instrument_name": "BTC-30DEC22-35000-C", "index_price": 16670.65, "direction": "sell", "amount": 50.0}, {"trade_seq": 2188, "trade_id": "235515711", "timestamp": 1668184427150, "tick_direction": 1, "price": 0.0015, "mark_price": 0.00175297, "iv": 88.11, "instrument_name": "BTC-30DEC22-35000-C", "index_price": 16667.61, "direction": "sell", "amount": 20.0}, {"trade_seq": 2187, "trade_id": "235481514", "timestamp": 1668178042712, "tick_direction": 0, "price": 0.0015, "mark_price": 0.00188199, "iv": 85.87, "instrument_name": "BTC-30DEC22-35000-C", "index_price": 17062.65, "direction": "buy", "amount": 0.1}, {"trade_seq": 2186, "trade_id": "235263651", "timestamp": 1668118535137, "tick_direction": 3, "price": 0.001, "mark_price": 0.00142665, "iv": 77.29, "instrument_name": "BTC-30DEC22-35000-C", "index_price": 17685.17, "direction": "buy", "amount": 4.9}, {"trade_seq": 2185, "trade_id": "235263650", "timestamp": 1668118534060, "tick_direction": 3, "price": 0.001, "mark_price": 0.00142751, "iv": 77.29, "instrument_name": "BTC-30DEC22-35000-C", "index_price": 17685.11, "direction": "sell", "amount": 3.5}, {"trade_seq": 2184, "trade_id": "235263649", "timestamp": 1668118534060, "tick_direction": 3, "price": 0.001, "mark_price": 0.00142751, "iv": 77.29, "instrument_name": "BTC-30DEC22-35000-C", "index_price": 17685.11, "direction": "sell", "amount": 7.6}, {"trade_seq": 2183, "trade_id": "235263648", "timestamp": 1668118534060, "tick_direction": 3, "price": 0.001, "mark_price": 0.00142751, "iv": 77.29, "instrument_name": "BTC-30DEC22-35000-C", "index_price": 17685.11, "direction": "sell", "amount": 21.0}, {"trade_seq": 2182, "trade_id": "235263647", "timestamp": 1668118534060, "tick_direction": 2, "price": 0.001, "mark_price": 0.00142751, "iv": 77.29, "instrument_name": "BTC-30DEC22-35000-C", "index_price": 17685.11, "direction": "sell", "amount": 3.0}, {"trade_seq": 2181, "trade_id": "235131686", "timestamp": 1668091256513, "tick_direction": 1, "price": 0.0025, "mark_price": 0.0019858, "iv": 88.96, "instrument_name": "BTC-30DEC22-35000-C", "index_price": 17376.62, "direction": "sell", "amount": 2.0}, {"trade_seq": 2180, "trade_id": "235109145", "timestamp": 1668088461756, "tick_direction": 0, "price": 0.0025, "mark_price": 0.00197627, "iv": 87.77, "instrument_name": "BTC-30DEC22-35000-C", "index_price": 17508.4, "direction": "buy", "amount": 3.3}, {"trade_seq": 2179, "trade_id": "234733996", "timestamp": 1668030154044, "tick_direction": 0, "price": 0.002, "mark_price": 0.00118993, "iv": 94.46, "instrument_name": "BTC-30DEC22-35000-C", "index_price": 15822.03, "direction": "buy", "amount": 0.3}, {"trade_seq": 2178, "trade_id": "234556613", "timestamp": 1668011163029, "tick_direction": 0, "price": 0.0015, "mark_price": 0.00143259, "iv": 82.97, "instrument_name": "BTC-30DEC22-35000-C", "index_price": 17087.51, "direction": "sell", "amount": 0.2}, {"trade_seq": 2177, "trade_id": "234385401", "timestamp": 1667987416475, "tick_direction": 2, "price": 0.001, "mark_price": 0.001393, "iv": 75.38, "instrument_name": "BTC-30DEC22-35000-C", "index_price": 17724.02, "direction": "sell", "amount": 0.1}, {"trade_seq": 2176, "trade_id": "234364914", "timestamp": 1667983467948, "tick_direction": 2, "price": 0.0015, "mark_price": 0.00116816, "iv": 76.73, "instrument_name": "BTC-30DEC22-35000-C", "index_price": 18171.18, "direction": "buy", "amount": 0.5}, {"trade_seq": 2175, "trade_id": "234074095", "timestamp": 1667925751481, "tick_direction": 0, "price": 0.0025, "mark_price": 0.00213866, "iv": 68.38, "instrument_name": "BTC-30DEC22-35000-C", "index_price": 20626.06, "direction": "buy", "amount": 0.1}, {"trade_seq": 2174, "trade_id": "233926625", "timestamp": 1667880689686, "tick_direction": 3, "price": 0.002, "mark_price": 0.00179503, "iv": 69.43, "instrument_name": "BTC-30DEC22-35000-C", "index_price": 19917.4, "direction": "sell", "amount": 0.1}, {"trade_seq": 2173, "trade_id": "233914796", "timestamp": 1667878059411, "tick_direction": 3, "price": 0.002, "mark_price": 0.00196144, "iv": 67.04, "instrument_name": "BTC-30DEC22-35000-C", "index_price": 20384.27, "direction": "sell", "block_trade_id": "55096", "amount": 12.5}, {"trade_seq": 2172, "trade_id": "233911822", "timestamp": 1667877199354, "tick_direction": 2, "price": 0.002, "mark_price": 0.00220331, "iv": 66.32, "instrument_name": "BTC-30DEC22-35000-C", "index_price": 20529.11, "direction": "sell", "amount": 6.9}, {"trade_seq": 2171, "trade_id": "233708392", "timestamp": 1667628674828, "tick_direction": 1, "price": 0.0025, "mark_price": 0.00269644, "iv": 62.39, "instrument_name": "BTC-30DEC22-35000-C", "index_price": 21413.62, "direction": "sell", "amount": 0.7}, {"trade_seq": 2170, "trade_id": "233693385", "timestamp": 1667610683727, "tick_direction": 1, "price": 0.0025, "mark_price": 0.00283608, "iv": 62.52, "instrument_name": "BTC-30DEC22-35000-C", "index_price": 21372.69, "direction": "sell", "amount": 0.1}, {"trade_seq": 2169, "trade_id": "233658631", "timestamp": 1667587295508, "tick_direction": 0, "price": 0.0025, "mark_price": 0.00248526, "iv": 64.42, "instrument_name": "BTC-30DEC22-35000-C", "index_price": 20939.41, "direction": "buy", "amount": 0.2}, {"trade_seq": 2168, "trade_id": "233565569", "timestamp": 1667565235968, "tick_direction": 0, "price": 0.002, "mark_price": 0.00200062, "iv": 64.02, "instrument_name": "BTC-30DEC22-35000-C", "index_price": 20556.5, "direction": "buy", "amount": 0.1}, {"trade_seq": 2167, "trade_id": "233472771", "timestamp": 1667470185947, "tick_direction": 2, "price": 0.0016, "mark_price": 0.0017425, "iv": 62.53, "instrument_name": "BTC-30DEC22-35000-C", "index_price": 20319.03, "direction": "sell", "combo_id": "BTC-CS-30DEC22-25000_35000", "block_trade_id": "54594", "amount": 100.0}, {"trade_seq": 2166, "trade_id": "233423869", "timestamp": 1667416236854, "tick_direction": 2, "price": 0.0024, "mark_price": 0.00257284, "iv": 64.71, "instrument_name": "BTC-30DEC22-35000-C", "index_price": 20573.31, "direction": "sell", "combo_id": "BTC-CS-30DEC22-30000_35000", "block_trade_id": "54538", "amount": 40.0}, {"trade_seq": 2165, "trade_id": "233375311", "timestamp": 1667383611838, "tick_direction": 3, "price": 0.003, "mark_price": 0.00280009, "iv": 67.85, "instrument_name": "BTC-30DEC22-35000-C", "index_price": 20352.74, "direction": "buy", "amount": 0.2}, {"trade_seq": 2164, "trade_id": "233358391", "timestamp": 1667348533977, "tick_direction": 3, "price": 0.003, "mark_price": 0.00298086, "iv": 66.99, "instrument_name": "BTC-30DEC22-35000-C", "index_price": 20479.55, "direction": "buy", "amount": 0.1}, {"trade_seq": 2163, "trade_id": "233358390", "timestamp": 1667348533977, "tick_direction": 3, "price": 0.003, "mark_price": 0.00298086, "iv": 66.99, "instrument_name": "BTC-30DEC22-35000-C", "index_price": 20479.55, "direction": "buy", "amount": 0.1}, {"trade_seq": 2162, "trade_id": "233315860", "timestamp": 1667279221119, "tick_direction": 3, "price": 0.003, "mark_price": 0.00300556, "iv": 66.3, "instrument_name": "BTC-30DEC22-35000-C", "index_price": 20529.77, "direction": "buy", "amount": 0.1}, {"trade_seq": 2161, "trade_id": "233293924", "timestamp": 1667233333670, "tick_direction": 3, "price": 0.003, "mark_price": 0.00333761, "iv": 66.14, "instrument_name": "BTC-30DEC22-35000-C", "index_price": 20511.09, "direction": "sell", "amount": 0.1}, {"trade_seq": 2160, "trade_id": "233293923", "timestamp": 1667233333657, "tick_direction": 3, "price": 0.003, "mark_price": 0.00333761, "iv": 66.14, "instrument_name": "BTC-30DEC22-35000-C", "index_price": 20511.09, "direction": "sell", "amount": 0.1}, {"trade_seq": 2159, "trade_id": "233293922", "timestamp": 1667233333639, "tick_direction": 3, "price": 0.003, "mark_price": 0.00333761, "iv": 66.14, "instrument_name": "BTC-30DEC22-35000-C", "index_price": 20511.09, "direction": "sell", "amount": 0.2}, {"trade_seq": 2158, "trade_id": "233293921", "timestamp": 1667233332949, "tick_direction": 3, "price": 0.003, "mark_price": 0.00333813, "iv": 66.14, "instrument_name": "BTC-30DEC22-35000-C", "index_price": 20510.82, "direction": "sell", "amount": 0.1}, {"trade_seq": 2157, "trade_id": "233293920", "timestamp": 1667233332938, "tick_direction": 3, "price": 0.003, "mark_price": 0.00333813, "iv": 66.14, "instrument_name": "BTC-30DEC22-35000-C", "index_price": 20510.82, "direction": "sell", "amount": 0.1}, {"trade_seq": 2156, "trade_id": "233293919", "timestamp": 1667233332927, "tick_direction": 3, "price": 0.003, "mark_price": 0.00333813, "iv": 66.14, "instrument_name": "BTC-30DEC22-35000-C", "index_price": 20510.82, "direction": "sell", "amount": 0.1}, {"trade_seq": 2155, "trade_id": "233293918", "timestamp": 1667233332896, "tick_direction": 3, "price": 0.003, "mark_price": 0.00333813, "iv": 66.14, "instrument_name": "BTC-30DEC22-35000-C", "index_price": 20510.82, "direction": "sell", "amount": 0.2}, {"trade_seq": 2154, "trade_id": "233293917", "timestamp": 1667233330839, "tick_direction": 3, "price": 0.003, "mark_price": 0.00334045, "iv": 66.14, "instrument_name": "BTC-30DEC22-35000-C", "index_price": 20511.14, "direction": "sell", "amount": 0.1}, {"trade_seq": 2153, "trade_id": "233293916", "timestamp": 1667233330825, "tick_direction": 3, "price": 0.003, "mark_price": 0.00334045, "iv": 66.14, "instrument_name": "BTC-30DEC22-35000-C", "index_price": 20511.14, "direction": "sell", "amount": 0.1}, {"trade_seq": 2152, "trade_id": "233293915", "timestamp": 1667233330800, "tick_direction": 3, "price": 0.003, "mark_price": 0.00334045, "iv": 66.14, "instrument_name": "BTC-30DEC22-35000-C", "index_price": 20511.14, "direction": "sell", "amount": 0.2}, {"trade_seq": 2151, "trade_id": "233293914", "timestamp": 1667233330788, "tick_direction": 3, "price": 0.003, "mark_price": 0.00334045, "iv": 66.14, "instrument_name": "BTC-30DEC22-35000-C", "index_price": 20511.14, "direction": "sell", "amount": 0.2}, {"trade_seq": 2150, "trade_id": "233293913", "timestamp": 1667233330764, "tick_direction": 3, "price": 0.003, "mark_price": 0.00334045, "iv": 66.14, "instrument_name": "BTC-30DEC22-35000-C", "index_price": 20511.14, "direction": "sell", "amount": 0.4}, {"trade_seq": 2149, "trade_id": "233293905", "timestamp": 1667233329113, "tick_direction": 3, "price": 0.003, "mark_price": 0.00333189, "iv": 66.17, "instrument_name": "BTC-30DEC22-35000-C", "index_price": 20504.36, "direction": "sell", "amount": 0.1}, {"trade_seq": 2148, "trade_id": "233293904", "timestamp": 1667233329100, "tick_direction": 3, "price": 0.003, "mark_price": 0.00333189, "iv": 66.17, "instrument_name": "BTC-30DEC22-35000-C", "index_price": 20504.36, "direction": "sell", "amount": 0.1}, {"trade_seq": 2147, "trade_id": "233293903", "timestamp": 1667233329088, "tick_direction": 3, "price": 0.003, "mark_price": 0.00333189, "iv": 66.17, "instrument_name": "BTC-30DEC22-35000-C", "index_price": 20504.36, "direction": "sell", "amount": 0.2}, {"trade_seq": 2146, "trade_id": "233293902", "timestamp": 1667233329076, "tick_direction": 3, "price": 0.003, "mark_price": 0.00333189, "iv": 66.17, "instrument_name": "BTC-30DEC22-35000-C", "index_price": 20504.36, "direction": "sell", "amount": 0.2}, {"trade_seq": 2145, "trade_id": "233293901", "timestamp": 1667233329063, "tick_direction": 3, "price": 0.003, "mark_price": 0.00333189, "iv": 66.17, "instrument_name": "BTC-30DEC22-35000-C", "index_price": 20504.36, "direction": "sell", "amount": 0.4}, {"trade_seq": 2144, "trade_id": "233288344", "timestamp": 1667229420932, "tick_direction": 3, "price": 0.003, "mark_price": 0.0032633, "iv": 66.86, "instrument_name": "BTC-30DEC22-35000-C", "index_price": 20356.48, "direction": "sell", "amount": 0.1}, {"trade_seq": 2143, "trade_id": "233288343", "timestamp": 1667229420912, "tick_direction": 3, "price": 0.003, "mark_price": 0.0032633, "iv": 66.86, "instrument_name": "BTC-30DEC22-35000-C", "index_price": 20356.48, "direction": "sell", "amount": 0.1}, {"trade_seq": 2142, "trade_id": "233288341", "timestamp": 1667229419025, "tick_direction": 3, "price": 0.003, "mark_price": 0.00326369, "iv": 66.86, "instrument_name": "BTC-30DEC22-35000-C", "index_price": 20356.31, "direction": "sell", "amount": 0.1}, {"trade_seq": 2141, "trade_id": "233288339", "timestamp": 1667229419011, "tick_direction": 3, "price": 0.003, "mark_price": 0.00326369, "iv": 66.86, "instrument_name": "BTC-30DEC22-35000-C", "index_price": 20356.31, "direction": "sell", "amount": 0.2}, {"trade_seq": 2140, "trade_id": "233288337", "timestamp": 1667229417209, "tick_direction": 3, "price": 0.003, "mark_price": 0.00326446, "iv": 66.85, "instrument_name": "BTC-30DEC22-35000-C", "index_price": 20356.59, "direction": "sell", "amount": 0.1}, {"trade_seq": 2139, "trade_id": "233288336", "timestamp": 1667229417198, "tick_direction": 3, "price": 0.003, "mark_price": 0.00326446, "iv": 66.85, "instrument_name": "BTC-30DEC22-35000-C", "index_price": 20356.59, "direction": "sell", "amount": 0.1}, {"trade_seq": 2138, "trade_id": "233288335", "timestamp": 1667229417183, "tick_direction": 3, "price": 0.003, "mark_price": 0.00326558, "iv": 66.85, "instrument_name": "BTC-30DEC22-35000-C", "index_price": 20356.59, "direction": "sell", "amount": 0.1}, {"trade_seq": 2137, "trade_id": "233288334", "timestamp": 1667229414922, "tick_direction": 3, "price": 0.003, "mark_price": 0.00326546, "iv": 66.85, "instrument_name": "BTC-30DEC22-35000-C", "index_price": 20356.41, "direction": "sell", "amount": 0.1}, {"trade_seq": 2136, "trade_id": "233288333", "timestamp": 1667229413001, "tick_direction": 3, "price": 0.003, "mark_price": 0.00326433, "iv": 66.85, "instrument_name": "BTC-30DEC22-35000-C", "index_price": 20355.17, "direction": "sell", "amount": 0.1}, {"trade_seq": 2135, "trade_id": "233288332", "timestamp": 1667229412866, "tick_direction": 3, "price": 0.003, "mark_price": 0.00326433, "iv": 66.85, "instrument_name": "BTC-30DEC22-35000-C", "index_price": 20355.17, "direction": "sell", "amount": 0.1}, {"trade_seq": 2134, "trade_id": "233288330", "timestamp": 1667229408818, "tick_direction": 3, "price": 0.003, "mark_price": 0.00326108, "iv": 66.87, "instrument_name": "BTC-30DEC22-35000-C", "index_price": 20352.2, "direction": "sell", "amount": 0.1}, {"trade_seq": 2133, "trade_id": "233288329", "timestamp": 1667229408799, "tick_direction": 3, "price": 0.003, "mark_price": 0.00326108, "iv": 66.87, "instrument_name": "BTC-30DEC22-35000-C", "index_price": 20352.2, "direction": "sell", "amount": 0.1}, {"trade_seq": 2132, "trade_id": "233288325", "timestamp": 1667229404748, "tick_direction": 2, "price": 0.003, "mark_price": 0.00325481, "iv": 66.89, "instrument_name": "BTC-30DEC22-35000-C", "index_price": 20347.01, "direction": "sell", "amount": 0.1}, {"trade_seq": 2131, "trade_id": "233257509", "timestamp": 1667210052112, "tick_direction": 3, "price": 0.004, "mark_price": 0.00402196, "iv": 68.03, "instrument_name": "BTC-30DEC22-35000-C", "index_price": 20714.69, "direction": "buy", "amount": 0.2}, {"trade_seq": 2130, "trade_id": "233257508", "timestamp": 1667210052112, "tick_direction": 2, "price": 0.004, "mark_price": 0.00402196, "iv": 68.03, "instrument_name": "BTC-30DEC22-35000-C", "index_price": 20714.69, "direction": "buy", "amount": 0.2}, {"trade_seq": 2129, "trade_id": "233233694", "timestamp": 1667175009574, "tick_direction": 1, "price": 0.0035, "mark_price": 0.00335085, "iv": 66.58, "instrument_name": "BTC-30DEC22-35000-C", "index_price": 20664.14, "direction": "buy", "amount": 17.7}, {"trade_seq": 2128, "trade_id": "233233289", "timestamp": 1667174405505, "tick_direction": 1, "price": 0.0035, "mark_price": 0.00325184, "iv": 66.76, "instrument_name": "BTC-30DEC22-35000-C", "index_price": 20629.33, "direction": "buy", "amount": 0.4}, {"trade_seq": 2127, "trade_id": "233233288", "timestamp": 1667174405494, "tick_direction": 1, "price": 0.0035, "mark_price": 0.00325184, "iv": 66.76, "instrument_name": "BTC-30DEC22-35000-C", "index_price": 20629.33, "direction": "buy", "amount": 0.4}, {"trade_seq": 2126, "trade_id": "233233287", "timestamp": 1667174405406, "tick_direction": 1, "price": 0.0035, "mark_price": 0.00325184, "iv": 66.76, "instrument_name": "BTC-30DEC22-35000-C", "index_price": 20629.33, "direction": "buy", "amount": 0.6}, {"trade_seq": 2125, "trade_id": "233233286", "timestamp": 1667174405387, "tick_direction": 1, "price": 0.0035, "mark_price": 0.00325184, "iv": 66.76, "instrument_name": "BTC-30DEC22-35000-C", "index_price": 20629.33, "direction": "buy", "amount": 0.9}, {"trade_seq": 2124, "trade_id": "233233264", "timestamp": 1667174404817, "tick_direction": 1, "price": 0.0035, "mark_price": 0.00325171, "iv": 66.76, "instrument_name": "BTC-30DEC22-35000-C", "index_price": 20629.27, "direction": "buy", "amount": 1.2}, {"trade_seq": 2123, "trade_id": "233233261", "timestamp": 1667174404732, "tick_direction": 1, "price": 0.0035, "mark_price": 0.00325171, "iv": 66.76, "instrument_name": "BTC-30DEC22-35000-C", "index_price": 20629.27, "direction": "buy", "amount": 1.6}, {"trade_seq": 2122, "trade_id": "233233257", "timestamp": 1667174404659, "tick_direction": 1, "price": 0.0035, "mark_price": 0.00325171, "iv": 66.76, "instrument_name": "BTC-30DEC22-35000-C", "index_price": 20629.27, "direction": "buy", "amount": 2.2}, {"trade_seq": 2121, "trade_id": "233233256", "timestamp": 1667174404659, "tick_direction": 1, "price": 0.0035, "mark_price": 0.00325171, "iv": 66.76, "instrument_name": "BTC-30DEC22-35000-C", "index_price": 20629.27, "direction": "buy", "amount": 0.1}, {"trade_seq": 2120, "trade_id": "233210316", "timestamp": 1667131412151, "tick_direction": 0, "price": 0.0035, "mark_price": 0.00345832, "iv": 65.8, "instrument_name": "BTC-30DEC22-35000-C", "index_price": 20768.33, "direction": "buy", "amount": 0.2}, {"trade_seq": 2119, "trade_id": "233186603", "timestamp": 1667080677858, "tick_direction": 1, "price": 0.003, "mark_price": 0.00335963, "iv": 63.43, "instrument_name": "BTC-30DEC22-35000-C", "index_price": 20863.0, "direction": "sell", "amount": 0.1}, {"trade_seq": 2118, "trade_id": "233151365", "timestamp": 1667037903446, "tick_direction": 1, "price": 0.003, "mark_price": 0.00326113, "iv": 62.8, "instrument_name": "BTC-30DEC22-35000-C", "index_price": 20952.63, "direction": "sell", "amount": 0.1}, {"trade_seq": 2117, "trade_id": "233112303", "timestamp": 1666976611718, "tick_direction": 1, "price": 0.003, "mark_price": 0.00327071, "iv": 63.45, "instrument_name": "BTC-30DEC22-35000-C", "index_price": 20726.13, "direction": "sell", "amount": 0.1}, {"trade_seq": 2116, "trade_id": "233100198", "timestamp": 1666973178318, "tick_direction": 1, "price": 0.003, "mark_price": 0.00323204, "iv": 64.58, "instrument_name": "BTC-30DEC22-35000-C", "index_price": 20489.97, "direction": "sell", "amount": 0.1}, {"trade_seq": 2115, "trade_id": "233098036", "timestamp": 1666971151782, "tick_direction": 1, "price": 0.003, "mark_price": 0.00321484, "iv": 64.75, "instrument_name": "BTC-30DEC22-35000-C", "index_price": 20450.61, "direction": "sell", "amount": 0.2}, {"trade_seq": 2114, "trade_id": "233097426", "timestamp": 1666970157642, "tick_direction": 0, "price": 0.003, "mark_price": 0.00321476, "iv": 64.6, "instrument_name": "BTC-30DEC22-35000-C", "index_price": 20481.06, "direction": "sell", "amount": 0.1}, {"trade_seq": 2113, "trade_id": "233080671", "timestamp": 1666962684546, "tick_direction": 3, "price": 0.0026, "mark_price": 0.00292184, "iv": 64.11, "instrument_name": "BTC-30DEC22-35000-C", "index_price": 20279.3, "direction": "sell", "combo_id": "BTC-CS-30DEC22-35000_40000", "block_trade_id": "54117", "amount": 50.0}, {"trade_seq": 2112, "trade_id": "233080542", "timestamp": 1666962522500, "tick_direction": 2, "price": 0.0026, "mark_price": 0.00288304, "iv": 64.17, "instrument_name": "BTC-30DEC22-35000-C", "index_price": 20267.09, "direction": "sell", "combo_id": "BTC-CS-30DEC22-35000_40000", "block_trade_id": "54116", "amount": 100.0}, {"trade_seq": 2111, "trade_id": "233064592", "timestamp": 1666953011492, "tick_direction": 0, "price": 0.0032, "mark_price": 0.00298465, "iv": 66.45, "instrument_name": "BTC-30DEC22-35000-C", "index_price": 20219.24, "direction": "buy", "block_trade_id": "54087", "amount": 50.0}, {"trade_seq": 2110, "trade_id": "233046581", "timestamp": 1666943148059, "tick_direction": 3, "price": 0.003, "mark_price": 0.00328063, "iv": 66.09, "instrument_name": "BTC-30DEC22-35000-C", "index_price": 20136.99, "direction": "sell", "amount": 8.2}, {"trade_seq": 2109, "trade_id": "233046580", "timestamp": 1666943148059, "tick_direction": 3, "price": 0.003, "mark_price": 0.00328063, "iv": 66.09, "instrument_name": "BTC-30DEC22-35000-C", "index_price": 20136.99, "direction": "sell", "amount": 9.8}, {"trade_seq": 2108, "trade_id": "233046579", "timestamp": 1666943148059, "tick_direction": 2, "price": 0.003, "mark_price": 0.00328063, "iv": 66.09, "instrument_name": "BTC-30DEC22-35000-C", "index_price": 20136.99, "direction": "sell", "amount": 7.0}, {"trade_seq": 2107, "trade_id": "233023290", "timestamp": 1666915429326, "tick_direction": 2, "price": 0.0039, "mark_price": 0.00399331, "iv": 68.03, "instrument_name": "BTC-30DEC22-35000-C", "index_price": 20291.37, "direction": "buy", "combo_id": "BTC-CBUT-30DEC22-30000_35000_40000", "block_trade_id": "54038", "amount": 100.0}, {"trade_seq": 2106, "trade_id": "232917056", "timestamp": 1666823610205, "tick_direction": 1, "price": 0.0055, "mark_price": 0.00534146, "iv": 68.66, "instrument_name": "BTC-30DEC22-35000-C", "index_price": 20881.16, "direction": "buy", "amount": 0.1}, {"trade_seq": 2105, "trade_id": "232917055", "timestamp": 1666823606152, "tick_direction": 1, "price": 0.0055, "mark_price": 0.00534691, "iv": 68.65, "instrument_name": "BTC-30DEC22-35000-C", "index_price": 20883.79, "direction": "buy", "amount": 0.1}, {"trade_seq": 2104, "trade_id": "232917049", "timestamp": 1666823600365, "tick_direction": 1, "price": 0.0055, "mark_price": 0.00534834, "iv": 68.65, "instrument_name": "BTC-30DEC22-35000-C", "index_price": 20885.42, "direction": "buy", "amount": 0.1}, {"trade_seq": 2103, "trade_id": "232917048", "timestamp": 1666823600209, "tick_direction": 1, "price": 0.0055, "mark_price": 0.00534834, "iv": 68.65, "instrument_name": "BTC-30DEC22-35000-C", "index_price": 20884.43, "direction": "buy", "amount": 0.1}, {"trade_seq": 2102, "trade_id": "232917047", "timestamp": 1666823599925, "tick_direction": 1, "price": 0.0055, "mark_price": 0.00534834, "iv": 68.65, "instrument_name": "BTC-30DEC22-35000-C", "index_price": 20884.43, "direction": "buy", "amount": 0.1}, {"trade_seq": 2101, "trade_id": "232917046", "timestamp": 1666823599083, "tick_direction": 1, "price": 0.0055, "mark_price": 0.00534408, "iv": 68.66, "instrument_name": "BTC-30DEC22-35000-C", "index_price": 20882.26, "direction": "buy", "amount": 0.1}, {"trade_seq": 2100, "trade_id": "232916973", "timestamp": 1666823580136, "tick_direction": 1, "price": 0.0055, "mark_price": 0.00535007, "iv": 68.66, "instrument_name": "BTC-30DEC22-35000-C", "index_price": 20885.41, "direction": "buy", "amount": 0.1}, {"trade_seq": 2099, "trade_id": "232916861", "timestamp": 1666823561593, "tick_direction": 1, "price": 0.0055, "mark_price": 0.00539331, "iv": 68.57, "instrument_name": "BTC-30DEC22-35000-C", "index_price": 20902.64, "direction": "buy", "amount": 0.1}, {"trade_seq": 2098, "trade_id": "232916837", "timestamp": 1666823558224, "tick_direction": 1, "price": 0.0055, "mark_price": 0.00538603, "iv": 68.58, "instrument_name": "BTC-30DEC22-35000-C", "index_price": 20898.9, "direction": "buy", "amount": 0.1}, {"trade_seq": 2097, "trade_id": "232916836", "timestamp": 1666823558200, "tick_direction": 1, "price": 0.0055, "mark_price": 0.00538603, "iv": 68.58, "instrument_name": "BTC-30DEC22-35000-C", "index_price": 20898.9, "direction": "buy", "amount": 0.1}, {"trade_seq": 2096, "trade_id": "232916835", "timestamp": 1666823558180, "tick_direction": 1, "price": 0.0055, "mark_price": 0.00538603, "iv": 68.58, "instrument_name": "BTC-30DEC22-35000-C", "index_price": 20898.9, "direction": "buy", "amount": 0.1}, {"trade_seq": 2095, "trade_id": "232916834", "timestamp": 1666823558139, "tick_direction": 1, "price": 0.0055, "mark_price": 0.00538603, "iv": 68.58, "instrument_name": "BTC-30DEC22-35000-C", "index_price": 20898.9, "direction": "buy", "amount": 0.1}, {"trade_seq": 2094, "trade_id": "232822342", "timestamp": 1666776763937, "tick_direction": 1, "price": 0.0055, "mark_price": 0.00531492, "iv": 69.58, "instrument_name": "BTC-30DEC22-35000-C", "index_price": 20642.53, "direction": "buy", "amount": 0.2}, {"trade_seq": 2093, "trade_id": "232822263", "timestamp": 1666776747965, "tick_direction": 1, "price": 0.0055, "mark_price": 0.00530917, "iv": 69.59, "instrument_name": "BTC-30DEC22-35000-C", "index_price": 20642.33, "direction": "buy", "amount": 0.2}, {"trade_seq": 2092, "trade_id": "232822262", "timestamp": 1666776747940, "tick_direction": 1, "price": 0.0055, "mark_price": 0.00530917, "iv": 69.59, "instrument_name": "BTC-30DEC22-35000-C", "index_price": 20642.33, "direction": "buy", "amount": 0.3}, {"trade_seq": 2091, "trade_id": "232822258", "timestamp": 1666776747802, "tick_direction": 1, "price": 0.0055, "mark_price": 0.00530917, "iv": 69.59, "instrument_name": "BTC-30DEC22-35000-C", "index_price": 20642.33, "direction": "buy", "amount": 0.1}, {"trade_seq": 2090, "trade_id": "232822256", "timestamp": 1666776745512, "tick_direction": 1, "price": 0.0055, "mark_price": 0.00530578, "iv": 69.59, "instrument_name": "BTC-30DEC22-35000-C", "index_price": 20640.84, "direction": "buy", "amount": 0.1}, {"trade_seq": 2089, "trade_id": "232822253", "timestamp": 1666776744366, "tick_direction": 0, "price": 0.0055, "mark_price": 0.00529694, "iv": 69.62, "instrument_name": "BTC-30DEC22-35000-C", "index_price": 20636.24, "direction": "buy", "amount": 0.1}, {"trade_seq": 2088, "trade_id": "232780649", "timestamp": 1666755141220, "tick_direction": 1, "price": 0.004, "mark_price": 0.00380186, "iv": 67.36, "instrument_name": "BTC-30DEC22-35000-C", "index_price": 20286.2, "direction": "buy", "amount": 0.1}, {"trade_seq": 2087, "trade_id": "232780648", "timestamp": 1666755141199, "tick_direction": 1, "price": 0.004, "mark_price": 0.00380186, "iv": 67.36, "instrument_name": "BTC-30DEC22-35000-C", "index_price": 20286.2, "direction": "buy", "amount": 0.1}, {"trade_seq": 2086, "trade_id": "232780647", "timestamp": 1666755141032, "tick_direction": 1, "price": 0.004, "mark_price": 0.00380186, "iv": 67.36, "instrument_name": "BTC-30DEC22-35000-C", "index_price": 20286.2, "direction": "buy", "amount": 0.1}, {"trade_seq": 2085, "trade_id": "232780646", "timestamp": 1666755141011, "tick_direction": 1, "price": 0.004, "mark_price": 0.00380186, "iv": 67.36, "instrument_name": "BTC-30DEC22-35000-C", "index_price": 20286.2, "direction": "buy", "amount": 0.1}, {"trade_seq": 2084, "trade_id": "232780645", "timestamp": 1666755140984, "tick_direction": 1, "price": 0.004, "mark_price": 0.00380186, "iv": 67.36, "instrument_name": "BTC-30DEC22-35000-C", "index_price": 20286.2, "direction": "buy", "amount": 0.1}, {"trade_seq": 2083, "trade_id": "232780643", "timestamp": 1666755140958, "tick_direction": 1, "price": 0.004, "mark_price": 0.00380186, "iv": 67.36, "instrument_name": "BTC-30DEC22-35000-C", "index_price": 20286.2, "direction": "buy", "amount": 0.1}, {"trade_seq": 2082, "trade_id": "232780059", "timestamp": 1666754867071, "tick_direction": 1, "price": 0.004, "mark_price": 0.00379855, "iv": 67.51, "instrument_name": "BTC-30DEC22-35000-C", "index_price": 20257.01, "direction": "buy", "amount": 0.1}, {"trade_seq": 2081, "trade_id": "232780058", "timestamp": 1666754867056, "tick_direction": 1, "price": 0.004, "mark_price": 0.00379855, "iv": 67.51, "instrument_name": "BTC-30DEC22-35000-C", "index_price": 20257.01, "direction": "buy", "amount": 0.1}, {"trade_seq": 2080, "trade_id": "232780056", "timestamp": 1666754866957, "tick_direction": 1, "price": 0.004, "mark_price": 0.00379855, "iv": 67.51, "instrument_name": "BTC-30DEC22-35000-C", "index_price": 20257.01, "direction": "buy", "amount": 0.1}, {"trade_seq": 2079, "trade_id": "232780055", "timestamp": 1666754866934, "tick_direction": 1, "price": 0.004, "mark_price": 0.00379855, "iv": 67.51, "instrument_name": "BTC-30DEC22-35000-C", "index_price": 20257.01, "direction": "buy", "amount": 0.1}, {"trade_seq": 2078, "trade_id": "232780052", "timestamp": 1666754866253, "tick_direction": 1, "price": 0.004, "mark_price": 0.00379812, "iv": 67.51, "instrument_name": "BTC-30DEC22-35000-C", "index_price": 20256.56, "direction": "buy", "amount": 0.1}, {"trade_seq": 2077, "trade_id": "232780051", "timestamp": 1666754866242, "tick_direction": 1, "price": 0.004, "mark_price": 0.00379812, "iv": 67.51, "instrument_name": "BTC-30DEC22-35000-C", "index_price": 20256.56, "direction": "buy", "amount": 0.1}, {"trade_seq": 2076, "trade_id": "232780050", "timestamp": 1666754865228, "tick_direction": 1, "price": 0.004, "mark_price": 0.00379706, "iv": 67.52, "instrument_name": "BTC-30DEC22-35000-C", "index_price": 20256.09, "direction": "buy", "amount": 0.1}, {"trade_seq": 2075, "trade_id": "232780049", "timestamp": 1666754865218, "tick_direction": 1, "price": 0.004, "mark_price": 0.00379706, "iv": 67.52, "instrument_name": "BTC-30DEC22-35000-C", "index_price": 20256.09, "direction": "buy", "amount": 0.2}, {"trade_seq": 2074, "trade_id": "232780048", "timestamp": 1666754863848, "tick_direction": 1, "price": 0.004, "mark_price": 0.0037973, "iv": 67.52, "instrument_name": "BTC-30DEC22-35000-C", "index_price": 20255.76, "direction": "buy", "amount": 0.3}, {"trade_seq": 2073, "trade_id": "232780042", "timestamp": 1666754856280, "tick_direction": 1, "price": 0.004, "mark_price": 0.00379784, "iv": 67.52, "instrument_name": "BTC-30DEC22-35000-C", "index_price": 20254.84, "direction": "buy", "amount": 0.1}, {"trade_seq": 2072, "trade_id": "232780041", "timestamp": 1666754856231, "tick_direction": 1, "price": 0.004, "mark_price": 0.00379784, "iv": 67.52, "instrument_name": "BTC-30DEC22-35000-C", "index_price": 20254.84, "direction": "buy", "amount": 0.1}, {"trade_seq": 2071, "trade_id": "232780040", "timestamp": 1666754852295, "tick_direction": 1, "price": 0.004, "mark_price": 0.00379848, "iv": 67.52, "instrument_name": "BTC-30DEC22-35000-C", "index_price": 20254.68, "direction": "buy", "amount": 0.1}, {"trade_seq": 2070, "trade_id": "232780039", "timestamp": 1666754852279, "tick_direction": 1, "price": 0.004, "mark_price": 0.00379848, "iv": 67.52, "instrument_name": "BTC-30DEC22-35000-C", "index_price": 20254.68, "direction": "buy", "amount": 0.1}, {"trade_seq": 2069, "trade_id": "232780038", "timestamp": 1666754850298, "tick_direction": 1, "price": 0.004, "mark_price": 0.00380012, "iv": 67.51, "instrument_name": "BTC-30DEC22-35000-C", "index_price": 20255.25, "direction": "buy", "amount": 0.1}, {"trade_seq": 2068, "trade_id": "232780036", "timestamp": 1666754847148, "tick_direction": 0, "price": 0.004, "mark_price": 0.00379282, "iv": 67.53, "instrument_name": "BTC-30DEC22-35000-C", "index_price": 20250.48, "direction": "buy", "amount": 0.1}, {"trade_seq": 2067, "trade_id": "232776403", "timestamp": 1666752164343, "tick_direction": 3, "price": 0.004, "mark_price": 0.0038141, "iv": 67.61, "instrument_name": "BTC-30DEC22-35000-C", "index_price": 20226.63, "direction": "buy", "amount": 0.1}, {"trade_seq": 2066, "trade_id": "232776395", "timestamp": 1666752158240, "tick_direction": 3, "price": 0.004, "mark_price": 0.00381431, "iv": 67.61, "instrument_name": "BTC-30DEC22-35000-C", "index_price": 20225.99, "direction": "buy", "amount": 0.1}, {"trade_seq": 2065, "trade_id": "232776392", "timestamp": 1666752152161, "tick_direction": 3, "price": 0.004, "mark_price": 0.00381367, "iv": 67.61, "instrument_name": "BTC-30DEC22-35000-C", "index_price": 20224.86, "direction": "buy", "amount": 0.1}, {"trade_seq": 2064, "trade_id": "232776391", "timestamp": 1666752150150, "tick_direction": 3, "price": 0.004, "mark_price": 0.00381363, "iv": 67.62, "instrument_name": "BTC-30DEC22-35000-C", "index_price": 20224.65, "direction": "buy", "amount": 0.1}, {"trade_seq": 2063, "trade_id": "232776390", "timestamp": 1666752148097, "tick_direction": 3, "price": 0.004, "mark_price": 0.00381425, "iv": 67.61, "instrument_name": "BTC-30DEC22-35000-C", "index_price": 20224.91, "direction": "buy", "amount": 0.1}, {"trade_seq": 2062, "trade_id": "232776382", "timestamp": 1666752145097, "tick_direction": 3, "price": 0.004, "mark_price": 0.00381452, "iv": 67.61, "instrument_name": "BTC-30DEC22-35000-C", "index_price": 20224.89, "direction": "buy", "amount": 0.1}, {"trade_seq": 2061, "trade_id": "232776372", "timestamp": 1666752129125, "tick_direction": 3, "price": 0.004, "mark_price": 0.00381215, "iv": 67.63, "instrument_name": "BTC-30DEC22-35000-C", "index_price": 20222.75, "direction": "buy", "amount": 0.1}, {"trade_seq": 2060, "trade_id": "232775474", "timestamp": 1666751152873, "tick_direction": 3, "price": 0.004, "mark_price": 0.00403185, "iv": 67.67, "instrument_name": "BTC-30DEC22-35000-C", "index_price": 20212.75, "direction": "buy", "amount": 0.2}, {"trade_seq": 2059, "trade_id": "232775472", "timestamp": 1666751150833, "tick_direction": 3, "price": 0.004, "mark_price": 0.00403261, "iv": 67.68, "instrument_name": "BTC-30DEC22-35000-C", "index_price": 20212.56, "direction": "buy", "amount": 0.3}, {"trade_seq": 2058, "trade_id": "232775469", "timestamp": 1666751144760, "tick_direction": 2, "price": 0.004, "mark_price": 0.00403735, "iv": 67.67, "instrument_name": "BTC-30DEC22-35000-C", "index_price": 20212.95, "direction": "buy", "amount": 0.9}, {"trade_seq": 2057, "trade_id": "232730582", "timestamp": 1666727123948, "tick_direction": 3, "price": 0.0045, "mark_price": 0.00469564, "iv": 68.78, "instrument_name": "BTC-30DEC22-35000-C", "index_price": 20254.23, "direction": "sell", "amount": 0.1}, {"trade_seq": 2056, "trade_id": "232730581", "timestamp": 1666727123895, "tick_direction": 3, "price": 0.0045, "mark_price": 0.00469564, "iv": 68.78, "instrument_name": "BTC-30DEC22-35000-C", "index_price": 20254.23, "direction": "sell", "amount": 0.2}, {"trade_seq": 2055, "trade_id": "232730580", "timestamp": 1666727123802, "tick_direction": 3, "price": 0.0045, "mark_price": 0.00469564, "iv": 68.78, "instrument_name": "BTC-30DEC22-35000-C", "index_price": 20254.23, "direction": "sell", "amount": 0.1}, {"trade_seq": 2054, "trade_id": "232730574", "timestamp": 1666727121695, "tick_direction": 3, "price": 0.0045, "mark_price": 0.00469862, "iv": 68.77, "instrument_name": "BTC-30DEC22-35000-C", "index_price": 20257.17, "direction": "sell", "amount": 0.1}, {"trade_seq": 2053, "trade_id": "232730573", "timestamp": 1666727121679, "tick_direction": 3, "price": 0.0045, "mark_price": 0.00469862, "iv": 68.77, "instrument_name": "BTC-30DEC22-35000-C", "index_price": 20257.17, "direction": "sell", "amount": 0.1}, {"trade_seq": 2052, "trade_id": "232730571", "timestamp": 1666727121102, "tick_direction": 3, "price": 0.0045, "mark_price": 0.00469942, "iv": 68.77, "instrument_name": "BTC-30DEC22-35000-C", "index_price": 20257.17, "direction": "sell", "amount": 0.1}, {"trade_seq": 2051, "trade_id": "232730570", "timestamp": 1666727121090, "tick_direction": 3, "price": 0.0045, "mark_price": 0.00469942, "iv": 68.77, "instrument_name": "BTC-30DEC22-35000-C", "index_price": 20257.17, "direction": "sell", "amount": 0.2}, {"trade_seq": 2050, "trade_id": "232730332", "timestamp": 1666726992457, "tick_direction": 3, "price": 0.0045, "mark_price": 0.00476662, "iv": 68.68, "instrument_name": "BTC-30DEC22-35000-C", "index_price": 20279.46, "direction": "sell", "amount": 0.1}, {"trade_seq": 2049, "trade_id": "232730331", "timestamp": 1666726992435, "tick_direction": 3, "price": 0.0045, "mark_price": 0.00476662, "iv": 68.68, "instrument_name": "BTC-30DEC22-35000-C", "index_price": 20279.46, "direction": "sell", "amount": 0.1}, {"trade_seq": 2048, "trade_id": "232730328", "timestamp": 1666726992411, "tick_direction": 3, "price": 0.0045, "mark_price": 0.00476662, "iv": 68.68, "instrument_name": "BTC-30DEC22-35000-C", "index_price": 20279.46, "direction": "sell", "amount": 0.1}, {"trade_seq": 2047, "trade_id": "232730323", "timestamp": 1666726992384, "tick_direction": 3, "price": 0.0045, "mark_price": 0.00476662, "iv": 68.68, "instrument_name": "BTC-30DEC22-35000-C", "index_price": 20279.46, "direction": "sell", "amount": 0.3}, {"trade_seq": 2046, "trade_id": "232730321", "timestamp": 1666726992363, "tick_direction": 3, "price": 0.0045, "mark_price": 0.00476662, "iv": 68.68, "instrument_name": "BTC-30DEC22-35000-C", "index_price": 20279.46, "direction": "sell", "amount": 0.2}, {"trade_seq": 2045, "trade_id": "232730319", "timestamp": 1666726992333, "tick_direction": 3, "price": 0.0045, "mark_price": 0.00476662, "iv": 68.68, "instrument_name": "BTC-30DEC22-35000-C", "index_price": 20279.46, "direction": "sell", "amount": 0.1}, {"trade_seq": 2044, "trade_id": "232730317", "timestamp": 1666726992324, "tick_direction": 3, "price": 0.0045, "mark_price": 0.00476662, "iv": 68.68, "instrument_name": "BTC-30DEC22-35000-C", "index_price": 20279.46, "direction": "sell", "amount": 0.1}, {"trade_seq": 2043, "trade_id": "232730301", "timestamp": 1666726991811, "tick_direction": 3, "price": 0.0045, "mark_price": 0.00477415, "iv": 68.66, "instrument_name": "BTC-30DEC22-35000-C", "index_price": 20283.34, "direction": "sell", "amount": 0.1}, {"trade_seq": 2042, "trade_id": "232730289", "timestamp": 1666726991359, "tick_direction": 3, "price": 0.0045, "mark_price": 0.00477415, "iv": 68.66, "instrument_name": "BTC-30DEC22-35000-C", "index_price": 20283.34, "direction": "sell", "amount": 0.1}, {"trade_seq": 2041, "trade_id": "232730275", "timestamp": 1666726985705, "tick_direction": 3, "price": 0.0045, "mark_price": 0.0047759, "iv": 68.65, "instrument_name": "BTC-30DEC22-35000-C", "index_price": 20283.61, "direction": "sell", "amount": 0.1}, {"trade_seq": 2040, "trade_id": "232730163", "timestamp": 1666726925753, "tick_direction": 3, "price": 0.0045, "mark_price": 0.0047699, "iv": 68.69, "instrument_name": "BTC-30DEC22-35000-C", "index_price": 20276.3, "direction": "sell", "amount": 0.1}, {"trade_seq": 2039, "trade_id": "232730161", "timestamp": 1666726925728, "tick_direction": 3, "price": 0.0045, "mark_price": 0.0047699, "iv": 68.69, "instrument_name": "BTC-30DEC22-35000-C", "index_price": 20276.3, "direction": "sell", "amount": 0.1}, {"trade_seq": 2038, "trade_id": "232730041", "timestamp": 1666726833184, "tick_direction": 3, "price": 0.0045, "mark_price": 0.00477709, "iv": 68.67, "instrument_name": "BTC-30DEC22-35000-C", "index_price": 20279.28, "direction": "sell", "amount": 0.1}, {"trade_seq": 2037, "trade_id": "232730040", "timestamp": 1666726833169, "tick_direction": 3, "price": 0.0045, "mark_price": 0.00477709, "iv": 68.67, "instrument_name": "BTC-30DEC22-35000-C", "index_price": 20279.28, "direction": "sell", "amount": 0.1}, {"trade_seq": 2036, "trade_id": "232730039", "timestamp": 1666726833151, "tick_direction": 3, "price": 0.0045, "mark_price": 0.00477709, "iv": 68.67, "instrument_name": "BTC-30DEC22-35000-C", "index_price": 20279.28, "direction": "sell", "amount": 0.1}, {"trade_seq": 2035, "trade_id": "232730037", "timestamp": 1666726832582, "tick_direction": 3, "price": 0.0045, "mark_price": 0.00478446, "iv": 68.65, "instrument_name": "BTC-30DEC22-35000-C", "index_price": 20282.84, "direction": "sell", "amount": 0.1}, {"trade_seq": 2034, "trade_id": "232730034", "timestamp": 1666726831841, "tick_direction": 3, "price": 0.0045, "mark_price": 0.00479198, "iv": 68.65, "instrument_name": "BTC-30DEC22-35000-C", "index_price": 20282.84, "direction": "sell", "amount": 0.1}, {"trade_seq": 2033, "trade_id": "232730033", "timestamp": 1666726831819, "tick_direction": 3, "price": 0.0045, "mark_price": 0.00479198, "iv": 68.65, "instrument_name": "BTC-30DEC22-35000-C", "index_price": 20282.84, "direction": "sell", "amount": 0.2}, {"trade_seq": 2032, "trade_id": "232730027", "timestamp": 1666726828859, "tick_direction": 3, "price": 0.0045, "mark_price": 0.00480471, "iv": 68.61, "instrument_name": "BTC-30DEC22-35000-C", "index_price": 20291.63, "direction": "sell", "amount": 0.1}, {"trade_seq": 2031, "trade_id": "232729696", "timestamp": 1666726658773, "tick_direction": 3, "price": 0.0045, "mark_price": 0.00473703, "iv": 68.78, "instrument_name": "BTC-30DEC22-35000-C", "index_price": 20253.9, "direction": "sell", "amount": 0.1}, {"trade_seq": 2030, "trade_id": "232729695", "timestamp": 1666726658456, "tick_direction": 3, "price": 0.0045, "mark_price": 0.00474422, "iv": 68.76, "instrument_name": "BTC-30DEC22-35000-C", "index_price": 20257.43, "direction": "sell", "amount": 0.1}, {"trade_seq": 2029, "trade_id": "232729575", "timestamp": 1666726604084, "tick_direction": 3, "price": 0.0045, "mark_price": 0.00476884, "iv": 68.7, "instrument_name": "BTC-30DEC22-35000-C", "index_price": 20275.21, "direction": "sell", "amount": 0.1}, {"trade_seq": 2028, "trade_id": "232729574", "timestamp": 1666726604072, "tick_direction": 3, "price": 0.0045, "mark_price": 0.00476884, "iv": 68.7, "instrument_name": "BTC-30DEC22-35000-C", "index_price": 20275.21, "direction": "sell", "amount": 0.1}, {"trade_seq": 2027, "trade_id": "232729573", "timestamp": 1666726602342, "tick_direction": 3, "price": 0.0045, "mark_price": 0.0047731, "iv": 68.69, "instrument_name": "BTC-30DEC22-35000-C", "index_price": 20277.31, "direction": "sell", "amount": 0.2}, {"trade_seq": 2026, "trade_id": "232729572", "timestamp": 1666726602152, "tick_direction": 3, "price": 0.0045, "mark_price": 0.00477591, "iv": 68.69, "instrument_name": "BTC-30DEC22-35000-C", "index_price": 20277.31, "direction": "sell", "amount": 0.1}, {"trade_seq": 2025, "trade_id": "232729571", "timestamp": 1666726602118, "tick_direction": 3, "price": 0.0045, "mark_price": 0.00477591, "iv": 68.69, "instrument_name": "BTC-30DEC22-35000-C", "index_price": 20277.31, "direction": "sell", "amount": 0.1}, {"trade_seq": 2024, "trade_id": "232729570", "timestamp": 1666726602095, "tick_direction": 3, "price": 0.0045, "mark_price": 0.00477591, "iv": 68.69, "instrument_name": "BTC-30DEC22-35000-C", "index_price": 20277.31, "direction": "sell", "amount": 0.2}, {"trade_seq": 2023, "trade_id": "232729569", "timestamp": 1666726602017, "tick_direction": 3, "price": 0.0045, "mark_price": 0.00477591, "iv": 68.69, "instrument_name": "BTC-30DEC22-35000-C", "index_price": 20278.73, "direction": "sell", "amount": 0.1}, {"trade_seq": 2022, "trade_id": "232729566", "timestamp": 1666726600693, "tick_direction": 3, "price": 0.0045, "mark_price": 0.00478202, "iv": 68.67, "instrument_name": "BTC-30DEC22-35000-C", "index_price": 20281.91, "direction": "sell", "amount": 0.1}, {"trade_seq": 2021, "trade_id": "232729565", "timestamp": 1666726600524, "tick_direction": 3, "price": 0.0045, "mark_price": 0.00478202, "iv": 68.67, "instrument_name": "BTC-30DEC22-35000-C", "index_price": 20281.91, "direction": "sell", "amount": 0.1}, {"trade_seq": 2020, "trade_id": "232729564", "timestamp": 1666726597992, "tick_direction": 3, "price": 0.0045, "mark_price": 0.0047837, "iv": 68.67, "instrument_name": "BTC-30DEC22-35000-C", "index_price": 20282.53, "direction": "sell", "amount": 0.1}, {"trade_seq": 2019, "trade_id": "232729563", "timestamp": 1666726597981, "tick_direction": 3, "price": 0.0045, "mark_price": 0.0047837, "iv": 68.67, "instrument_name": "BTC-30DEC22-35000-C", "index_price": 20282.53, "direction": "sell", "amount": 0.1}, {"trade_seq": 2018, "trade_id": "232729562", "timestamp": 1666726597971, "tick_direction": 3, "price": 0.0045, "mark_price": 0.0047837, "iv": 68.67, "instrument_name": "BTC-30DEC22-35000-C", "index_price": 20282.53, "direction": "sell", "amount": 0.1}, {"trade_seq": 2017, "trade_id": "232729561", "timestamp": 1666726597959, "tick_direction": 3, "price": 0.0045, "mark_price": 0.0047837, "iv": 68.67, "instrument_name": "BTC-30DEC22-35000-C", "index_price": 20282.53, "direction": "sell", "amount": 0.2}, {"trade_seq": 2016, "trade_id": "232729560", "timestamp": 1666726597724, "tick_direction": 3, "price": 0.0045, "mark_price": 0.0047837, "iv": 68.67, "instrument_name": "BTC-30DEC22-35000-C", "index_price": 20282.53, "direction": "sell", "amount": 0.1}, {"trade_seq": 2015, "trade_id": "232729559", "timestamp": 1666726597358, "tick_direction": 3, "price": 0.0045, "mark_price": 0.0047837, "iv": 68.67, "instrument_name": "BTC-30DEC22-35000-C", "index_price": 20282.53, "direction": "sell", "amount": 0.1}, {"trade_seq": 2014, "trade_id": "232729558", "timestamp": 1666726595984, "tick_direction": 3, "price": 0.0045, "mark_price": 0.00478383, "iv": 68.67, "instrument_name": "BTC-30DEC22-35000-C", "index_price": 20282.3, "direction": "sell", "amount": 0.1}, {"trade_seq": 2013, "trade_id": "232729557", "timestamp": 1666726595969, "tick_direction": 3, "price": 0.0045, "mark_price": 0.00478383, "iv": 68.67, "instrument_name": "BTC-30DEC22-35000-C", "index_price": 20282.3, "direction": "sell", "amount": 0.1}, {"trade_seq": 2012, "trade_id": "232729556", "timestamp": 1666726595959, "tick_direction": 3, "price": 0.0045, "mark_price": 0.00478383, "iv": 68.67, "instrument_name": "BTC-30DEC22-35000-C", "index_price": 20282.3, "direction": "sell", "amount": 0.2}, {"trade_seq": 2011, "trade_id": "232729555", "timestamp": 1666726595947, "tick_direction": 3, "price": 0.0045, "mark_price": 0.00478383, "iv": 68.67, "instrument_name": "BTC-30DEC22-35000-C", "index_price": 20282.3, "direction": "sell", "amount": 0.3}, {"trade_seq": 2010, "trade_id": "232729554", "timestamp": 1666726594753, "tick_direction": 2, "price": 0.0045, "mark_price": 0.00478525, "iv": 68.66, "instrument_name": "BTC-30DEC22-35000-C", "index_price": 20282.81, "direction": "sell", "amount": 0.1}, {"trade_seq": 2009, "trade_id": "232721993", "timestamp": 1666723613799, "tick_direction": 0, "price": 0.005, "mark_price": 0.00474814, "iv": 69.83, "instrument_name": "BTC-30DEC22-35000-C", "index_price": 20284.82, "direction": "buy", "amount": 5.0}, {"trade_seq": 2008, "trade_id": "232711567", "timestamp": 1666721369099, "tick_direction": 1, "price": 0.0045, "mark_price": 0.00436862, "iv": 69.35, "instrument_name": "BTC-30DEC22-35000-C", "index_price": 20130.95, "direction": "sell", "amount": 1.5}, {"trade_seq": 2007, "trade_id": "232711566", "timestamp": 1666721369087, "tick_direction": 1, "price": 0.0045, "mark_price": 0.00436862, "iv": 69.35, "instrument_name": "BTC-30DEC22-35000-C", "index_price": 20130.95, "direction": "sell", "amount": 2.5}, {"trade_seq": 2006, "trade_id": "232711556", "timestamp": 1666721354316, "tick_direction": 1, "price": 0.0045, "mark_price": 0.00435869, "iv": 69.37, "instrument_name": "BTC-30DEC22-35000-C", "index_price": 20126.24, "direction": "sell", "amount": 2.0}, {"trade_seq": 2005, "trade_id": "232708928", "timestamp": 1666720569947, "tick_direction": 1, "price": 0.0045, "mark_price": 0.00411043, "iv": 69.59, "instrument_name": "BTC-30DEC22-35000-C", "index_price": 20080.66, "direction": "buy", "amount": 8.0}, {"trade_seq": 2004, "trade_id": "232708556", "timestamp": 1666720471884, "tick_direction": 1, "price": 0.0045, "mark_price": 0.00408755, "iv": 69.6, "instrument_name": "BTC-30DEC22-35000-C", "index_price": 20079.48, "direction": "buy", "amount": 1.4}, {"trade_seq": 2003, "trade_id": "232708555", "timestamp": 1666720471884, "tick_direction": 1, "price": 0.0045, "mark_price": 0.00408755, "iv": 69.6, "instrument_name": "BTC-30DEC22-35000-C", "index_price": 20079.48, "direction": "buy", "amount": 7.5}, {"trade_seq": 2002, "trade_id": "232708554", "timestamp": 1666720471884, "tick_direction": 1, "price": 0.0045, "mark_price": 0.00408755, "iv": 69.6, "instrument_name": "BTC-30DEC22-35000-C", "index_price": 20079.48, "direction": "buy", "amount": 0.1}, {"trade_seq": 2001, "trade_id": "232708553", "timestamp": 1666720471884, "tick_direction": 0, "price": 0.0045, "mark_price": 0.00408755, "iv": 69.6, "instrument_name": "BTC-30DEC22-35000-C", "index_price": 20079.48, "direction": "buy", "amount": 1.0}, {"trade_seq": 2000, "trade_id": "232680207", "timestamp": 1666713569360, "tick_direction": 1, "price": 0.0035, "mark_price": 0.00322736, "iv": 68.37, "instrument_name": "BTC-30DEC22-35000-C", "index_price": 19735.94, "direction": "sell", "amount": 0.1}, {"trade_seq": 1999, "trade_id": "232680194", "timestamp": 1666713569166, "tick_direction": 0, "price": 0.0035, "mark_price": 0.00322736, "iv": 68.37, "instrument_name": "BTC-30DEC22-35000-C", "index_price": 19735.94, "direction": "buy", "amount": 0.9}, {"trade_seq": 1998, "trade_id": "232395910", "timestamp": 1666279941462, "tick_direction": 3, "price": 0.003, "mark_price": 0.00272702, "iv": 66.54, "instrument_name": "BTC-30DEC22-35000-C", "index_price": 19269.66, "direction": "buy", "amount": 1.0}, {"trade_seq": 1997, "trade_id": "232395909", "timestamp": 1666279941462, "tick_direction": 3, "price": 0.003, "mark_price": 0.00272702, "iv": 66.54, "instrument_name": "BTC-30DEC22-35000-C", "index_price": 19269.66, "direction": "buy", "amount": 5.0}, {"trade_seq": 1996, "trade_id": "232343382", "timestamp": 1666221420508, "tick_direction": 3, "price": 0.003, "mark_price": 0.00326407, "iv": 66.83, "instrument_name": "BTC-30DEC22-35000-C", "index_price": 19139.98, "direction": "sell", "amount": 1.0}, {"trade_seq": 1995, "trade_id": "232343381", "timestamp": 1666221420508, "tick_direction": 3, "price": 0.003, "mark_price": 0.00326407, "iv": 66.83, "instrument_name": "BTC-30DEC22-35000-C", "index_price": 19139.98, "direction": "sell", "amount": 2.0}, {"trade_seq": 1994, "trade_id": "232343357", "timestamp": 1666221379511, "tick_direction": 2, "price": 0.003, "mark_price": 0.00326846, "iv": 66.82, "instrument_name": "BTC-30DEC22-35000-C", "index_price": 19142.63, "direction": "sell", "amount": 3.0}, {"trade_seq": 1993, "trade_id": "232320249", "timestamp": 1666188002561, "tick_direction": 2, "price": 0.0034, "mark_price": 0.00345125, "iv": 68.08, "instrument_name": "BTC-30DEC22-35000-C", "index_price": 19119.99, "direction": "buy", "combo_id": "BTC-CBUT-30DEC22-30000_35000_40000", "block_trade_id": "52985", "amount": 100.0}, {"trade_seq": 1992, "trade_id": "232206198", "timestamp": 1666055791260, "tick_direction": 0, "price": 0.0035, "mark_price": 0.0033483, "iv": 65.42, "instrument_name": "BTC-30DEC22-35000-C", "index_price": 19595.35, "direction": "buy", "amount": 1.0}, {"trade_seq": 1991, "trade_id": "232169883", "timestamp": 1666011151817, "tick_direction": 3, "price": 0.003, "mark_price": 0.00337299, "iv": 63.89, "instrument_name": "BTC-30DEC22-35000-C", "index_price": 19544.33, "direction": "sell", "amount": 1.0}, {"trade_seq": 1990, "trade_id": "232169882", "timestamp": 1666011151817, "tick_direction": 3, "price": 0.003, "mark_price": 0.00337299, "iv": 63.89, "instrument_name": "BTC-30DEC22-35000-C", "index_price": 19544.33, "direction": "sell", "amount": 0.9}, {"trade_seq": 1989, "trade_id": "232169881", "timestamp": 1666011151817, "tick_direction": 2, "price": 0.003, "mark_price": 0.00337299, "iv": 63.89, "instrument_name": "BTC-30DEC22-35000-C", "index_price": 19544.33, "direction": "sell", "amount": 0.1}, {"trade_seq": 1988, "trade_id": "232169424", "timestamp": 1666010783071, "tick_direction": 1, "price": 0.0035, "mark_price": 0.00350867, "iv": 65.35, "instrument_name": "BTC-30DEC22-35000-C", "index_price": 19565.72, "direction": "buy", "amount": 0.5}, {"trade_seq": 1987, "trade_id": "232143456", "timestamp": 1665966069686, "tick_direction": 2, "price": 0.0034, "mark_price": 0.00330172, "iv": 66.28, "instrument_name": "BTC-30DEC22-35000-C", "index_price": 19249.73, "direction": "sell", "combo_id": "BTC-CS-30DEC22-30000_35000", "block_trade_id": "52722", "amount": 53.3}, {"trade_seq": 1986, "trade_id": "232104022", "timestamp": 1665873287694, "tick_direction": 3, "price": 0.004, "mark_price": 0.0033995, "iv": 68.31, "instrument_name": "BTC-30DEC22-35000-C", "index_price": 19089.02, "direction": "buy", "amount": 9.0}, {"trade_seq": 1985, "trade_id": "232104021", "timestamp": 1665873287694, "tick_direction": 3, "price": 0.004, "mark_price": 0.0033995, "iv": 68.31, "instrument_name": "BTC-30DEC22-35000-C", "index_price": 19089.02, "direction": "buy", "amount": 1.0}, {"trade_seq": 1984, "trade_id": "232024065", "timestamp": 1665749808323, "tick_direction": 2, "price": 0.004, "mark_price": 0.00395746, "iv": 65.24, "instrument_name": "BTC-30DEC22-35000-C", "index_price": 19613.2, "direction": "buy", "amount": 1.0}, {"trade_seq": 1983, "trade_id": "232021349", "timestamp": 1665747011460, "tick_direction": 2, "price": 0.0045, "mark_price": 0.00403079, "iv": 66.18, "instrument_name": "BTC-30DEC22-35000-C", "index_price": 19689.44, "direction": "buy", "amount": 10.0}, {"trade_seq": 1982, "trade_id": "231935573", "timestamp": 1665682891640, "tick_direction": 1, "price": 0.005, "mark_price": 0.00448552, "iv": 69.52, "instrument_name": "BTC-30DEC22-35000-C", "index_price": 19168.3, "direction": "buy", "amount": 20.0}, {"trade_seq": 1981, "trade_id": "231799967", "timestamp": 1665630477424, "tick_direction": 1, "price": 0.005, "mark_price": 0.00536822, "iv": 69.67, "instrument_name": "BTC-30DEC22-35000-C", "index_price": 19081.53, "direction": "sell", "amount": 1.0}, {"trade_seq": 1980, "trade_id": "231799966", "timestamp": 1665630474779, "tick_direction": 0, "price": 0.005, "mark_price": 0.00536831, "iv": 69.67, "instrument_name": "BTC-30DEC22-35000-C", "index_price": 19081.49, "direction": "sell", "amount": 1.0}, {"trade_seq": 1979, "trade_id": "231660380", "timestamp": 1665447921130, "tick_direction": 1, "price": 0.0055, "mark_price": 0.00493946, "iv": 70.29, "instrument_name": "BTC-30DEC22-35000-C", "index_price": 18996.54, "direction": "buy", "amount": 6.0}, {"trade_seq": 1978, "trade_id": "231656168", "timestamp": 1665446400661, "tick_direction": 1, "price": 0.0055, "mark_price": 0.00496982, "iv": 69.59, "instrument_name": "BTC-30DEC22-35000-C", "index_price": 19131.49, "direction": "buy", "amount": 4.0}, {"trade_seq": 1977, "trade_id": "231656141", "timestamp": 1665446341017, "tick_direction": 1, "price": 0.0055, "mark_price": 0.0049647, "iv": 69.6, "instrument_name": "BTC-30DEC22-35000-C", "index_price": 19132.6, "direction": "buy", "amount": 32.7}, {"trade_seq": 1976, "trade_id": "231656140", "timestamp": 1665446341017, "tick_direction": 1, "price": 0.0055, "mark_price": 0.0049647, "iv": 69.6, "instrument_name": "BTC-30DEC22-35000-C", "index_price": 19132.6, "direction": "buy", "amount": 6.3}, {"trade_seq": 1975, "trade_id": "231656139", "timestamp": 1665446341017, "tick_direction": 0, "price": 0.0055, "mark_price": 0.0049647, "iv": 69.6, "instrument_name": "BTC-30DEC22-35000-C", "index_price": 19132.6, "direction": "buy", "amount": 1.0}, {"trade_seq": 1974, "trade_id": "231646018", "timestamp": 1665435257197, "tick_direction": 2, "price": 0.0045, "mark_price": 0.00497256, "iv": 66.72, "instrument_name": "BTC-30DEC22-35000-C", "index_price": 19236.15, "direction": "sell", "amount": 0.2}, {"trade_seq": 1973, "trade_id": "231529146", "timestamp": 1665310924775, "tick_direction": 2, "price": 0.0045, "mark_price": 0.00490183, "iv": 65.31, "instrument_name": "BTC-30DEC22-35000-C", "index_price": 19421.65, "direction": "buy", "amount": 0.3}, {"trade_seq": 1972, "trade_id": "231523897", "timestamp": 1665298379734, "tick_direction": 3, "price": 0.005, "mark_price": 0.00551884, "iv": 66.37, "instrument_name": "BTC-30DEC22-35000-C", "index_price": 19438.78, "direction": "sell", "amount": 2.0}, {"trade_seq": 1971, "trade_id": "231523896", "timestamp": 1665298369420, "tick_direction": 3, "price": 0.005, "mark_price": 0.00551788, "iv": 66.37, "instrument_name": "BTC-30DEC22-35000-C", "index_price": 19438.39, "direction": "sell", "amount": 1.0}, {"trade_seq": 1970, "trade_id": "231523791", "timestamp": 1665298190641, "tick_direction": 3, "price": 0.005, "mark_price": 0.00548851, "iv": 66.46, "instrument_name": "BTC-30DEC22-35000-C", "index_price": 19417.28, "direction": "buy", "amount": 0.1}, {"trade_seq": 1969, "trade_id": "231523790", "timestamp": 1665298190638, "tick_direction": 3, "price": 0.005, "mark_price": 0.00548851, "iv": 66.46, "instrument_name": "BTC-30DEC22-35000-C", "index_price": 19417.28, "direction": "sell", "amount": 0.1}, {"trade_seq": 1968, "trade_id": "231523789", "timestamp": 1665298190638, "tick_direction": 2, "price": 0.005, "mark_price": 0.00548851, "iv": 66.46, "instrument_name": "BTC-30DEC22-35000-C", "index_price": 19417.28, "direction": "sell", "amount": 4.8}, {"trade_seq": 1967, "trade_id": "231489351", "timestamp": 1665221530849, "tick_direction": 3, "price": 0.0055, "mark_price": 0.00568435, "iv": 66.91, "instrument_name": "BTC-30DEC22-35000-C", "index_price": 19485.62, "direction": "buy", "amount": 1.0}, {"trade_seq": 1966, "trade_id": "231489312", "timestamp": 1665221502137, "tick_direction": 2, "price": 0.0055, "mark_price": 0.00568775, "iv": 66.89, "instrument_name": "BTC-30DEC22-35000-C", "index_price": 19488.31, "direction": "buy", "amount": 1.0}, {"trade_seq": 1965, "trade_id": "231384917", "timestamp": 1665144190937, "tick_direction": 2, "price": 0.0068, "mark_price": 0.00691607, "iv": 66.65, "instrument_name": "BTC-30DEC22-35000-C", "index_price": 20007.56, "direction": "sell", "combo_id": "BTC-CS-30DEC22-30000_35000", "block_trade_id": "51827", "amount": 25.0}, {"trade_seq": 1964, "trade_id": "231330559", "timestamp": 1665085706542, "tick_direction": 2, "price": 0.009, "mark_price": 0.00848556, "iv": 69.97, "instrument_name": "BTC-30DEC22-35000-C", "index_price": 20037.44, "direction": "buy", "amount": 1.0}, {"trade_seq": 1963, "trade_id": "231138222", "timestamp": 1664918757684, "tick_direction": 0, "price": 0.01, "mark_price": 0.00945252, "iv": 69.23, "instrument_name": "BTC-30DEC22-35000-C", "index_price": 20348.96, "direction": "buy", "amount": 0.1}, {"trade_seq": 1962, "trade_id": "231078213", "timestamp": 1664872598269, "tick_direction": 0, "price": 0.0087, "mark_price": 0.00845821, "iv": 68.97, "instrument_name": "BTC-30DEC22-35000-C", "index_price": 19939.23, "direction": "buy", "combo_id": "BTC-CBUT-30DEC22-25000_30000_35000", "block_trade_id": "51459", "amount": 1000.0}, {"trade_seq": 1961, "trade_id": "230994922", "timestamp": 1664803338596, "tick_direction": 0, "price": 0.0072, "mark_price": 0.00743036, "iv": 69.21, "instrument_name": "BTC-30DEC22-35000-C", "index_price": 19271.87, "direction": "sell", "combo_id": "BTC-CBUT-30DEC22-30000_35000_40000", "block_trade_id": "51344", "amount": 500.0}, {"trade_seq": 1960, "trade_id": "230958642", "timestamp": 1664763256250, "tick_direction": 3, "price": 0.007, "mark_price": 0.00757514, "iv": 69.03, "instrument_name": "BTC-30DEC22-35000-C", "index_price": 19194.62, "direction": "sell", "amount": 1.2}, {"trade_seq": 1959, "trade_id": "230958641", "timestamp": 1664763256250, "tick_direction": 2, "price": 0.007, "mark_price": 0.00757514, "iv": 69.03, "instrument_name": "BTC-30DEC22-35000-C", "index_price": 19194.62, "direction": "sell", "amount": 4.9}, {"trade_seq": 1958, "trade_id": "230815842", "timestamp": 1664557947746, "tick_direction": 0, "price": 0.0085, "mark_price": 0.00815395, "iv": 68.1, "instrument_name": "BTC-30DEC22-35000-C", "index_price": 19755.49, "direction": "sell", "amount": 0.3}, {"trade_seq": 1957, "trade_id": "230815398", "timestamp": 1664557522219, "tick_direction": 2, "price": 0.0077, "mark_price": 0.00795274, "iv": 67.02, "instrument_name": "BTC-30DEC22-35000-C", "index_price": 19704.74, "direction": "sell", "combo_id": "BTC-CBUT-30DEC22-30000_35000_40000", "block_trade_id": "51210", "amount": 500.0}, {"trade_seq": 1956, "trade_id": "230794576", "timestamp": 1664551503163, "tick_direction": 2, "price": 0.0085, "mark_price": 0.00893722, "iv": 66.52, "instrument_name": "BTC-30DEC22-35000-C", "index_price": 20090.04, "direction": "sell", "amount": 0.1}, {"trade_seq": 1955, "trade_id": "230655942", "timestamp": 1664466145430, "tick_direction": 3, "price": 0.0088, "mark_price": 0.00899972, "iv": 70.44, "instrument_name": "BTC-30DEC22-35000-C", "index_price": 19273.68, "direction": "sell", "combo_id": "BTC-CBUT-30DEC22-30000_35000_40000", "block_trade_id": "50993", "amount": 500.0}, {"trade_seq": 1954, "trade_id": "230655872", "timestamp": 1664465995576, "tick_direction": 3, "price": 0.0088, "mark_price": 0.00898938, "iv": 70.46, "instrument_name": "BTC-30DEC22-35000-C", "index_price": 19269.15, "direction": "sell", "combo_id": "BTC-CBUT-30DEC22-30000_35000_40000", "block_trade_id": "50992", "amount": 500.0}, {"trade_seq": 1953, "trade_id": "230655792", "timestamp": 1664465867412, "tick_direction": 2, "price": 0.0088, "mark_price": 0.00896628, "iv": 70.5, "instrument_name": "BTC-30DEC22-35000-C", "index_price": 19256.8, "direction": "sell", "combo_id": "BTC-CBUT-30DEC22-30000_35000_40000", "block_trade_id": "50991", "amount": 500.0}, {"trade_seq": 1952, "trade_id": "230606886", "timestamp": 1664433383512, "tick_direction": 1, "price": 0.01, "mark_price": 0.01049276, "iv": 71.81, "instrument_name": "BTC-30DEC22-35000-C", "index_price": 19341.76, "direction": "sell", "amount": 2.5}, {"trade_seq": 1951, "trade_id": "230606885", "timestamp": 1664433382159, "tick_direction": 1, "price": 0.01, "mark_price": 0.01049161, "iv": 71.81, "instrument_name": "BTC-30DEC22-35000-C", "index_price": 19341.84, "direction": "sell", "amount": 2.5}, {"trade_seq": 1950, "trade_id": "230587222", "timestamp": 1664413759051, "tick_direction": 0, "price": 0.01, "mark_price": 0.0101867, "iv": 71.2, "instrument_name": "BTC-30DEC22-35000-C", "index_price": 19452.14, "direction": "buy", "amount": 0.1}, {"trade_seq": 1949, "trade_id": "230541831", "timestamp": 1664380049003, "tick_direction": 3, "price": 0.0093, "mark_price": 0.00953538, "iv": 70.17, "instrument_name": "BTC-30DEC22-35000-C", "index_price": 19424.49, "direction": "sell", "combo_id": "BTC-CBUT-30DEC22-30000_35000_40000", "block_trade_id": "50845", "amount": 500.0}, {"trade_seq": 1948, "trade_id": "230541598", "timestamp": 1664379881293, "tick_direction": 2, "price": 0.0093, "mark_price": 0.009455, "iv": 70.29, "instrument_name": "BTC-30DEC22-35000-C", "index_price": 19391.85, "direction": "sell", "combo_id": "BTC-CBUT-30DEC22-30000_35000_40000", "block_trade_id": "50844", "amount": 1000.0}, {"trade_seq": 1947, "trade_id": "230502500", "timestamp": 1664364457745, "tick_direction": 1, "price": 0.0095, "mark_price": 0.00906369, "iv": 72.7, "instrument_name": "BTC-30DEC22-35000-C", "index_price": 18920.93, "direction": "buy", "amount": 11.8}, {"trade_seq": 1946, "trade_id": "230502428", "timestamp": 1664364397018, "tick_direction": 1, "price": 0.0095, "mark_price": 0.00909266, "iv": 72.67, "instrument_name": "BTC-30DEC22-35000-C", "index_price": 18925.55, "direction": "sell", "amount": 0.5}, {"trade_seq": 1945, "trade_id": "230502427", "timestamp": 1664364396914, "tick_direction": 1, "price": 0.0095, "mark_price": 0.00909235, "iv": 72.67, "instrument_name": "BTC-30DEC22-35000-C", "index_price": 18925.55, "direction": "sell", "amount": 5.0}, {"trade_seq": 1944, "trade_id": "230502426", "timestamp": 1664364396908, "tick_direction": 1, "price": 0.0095, "mark_price": 0.00909235, "iv": 72.67, "instrument_name": "BTC-30DEC22-35000-C", "index_price": 18925.55, "direction": "sell", "amount": 3.8}, {"trade_seq": 1943, "trade_id": "230502424", "timestamp": 1664364396759, "tick_direction": 1, "price": 0.0095, "mark_price": 0.00909235, "iv": 72.67, "instrument_name": "BTC-30DEC22-35000-C", "index_price": 18925.55, "direction": "sell", "amount": 19.9}, {"trade_seq": 1942, "trade_id": "230502423", "timestamp": 1664364396741, "tick_direction": 1, "price": 0.0095, "mark_price": 0.00909235, "iv": 72.67, "instrument_name": "BTC-30DEC22-35000-C", "index_price": 18925.55, "direction": "sell", "amount": 32.1}, {"trade_seq": 1941, "trade_id": "230502422", "timestamp": 1664364396713, "tick_direction": 1, "price": 0.0095, "mark_price": 0.00909235, "iv": 72.67, "instrument_name": "BTC-30DEC22-35000-C", "index_price": 18925.55, "direction": "buy", "amount": 0.9}, {"trade_seq": 1940, "trade_id": "230502421", "timestamp": 1664364396713, "tick_direction": 1, "price": 0.0095, "mark_price": 0.00909235, "iv": 72.67, "instrument_name": "BTC-30DEC22-35000-C", "index_price": 18925.55, "direction": "buy", "amount": 2.0}, {"trade_seq": 1939, "trade_id": "230502420", "timestamp": 1664364396713, "tick_direction": 1, "price": 0.0095, "mark_price": 0.00909235, "iv": 72.67, "instrument_name": "BTC-30DEC22-35000-C", "index_price": 18925.55, "direction": "buy", "amount": 11.8}, {"trade_seq": 1938, "trade_id": "230502419", "timestamp": 1664364396713, "tick_direction": 1, "price": 0.0095, "mark_price": 0.00909235, "iv": 72.67, "instrument_name": "BTC-30DEC22-35000-C", "index_price": 18925.55, "direction": "buy", "amount": 4.0}, {"trade_seq": 1937, "trade_id": "230502418", "timestamp": 1664364396713, "tick_direction": 1, "price": 0.0095, "mark_price": 0.00909235, "iv": 72.67, "instrument_name": "BTC-30DEC22-35000-C", "index_price": 18925.55, "direction": "buy", "amount": 15.0}, {"trade_seq": 1936, "trade_id": "230502417", "timestamp": 1664364396713, "tick_direction": 1, "price": 0.0095, "mark_price": 0.00909235, "iv": 72.67, "instrument_name": "BTC-30DEC22-35000-C", "index_price": 18925.55, "direction": "buy", "amount": 5.0}, {"trade_seq": 1935, "trade_id": "230499576", "timestamp": 1664363101003, "tick_direction": 1, "price": 0.0095, "mark_price": 0.00944131, "iv": 72.7, "instrument_name": "BTC-30DEC22-35000-C", "index_price": 18911.63, "direction": "sell", "amount": 23.6}, {"trade_seq": 1934, "trade_id": "230499509", "timestamp": 1664363091699, "tick_direction": 1, "price": 0.0095, "mark_price": 0.00948459, "iv": 72.63, "instrument_name": "BTC-30DEC22-35000-C", "index_price": 18926.9, "direction": "sell", "amount": 20.0}, {"trade_seq": 1933, "trade_id": "230499491", "timestamp": 1664363086260, "tick_direction": 1, "price": 0.0095, "mark_price": 0.00950661, "iv": 72.6, "instrument_name": "BTC-30DEC22-35000-C", "index_price": 18933.72, "direction": "sell", "amount": 20.0}, {"trade_seq": 1932, "trade_id": "230499488", "timestamp": 1664363080352, "tick_direction": 1, "price": 0.0095, "mark_price": 0.00951179, "iv": 72.59, "instrument_name": "BTC-30DEC22-35000-C", "index_price": 18937.15, "direction": "sell", "amount": 20.0}, {"trade_seq": 1931, "trade_id": "230499475", "timestamp": 1664363074635, "tick_direction": 1, "price": 0.0095, "mark_price": 0.00950339, "iv": 72.59, "instrument_name": "BTC-30DEC22-35000-C", "index_price": 18937.33, "direction": "sell", "amount": 20.0}, {"trade_seq": 1930, "trade_id": "230499470", "timestamp": 1664363067972, "tick_direction": 1, "price": 0.0095, "mark_price": 0.00953691, "iv": 72.54, "instrument_name": "BTC-30DEC22-35000-C", "index_price": 18948.32, "direction": "sell", "amount": 20.0}, {"trade_seq": 1929, "trade_id": "230499189", "timestamp": 1664362967055, "tick_direction": 1, "price": 0.0095, "mark_price": 0.00963988, "iv": 72.34, "instrument_name": "BTC-30DEC22-35000-C", "index_price": 18991.49, "direction": "sell", "amount": 50.0}, {"trade_seq": 1928, "trade_id": "230499071", "timestamp": 1664362933681, "tick_direction": 1, "price": 0.0095, "mark_price": 0.00966294, "iv": 72.3, "instrument_name": "BTC-30DEC22-35000-C", "index_price": 18998.17, "direction": "sell", "amount": 20.4}, {"trade_seq": 1927, "trade_id": "230499070", "timestamp": 1664362933667, "tick_direction": 1, "price": 0.0095, "mark_price": 0.00966294, "iv": 72.3, "instrument_name": "BTC-30DEC22-35000-C", "index_price": 18998.17, "direction": "sell", "amount": 19.8}, {"trade_seq": 1926, "trade_id": "230498996", "timestamp": 1664362868062, "tick_direction": 1, "price": 0.0095, "mark_price": 0.00967965, "iv": 72.25, "instrument_name": "BTC-30DEC22-35000-C", "index_price": 19010.81, "direction": "sell", "amount": 19.8}, {"trade_seq": 1925, "trade_id": "230497994", "timestamp": 1664362216940, "tick_direction": 0, "price": 0.0095, "mark_price": 0.00952897, "iv": 72.22, "instrument_name": "BTC-30DEC22-35000-C", "index_price": 19017.94, "direction": "sell", "amount": 16.4}, {"trade_seq": 1924, "trade_id": "230436451", "timestamp": 1664330363214, "tick_direction": 2, "price": 0.008, "mark_price": 0.00798803, "iv": 69.8, "instrument_name": "BTC-30DEC22-35000-C", "index_price": 18999.48, "direction": "buy", "amount": 0.5}, {"trade_seq": 1923, "trade_id": "230333020", "timestamp": 1664266116205, "tick_direction": 2, "price": 0.01, "mark_price": 0.01025077, "iv": 67.14, "instrument_name": "BTC-30DEC22-35000-C", "index_price": 20201.25, "direction": "sell", "amount": 0.6}, {"trade_seq": 1922, "trade_id": "230331065", "timestamp": 1664265104419, "tick_direction": 0, "price": 0.0104, "mark_price": 0.01040057, "iv": 67.52, "instrument_name": "BTC-30DEC22-35000-C", "index_price": 20234.23, "direction": "sell", "block_trade_id": "50475", "amount": 25.0}, {"trade_seq": 1921, "trade_id": "230327937", "timestamp": 1664262743631, "tick_direction": 3, "price": 0.01, "mark_price": 0.010422, "iv": 67.21, "instrument_name": "BTC-30DEC22-35000-C", "index_price": 20182.89, "direction": "sell", "amount": 2.5}, {"trade_seq": 1920, "trade_id": "230327935", "timestamp": 1664262740899, "tick_direction": 2, "price": 0.01, "mark_price": 0.01042398, "iv": 67.21, "instrument_name": "BTC-30DEC22-35000-C", "index_price": 20181.79, "direction": "sell", "amount": 2.5}, {"trade_seq": 1919, "trade_id": "230325470", "timestamp": 1664260581656, "tick_direction": 0, "price": 0.0105, "mark_price": 0.01045759, "iv": 67.64, "instrument_name": "BTC-30DEC22-35000-C", "index_price": 20237.67, "direction": "buy", "amount": 1.0}, {"trade_seq": 1918, "trade_id": "230271759", "timestamp": 1664234318952, "tick_direction": 0, "price": 0.0085, "mark_price": 0.00832903, "iv": 69.45, "instrument_name": "BTC-30DEC22-35000-C", "index_price": 19173.88, "direction": "buy", "amount": 10.0}, {"trade_seq": 1917, "trade_id": "230066286", "timestamp": 1663975067849, "tick_direction": 2, "price": 0.008, "mark_price": 0.00825214, "iv": 66.71, "instrument_name": "BTC-30DEC22-35000-C", "index_price": 19344.93, "direction": "sell", "amount": 0.3}, {"trade_seq": 1916, "trade_id": "229994478", "timestamp": 1663926013087, "tick_direction": 3, "price": 0.0085, "mark_price": 0.00822697, "iv": 68.9, "instrument_name": "BTC-30DEC22-35000-C", "index_price": 19007.12, "direction": "buy", "amount": 5.2}, {"trade_seq": 1915, "trade_id": "229994477", "timestamp": 1663926012755, "tick_direction": 2, "price": 0.0085, "mark_price": 0.00822697, "iv": 68.91, "instrument_name": "BTC-30DEC22-35000-C", "index_price": 19005.46, "direction": "buy", "amount": 5.6}, {"trade_seq": 1914, "trade_id": "229922372", "timestamp": 1663857283603, "tick_direction": 3, "price": 0.0095, "mark_price": 0.00967882, "iv": 70.17, "instrument_name": "BTC-30DEC22-35000-C", "index_price": 18985.54, "direction": "sell", "block_trade_id": "50057", "amount": 100.0}, {"trade_seq": 1913, "trade_id": "229834806", "timestamp": 1663795030201, "tick_direction": 3, "price": 0.0095, "mark_price": 0.0084182, "iv": 71.68, "instrument_name": "BTC-30DEC22-35000-C", "index_price": 18606.21, "direction": "buy", "amount": 0.8}, {"trade_seq": 1912, "trade_id": "229834805", "timestamp": 1663795030201, "tick_direction": 3, "price": 0.0095, "mark_price": 0.0084182, "iv": 71.68, "instrument_name": "BTC-30DEC22-35000-C", "index_price": 18606.21, "direction": "buy", "amount": 0.9}, {"trade_seq": 1911, "trade_id": "229834804", "timestamp": 1663795030201, "tick_direction": 3, "price": 0.0095, "mark_price": 0.0084182, "iv": 71.68, "instrument_name": "BTC-30DEC22-35000-C", "index_price": 18606.21, "direction": "buy", "amount": 6.8}, {"trade_seq": 1910, "trade_id": "229703494", "timestamp": 1663755377041, "tick_direction": 3, "price": 0.0095, "mark_price": 0.01001314, "iv": 69.65, "instrument_name": "BTC-30DEC22-35000-C", "index_price": 19007.91, "direction": "sell", "amount": 5.9}, {"trade_seq": 1909, "trade_id": "229703492", "timestamp": 1663755376466, "tick_direction": 3, "price": 0.0095, "mark_price": 0.01001314, "iv": 69.65, "instrument_name": "BTC-30DEC22-35000-C", "index_price": 19007.31, "direction": "buy", "amount": 4.0}, {"trade_seq": 1908, "trade_id": "229703488", "timestamp": 1663755376417, "tick_direction": 3, "price": 0.0095, "mark_price": 0.01001348, "iv": 69.65, "instrument_name": "BTC-30DEC22-35000-C", "index_price": 19007.31, "direction": "sell", "amount": 6.4}, {"trade_seq": 1907, "trade_id": "229667134", "timestamp": 1663712551974, "tick_direction": 3, "price": 0.0095, "mark_price": 0.00999037, "iv": 69.96, "instrument_name": "BTC-30DEC22-35000-C", "index_price": 18901.73, "direction": "sell", "amount": 0.1}, {"trade_seq": 1906, "trade_id": "229664389", "timestamp": 1663710269650, "tick_direction": 2, "price": 0.0095, "mark_price": 0.00976668, "iv": 69.8, "instrument_name": "BTC-30DEC22-35000-C", "index_price": 18927.42, "direction": "sell", "amount": 0.1}, {"trade_seq": 1905, "trade_id": "229660959", "timestamp": 1663705678833, "tick_direction": 1, "price": 0.01, "mark_price": 0.00998335, "iv": 69.99, "instrument_name": "BTC-30DEC22-35000-C", "index_price": 19047.1, "direction": "sell", "combo_id": "BTC-CS-30DEC22-25000_35000", "block_trade_id": "49855", "amount": 45.5}, {"trade_seq": 1904, "trade_id": "229644888", "timestamp": 1663692719086, "tick_direction": 1, "price": 0.01, "mark_price": 0.0100482, "iv": 69.65, "instrument_name": "BTC-30DEC22-35000-C", "index_price": 19106.72, "direction": "buy", "amount": 4.0}, {"trade_seq": 1903, "trade_id": "229644677", "timestamp": 1663692396915, "tick_direction": 1, "price": 0.01, "mark_price": 0.01014956, "iv": 69.62, "instrument_name": "BTC-30DEC22-35000-C", "index_price": 19119.45, "direction": "buy", "amount": 4.0}, {"trade_seq": 1902, "trade_id": "229635557", "timestamp": 1663685376434, "tick_direction": 1, "price": 0.01, "mark_price": 0.0102514, "iv": 69.98, "instrument_name": "BTC-30DEC22-35000-C", "index_price": 19030.29, "direction": "sell", "amount": 6.0}, {"trade_seq": 1901, "trade_id": "229631006", "timestamp": 1663681684452, "tick_direction": 1, "price": 0.01, "mark_price": 0.00966742, "iv": 70.41, "instrument_name": "BTC-30DEC22-35000-C", "index_price": 18922.6, "direction": "buy", "combo_id": "BTC-CS-30DEC22-25000_35000", "block_trade_id": "49823", "amount": 50.0}, {"trade_seq": 1900, "trade_id": "229630044", "timestamp": 1663681420828, "tick_direction": 1, "price": 0.01, "mark_price": 0.00916701, "iv": 70.98, "instrument_name": "BTC-30DEC22-35000-C", "index_price": 18797.92, "direction": "buy", "amount": 5.0}, {"trade_seq": 1899, "trade_id": "229630043", "timestamp": 1663681420828, "tick_direction": 1, "price": 0.01, "mark_price": 0.00916701, "iv": 70.98, "instrument_name": "BTC-30DEC22-35000-C", "index_price": 18797.92, "direction": "buy", "amount": 3.6}, {"trade_seq": 1898, "trade_id": "229630042", "timestamp": 1663681420828, "tick_direction": 0, "price": 0.01, "mark_price": 0.00916701, "iv": 70.98, "instrument_name": "BTC-30DEC22-35000-C", "index_price": 18797.92, "direction": "buy", "amount": 4.3}, {"trade_seq": 1897, "trade_id": "229630033", "timestamp": 1663681417718, "tick_direction": 3, "price": 0.0095, "mark_price": 0.00914964, "iv": 70.29, "instrument_name": "BTC-30DEC22-35000-C", "index_price": 18792.93, "direction": "buy", "amount": 4.0}, {"trade_seq": 1896, "trade_id": "229630032", "timestamp": 1663681417718, "tick_direction": 2, "price": 0.0095, "mark_price": 0.00914964, "iv": 70.29, "instrument_name": "BTC-30DEC22-35000-C", "index_price": 18792.93, "direction": "buy", "amount": 4.3}, {"trade_seq": 1895, "trade_id": "229582856", "timestamp": 1663643775963, "tick_direction": 3, "price": 0.0115, "mark_price": 0.01190438, "iv": 70.06, "instrument_name": "BTC-30DEC22-35000-C", "index_price": 19432.39, "direction": "sell", "amount": 0.1}, {"trade_seq": 1894, "trade_id": "229582855", "timestamp": 1663643775949, "tick_direction": 2, "price": 0.0115, "mark_price": 0.01190438, "iv": 70.06, "instrument_name": "BTC-30DEC22-35000-C", "index_price": 19432.39, "direction": "sell", "amount": 0.1}, {"trade_seq": 1893, "trade_id": "229581467", "timestamp": 1663639985552, "tick_direction": 0, "price": 0.012, "mark_price": 0.01135285, "iv": 70.69, "instrument_name": "BTC-30DEC22-35000-C", "index_price": 19432.26, "direction": "buy", "amount": 3.0}, {"trade_seq": 1892, "trade_id": "229530545", "timestamp": 1663600194462, "tick_direction": 0, "price": 0.011, "mark_price": 0.01137945, "iv": 69.93, "instrument_name": "BTC-30DEC22-35000-C", "index_price": 19281.04, "direction": "sell", "amount": 0.8}, {"trade_seq": 1891, "trade_id": "229529712", "timestamp": 1663599450623, "tick_direction": 2, "price": 0.0109, "mark_price": 0.01137962, "iv": 69.73, "instrument_name": "BTC-30DEC22-35000-C", "index_price": 19297.81, "direction": "sell", "combo_id": "BTC-RR-30DEC22-17000_35000", "block_trade_id": "49726", "amount": 25.0}, {"trade_seq": 1890, "trade_id": "229410760", "timestamp": 1663519053408, "tick_direction": 2, "price": 0.012, "mark_price": 0.01265187, "iv": 68.87, "instrument_name": "BTC-30DEC22-35000-C", "index_price": 19730.71, "direction": "sell", "amount": 0.1}, {"trade_seq": 1889, "trade_id": "229379690", "timestamp": 1663441793316, "tick_direction": 1, "price": 0.0135, "mark_price": 0.01257144, "iv": 69.19, "instrument_name": "BTC-30DEC22-35000-C", "index_price": 19991.85, "direction": "buy", "amount": 1.8}, {"trade_seq": 1888, "trade_id": "229377592", "timestamp": 1663435235628, "tick_direction": 0, "price": 0.0135, "mark_price": 0.01266227, "iv": 68.66, "instrument_name": "BTC-30DEC22-35000-C", "index_price": 20107.12, "direction": "buy", "amount": 2.0}, {"trade_seq": 1887, "trade_id": "229355634", "timestamp": 1663381816759, "tick_direction": 3, "price": 0.0125, "mark_price": 0.01287279, "iv": 68.23, "instrument_name": "BTC-30DEC22-35000-C", "index_price": 19897.73, "direction": "buy", "amount": 4.4}, {"trade_seq": 1886, "trade_id": "229355633", "timestamp": 1663381816754, "tick_direction": 2, "price": 0.0125, "mark_price": 0.01287279, "iv": 68.23, "instrument_name": "BTC-30DEC22-35000-C", "index_price": 19897.73, "direction": "sell", "amount": 5.6}, {"trade_seq": 1885, "trade_id": "229259221", "timestamp": 1663257053930, "tick_direction": 1, "price": 0.016, "mark_price": 0.01623256, "iv": 72.33, "instrument_name": "BTC-30DEC22-35000-C", "index_price": 19731.26, "direction": "sell", "amount": 0.1}, {"trade_seq": 1884, "trade_id": "229259220", "timestamp": 1663257053906, "tick_direction": 1, "price": 0.016, "mark_price": 0.01623256, "iv": 72.33, "instrument_name": "BTC-30DEC22-35000-C", "index_price": 19731.26, "direction": "sell", "amount": 0.1}, {"trade_seq": 1883, "trade_id": "229259219", "timestamp": 1663257053894, "tick_direction": 1, "price": 0.016, "mark_price": 0.01623256, "iv": 72.33, "instrument_name": "BTC-30DEC22-35000-C", "index_price": 19731.26, "direction": "sell", "amount": 0.1}, {"trade_seq": 1882, "trade_id": "229259218", "timestamp": 1663257053871, "tick_direction": 1, "price": 0.016, "mark_price": 0.01623256, "iv": 72.33, "instrument_name": "BTC-30DEC22-35000-C", "index_price": 19731.26, "direction": "sell", "amount": 0.2}, {"trade_seq": 1881, "trade_id": "229259217", "timestamp": 1663257053858, "tick_direction": 1, "price": 0.016, "mark_price": 0.01623256, "iv": 72.33, "instrument_name": "BTC-30DEC22-35000-C", "index_price": 19731.26, "direction": "sell", "amount": 0.1}, {"trade_seq": 1880, "trade_id": "229259216", "timestamp": 1663257053839, "tick_direction": 1, "price": 0.016, "mark_price": 0.01623256, "iv": 72.33, "instrument_name": "BTC-30DEC22-35000-C", "index_price": 19731.26, "direction": "sell", "amount": 0.2}, {"trade_seq": 1879, "trade_id": "229259215", "timestamp": 1663257053791, "tick_direction": 1, "price": 0.016, "mark_price": 0.01623256, "iv": 72.33, "instrument_name": "BTC-30DEC22-35000-C", "index_price": 19731.26, "direction": "sell", "amount": 0.2}, {"trade_seq": 1878, "trade_id": "229259211", "timestamp": 1663257052705, "tick_direction": 1, "price": 0.016, "mark_price": 0.01623912, "iv": 72.32, "instrument_name": "BTC-30DEC22-35000-C", "index_price": 19732.92, "direction": "sell", "amount": 0.1}, {"trade_seq": 1877, "trade_id": "229259207", "timestamp": 1663257040104, "tick_direction": 1, "price": 0.016, "mark_price": 0.01627597, "iv": 72.28, "instrument_name": "BTC-30DEC22-35000-C", "index_price": 19741.09, "direction": "sell", "amount": 0.1}, {"trade_seq": 1876, "trade_id": "229259206", "timestamp": 1663257040091, "tick_direction": 1, "price": 0.016, "mark_price": 0.01627597, "iv": 72.28, "instrument_name": "BTC-30DEC22-35000-C", "index_price": 19741.09, "direction": "sell", "amount": 0.1}, {"trade_seq": 1875, "trade_id": "229259205", "timestamp": 1663257040078, "tick_direction": 1, "price": 0.016, "mark_price": 0.01627597, "iv": 72.28, "instrument_name": "BTC-30DEC22-35000-C", "index_price": 19741.09, "direction": "sell", "amount": 0.1}, {"trade_seq": 1874, "trade_id": "229259204", "timestamp": 1663257039618, "tick_direction": 1, "price": 0.016, "mark_price": 0.01627597, "iv": 72.28, "instrument_name": "BTC-30DEC22-35000-C", "index_price": 19741.09, "direction": "sell", "amount": 0.2}, {"trade_seq": 1873, "trade_id": "229259203", "timestamp": 1663257039528, "tick_direction": 1, "price": 0.016, "mark_price": 0.01627887, "iv": 72.28, "instrument_name": "BTC-30DEC22-35000-C", "index_price": 19741.09, "direction": "sell", "amount": 0.1}, {"trade_seq": 1872, "trade_id": "229259202", "timestamp": 1663257039512, "tick_direction": 1, "price": 0.016, "mark_price": 0.01627887, "iv": 72.28, "instrument_name": "BTC-30DEC22-35000-C", "index_price": 19741.09, "direction": "sell", "amount": 0.1}, {"trade_seq": 1871, "trade_id": "229259201", "timestamp": 1663257039456, "tick_direction": 1, "price": 0.016, "mark_price": 0.01627887, "iv": 72.28, "instrument_name": "BTC-30DEC22-35000-C", "index_price": 19741.09, "direction": "sell", "amount": 0.2}, {"trade_seq": 1870, "trade_id": "229259200", "timestamp": 1663257037768, "tick_direction": 1, "price": 0.016, "mark_price": 0.01627904, "iv": 72.28, "instrument_name": "BTC-30DEC22-35000-C", "index_price": 19741.87, "direction": "sell", "amount": 0.1}, {"trade_seq": 1869, "trade_id": "229259196", "timestamp": 1663257028492, "tick_direction": 1, "price": 0.016, "mark_price": 0.01629545, "iv": 72.26, "instrument_name": "BTC-30DEC22-35000-C", "index_price": 19745.08, "direction": "sell", "amount": 0.1}, {"trade_seq": 1868, "trade_id": "229257364", "timestamp": 1663255508915, "tick_direction": 1, "price": 0.016, "mark_price": 0.01588071, "iv": 72.36, "instrument_name": "BTC-30DEC22-35000-C", "index_price": 19715.38, "direction": "sell", "amount": 0.1}, {"trade_seq": 1867, "trade_id": "229257363", "timestamp": 1663255508898, "tick_direction": 1, "price": 0.016, "mark_price": 0.01588071, "iv": 72.36, "instrument_name": "BTC-30DEC22-35000-C", "index_price": 19715.38, "direction": "sell", "amount": 0.1}, {"trade_seq": 1866, "trade_id": "229257362", "timestamp": 1663255508882, "tick_direction": 1, "price": 0.016, "mark_price": 0.01588071, "iv": 72.36, "instrument_name": "BTC-30DEC22-35000-C", "index_price": 19715.38, "direction": "sell", "amount": 0.1}, {"trade_seq": 1865, "trade_id": "229257361", "timestamp": 1663255508868, "tick_direction": 1, "price": 0.016, "mark_price": 0.01588071, "iv": 72.36, "instrument_name": "BTC-30DEC22-35000-C", "index_price": 19715.38, "direction": "sell", "amount": 0.2}, {"trade_seq": 1864, "trade_id": "229257359", "timestamp": 1663255508220, "tick_direction": 1, "price": 0.016, "mark_price": 0.01590419, "iv": 72.33, "instrument_name": "BTC-30DEC22-35000-C", "index_price": 19721.23, "direction": "sell", "amount": 0.1}, {"trade_seq": 1863, "trade_id": "229257295", "timestamp": 1663255476712, "tick_direction": 1, "price": 0.016, "mark_price": 0.0159556, "iv": 72.25, "instrument_name": "BTC-30DEC22-35000-C", "index_price": 19745.06, "direction": "sell", "amount": 0.1}, {"trade_seq": 1862, "trade_id": "229257294", "timestamp": 1663255476702, "tick_direction": 1, "price": 0.016, "mark_price": 0.0159556, "iv": 72.25, "instrument_name": "BTC-30DEC22-35000-C", "index_price": 19745.06, "direction": "sell", "amount": 0.1}, {"trade_seq": 1861, "trade_id": "229257293", "timestamp": 1663255476565, "tick_direction": 1, "price": 0.016, "mark_price": 0.0159556, "iv": 72.25, "instrument_name": "BTC-30DEC22-35000-C", "index_price": 19745.06, "direction": "sell", "amount": 0.1}, {"trade_seq": 1860, "trade_id": "229257291", "timestamp": 1663255476543, "tick_direction": 1, "price": 0.016, "mark_price": 0.0159556, "iv": 72.25, "instrument_name": "BTC-30DEC22-35000-C", "index_price": 19745.06, "direction": "sell", "amount": 0.2}, {"trade_seq": 1859, "trade_id": "229257290", "timestamp": 1663255476535, "tick_direction": 1, "price": 0.016, "mark_price": 0.0159556, "iv": 72.25, "instrument_name": "BTC-30DEC22-35000-C", "index_price": 19745.06, "direction": "sell", "amount": 0.2}, {"trade_seq": 1858, "trade_id": "229257289", "timestamp": 1663255476519, "tick_direction": 1, "price": 0.016, "mark_price": 0.0159556, "iv": 72.25, "instrument_name": "BTC-30DEC22-35000-C", "index_price": 19745.06, "direction": "sell", "amount": 0.1}, {"trade_seq": 1857, "trade_id": "229257288", "timestamp": 1663255476516, "tick_direction": 1, "price": 0.016, "mark_price": 0.0159556, "iv": 72.25, "instrument_name": "BTC-30DEC22-35000-C", "index_price": 19745.06, "direction": "sell", "amount": 0.2}, {"trade_seq": 1856, "trade_id": "229257264", "timestamp": 1663255475929, "tick_direction": 1, "price": 0.016, "mark_price": 0.01595869, "iv": 72.24, "instrument_name": "BTC-30DEC22-35000-C", "index_price": 19746.14, "direction": "sell", "amount": 0.1}, {"trade_seq": 1855, "trade_id": "229257263", "timestamp": 1663255475903, "tick_direction": 1, "price": 0.016, "mark_price": 0.01595869, "iv": 72.24, "instrument_name": "BTC-30DEC22-35000-C", "index_price": 19746.14, "direction": "sell", "amount": 0.1}, {"trade_seq": 1854, "trade_id": "229257260", "timestamp": 1663255475870, "tick_direction": 1, "price": 0.016, "mark_price": 0.01595869, "iv": 72.24, "instrument_name": "BTC-30DEC22-35000-C", "index_price": 19746.14, "direction": "sell", "amount": 0.1}, {"trade_seq": 1853, "trade_id": "229257259", "timestamp": 1663255475859, "tick_direction": 1, "price": 0.016, "mark_price": 0.01595869, "iv": 72.24, "instrument_name": "BTC-30DEC22-35000-C", "index_price": 19746.14, "direction": "sell", "amount": 0.1}, {"trade_seq": 1852, "trade_id": "229257258", "timestamp": 1663255475848, "tick_direction": 1, "price": 0.016, "mark_price": 0.01595869, "iv": 72.24, "instrument_name": "BTC-30DEC22-35000-C", "index_price": 19746.14, "direction": "sell", "amount": 0.1}, {"trade_seq": 1851, "trade_id": "229257255", "timestamp": 1663255474804, "tick_direction": 1, "price": 0.016, "mark_price": 0.01597582, "iv": 72.22, "instrument_name": "BTC-30DEC22-35000-C", "index_price": 19750.43, "direction": "sell", "amount": 0.1}, {"trade_seq": 1850, "trade_id": "229257254", "timestamp": 1663255474735, "tick_direction": 1, "price": 0.016, "mark_price": 0.01597582, "iv": 72.22, "instrument_name": "BTC-30DEC22-35000-C", "index_price": 19750.43, "direction": "sell", "amount": 0.2}, {"trade_seq": 1849, "trade_id": "229257253", "timestamp": 1663255474718, "tick_direction": 1, "price": 0.016, "mark_price": 0.01597582, "iv": 72.22, "instrument_name": "BTC-30DEC22-35000-C", "index_price": 19750.43, "direction": "sell", "amount": 0.2}, {"trade_seq": 1848, "trade_id": "229257252", "timestamp": 1663255474689, "tick_direction": 1, "price": 0.016, "mark_price": 0.01597582, "iv": 72.22, "instrument_name": "BTC-30DEC22-35000-C", "index_price": 19750.43, "direction": "sell", "amount": 0.1}, {"trade_seq": 1847, "trade_id": "229257247", "timestamp": 1663255473916, "tick_direction": 1, "price": 0.016, "mark_price": 0.01598393, "iv": 72.21, "instrument_name": "BTC-30DEC22-35000-C", "index_price": 19752.71, "direction": "sell", "amount": 0.1}, {"trade_seq": 1846, "trade_id": "229257246", "timestamp": 1663255473890, "tick_direction": 1, "price": 0.016, "mark_price": 0.01598393, "iv": 72.21, "instrument_name": "BTC-30DEC22-35000-C", "index_price": 19752.71, "direction": "sell", "amount": 0.1}, {"trade_seq": 1845, "trade_id": "229257245", "timestamp": 1663255473838, "tick_direction": 1, "price": 0.016, "mark_price": 0.01598393, "iv": 72.21, "instrument_name": "BTC-30DEC22-35000-C", "index_price": 19752.71, "direction": "sell", "amount": 0.1}