{"trades": [{"trade_seq": 557, "trade_id": "3410666", "timestamp": 1514529179781, "tick_direction": 3, "price": 0.0005, "mark_price": 6.2e-07, "iv": 296.8, "instrument_name": "BTC-29DEC17-16000-C", "index_price": 14902.16, "direction": "sell", "amount": 0.4}, {"trade_seq": 556, "trade_id": "3409950", "timestamp": 1514526951057, "tick_direction": 3, "price": 0.0005, "mark_price": 3.85e-06, "iv": 260.18, "instrument_name": "BTC-29DEC17-16000-C", "index_price": 14929.79, "direction": "sell", "amount": 0.4}, {"trade_seq": 555, "trade_id": "3408346", "timestamp": 1514524998935, "tick_direction": 2, "price": 0.0005, "mark_price": 1.111e-05, "iv": 237.89, "instrument_name": "BTC-29DEC17-16000-C", "index_price": 13803.64, "direction": "sell", "amount": 0.2}, {"trade_seq": 554, "trade_id": "3397847", "timestamp": 1514505424847, "tick_direction": 1, "price": 0.002, "mark_price": 0.00019815, "iv": 223.06, "instrument_name": "BTC-29DEC17-16000-C", "index_price": 14484.1, "direction": "sell", "amount": 1.4}, {"trade_seq": 553, "trade_id": "3397846", "timestamp": 1514505424638, "tick_direction": 1, "price": 0.002, "mark_price": 0.00019815, "iv": 223.06, "instrument_name": "BTC-29DEC17-16000-C", "index_price": 14484.14, "direction": "sell", "amount": 1.6}, {"trade_seq": 552, "trade_id": "3397845", "timestamp": 1514505424598, "tick_direction": 0, "price": 0.002, "mark_price": 0.00019815, "iv": 223.06, "instrument_name": "BTC-29DEC17-16000-C", "index_price": 14484.1, "direction": "buy", "amount": 1.0}, {"trade_seq": 551, "trade_id": "3397819", "timestamp": 1514505387351, "tick_direction": 1, "price": 0.0019, "mark_price": 0.00020067, "iv": 220.19, "instrument_name": "BTC-29DEC17-16000-C", "index_price": 14474.82, "direction": "sell", "amount": 0.4}, {"trade_seq": 550, "trade_id": "3397818", "timestamp": 1514505386838, "tick_direction": 0, "price": 0.0019, "mark_price": 0.00020067, "iv": 220.19, "instrument_name": "BTC-29DEC17-16000-C", "index_price": 14474.82, "direction": "buy", "amount": 1.6}, {"trade_seq": 549, "trade_id": "3397772", "timestamp": 1514505359804, "tick_direction": 2, "price": 0.001, "mark_price": 0.00015901, "iv": 198.77, "instrument_name": "BTC-29DEC17-16000-C", "index_price": 14443.39, "direction": "buy", "amount": 0.1}, {"trade_seq": 548, "trade_id": "3391331", "timestamp": 1514492519945, "tick_direction": 0, "price": 0.0018, "mark_price": 0.00015088, "iv": 220.62, "instrument_name": "BTC-29DEC17-16000-C", "index_price": 14054.28, "direction": "buy", "amount": 1.6}, {"trade_seq": 547, "trade_id": "3390200", "timestamp": 1514489708914, "tick_direction": 3, "price": 0.0015, "mark_price": 9.075e-05, "iv": 223.57, "instrument_name": "BTC-29DEC17-16000-C", "index_price": 13820.92, "direction": "sell", "amount": 0.9}, {"trade_seq": 546, "trade_id": "3389057", "timestamp": 1514487996899, "tick_direction": 2, "price": 0.0015, "mark_price": 6.945e-05, "iv": 228.9, "instrument_name": "BTC-29DEC17-16000-C", "index_price": 13711.03, "direction": "sell", "amount": 0.1}, {"trade_seq": 545, "trade_id": "3384182", "timestamp": 1514481099692, "tick_direction": 0, "price": 0.0052, "mark_price": 0.00036717, "iv": 251.57, "instrument_name": "BTC-29DEC17-16000-C", "index_price": 14040.24, "direction": "buy", "amount": 1.4}, {"trade_seq": 544, "trade_id": "3384181", "timestamp": 1514481099692, "tick_direction": 0, "price": 0.004, "mark_price": 0.00036717, "iv": 235.01, "instrument_name": "BTC-29DEC17-16000-C", "index_price": 14040.24, "direction": "sell", "amount": 0.2}, {"trade_seq": 543, "trade_id": "3359870", "timestamp": 1514441189277, "tick_direction": 3, "price": 0.0025, "mark_price": 0.00090678, "iv": 181.2, "instrument_name": "BTC-29DEC17-16000-C", "index_price": 13831.36, "direction": "sell", "amount": 0.1}, {"trade_seq": 542, "trade_id": "3359868", "timestamp": 1514441183007, "tick_direction": 2, "price": 0.0025, "mark_price": 0.00090678, "iv": 181.2, "instrument_name": "BTC-29DEC17-16000-C", "index_price": 13835.91, "direction": "sell", "amount": 0.1}, {"trade_seq": 541, "trade_id": "3326273", "timestamp": 1514383951804, "tick_direction": 2, "price": 0.0444, "mark_price": 0.03753361, "iv": 174.92, "instrument_name": "BTC-29DEC17-16000-C", "index_price": 15722.23, "direction": "sell", "amount": 0.3}, {"trade_seq": 540, "trade_id": "3320871", "timestamp": 1514367483437, "tick_direction": 3, "price": 0.0638, "mark_price": 0.03794375, "iv": 239.12, "instrument_name": "BTC-29DEC17-16000-C", "index_price": 15666.29, "direction": "sell", "amount": 0.1}, {"trade_seq": 539, "trade_id": "3320870", "timestamp": 1514367480804, "tick_direction": 3, "price": 0.0638, "mark_price": 0.03794431, "iv": 239.12, "instrument_name": "BTC-29DEC17-16000-C", "index_price": 15822.09, "direction": "sell", "amount": 0.2}, {"trade_seq": 538, "trade_id": "3320855", "timestamp": 1514367453095, "tick_direction": 2, "price": 0.0638, "mark_price": 0.03960809, "iv": 233.37, "instrument_name": "BTC-29DEC17-16000-C", "index_price": 15840.86, "direction": "sell", "amount": 0.2}, {"trade_seq": 537, "trade_id": "3317781", "timestamp": 1514356265982, "tick_direction": 3, "price": 0.08, "mark_price": 0.06672432, "iv": 197.55, "instrument_name": "BTC-29DEC17-16000-C", "index_price": 16491.71, "direction": "sell", "amount": 0.1}, {"trade_seq": 536, "trade_id": "3317600", "timestamp": 1514355690833, "tick_direction": 3, "price": 0.08, "mark_price": 0.06361585, "iv": 207.62, "instrument_name": "BTC-29DEC17-16000-C", "index_price": 16440.53, "direction": "sell", "amount": 0.2}, {"trade_seq": 535, "trade_id": "3317403", "timestamp": 1514354995562, "tick_direction": 2, "price": 0.08, "mark_price": 0.06770364, "iv": 194.1, "instrument_name": "BTC-29DEC17-16000-C", "index_price": 16471.68, "direction": "sell", "amount": 0.1}, {"trade_seq": 534, "trade_id": "3316338", "timestamp": 1514351001286, "tick_direction": 0, "price": 0.081, "mark_price": 0.06455046, "iv": 207.16, "instrument_name": "BTC-29DEC17-16000-C", "index_price": 16357.45, "direction": "sell", "amount": 0.1}, {"trade_seq": 533, "trade_id": "3316150", "timestamp": 1514350430100, "tick_direction": 0, "price": 0.078, "mark_price": 0.06965817, "iv": 179.85, "instrument_name": "BTC-29DEC17-16000-C", "index_price": 16451.18, "direction": "buy", "amount": 1.0}, {"trade_seq": 532, "trade_id": "3316025", "timestamp": 1514350026124, "tick_direction": 2, "price": 0.073, "mark_price": 0.06561883, "iv": 175.85, "instrument_name": "BTC-29DEC17-16000-C", "index_price": 16420.45, "direction": "sell", "amount": 0.1}, {"trade_seq": 531, "trade_id": "3315315", "timestamp": 1514348475353, "tick_direction": 0, "price": 0.075, "mark_price": 0.06628633, "iv": 180.42, "instrument_name": "BTC-29DEC17-16000-C", "index_price": 16249.84, "direction": "buy", "amount": 0.5}, {"trade_seq": 530, "trade_id": "3315259", "timestamp": 1514348431332, "tick_direction": 0, "price": 0.073, "mark_price": 0.06437461, "iv": 179.83, "instrument_name": "BTC-29DEC17-16000-C", "index_price": 16233.67, "direction": "buy", "amount": 0.1}, {"trade_seq": 529, "trade_id": "3312005", "timestamp": 1514338954178, "tick_direction": 0, "price": 0.065, "mark_price": 0.05487269, "iv": 182.81, "instrument_name": "BTC-29DEC17-16000-C", "index_price": 15991.47, "direction": "sell", "amount": 0.1}, {"trade_seq": 528, "trade_id": "3311588", "timestamp": 1514337675525, "tick_direction": 0, "price": 0.0627, "mark_price": 0.05104541, "iv": 187.28, "instrument_name": "BTC-29DEC17-16000-C", "index_price": 15922.64, "direction": "buy", "amount": 1.3}, {"trade_seq": 527, "trade_id": "3309120", "timestamp": 1514329423706, "tick_direction": 3, "price": 0.0599, "mark_price": 0.04460505, "iv": 197.56, "instrument_name": "BTC-29DEC17-16000-C", "index_price": 15787.05, "direction": "buy", "amount": 0.4}, {"trade_seq": 526, "trade_id": "3309117", "timestamp": 1514329416463, "tick_direction": 2, "price": 0.0599, "mark_price": 0.04447392, "iv": 197.97, "instrument_name": "BTC-29DEC17-16000-C", "index_price": 15783.25, "direction": "buy", "amount": 0.1}, {"trade_seq": 525, "trade_id": "3305892", "timestamp": 1514318615474, "tick_direction": 0, "price": 0.0768, "mark_price": 0.05380074, "iv": 220.34, "instrument_name": "BTC-29DEC17-16000-C", "index_price": 15940.93, "direction": "buy", "amount": 0.1}, {"trade_seq": 524, "trade_id": "3305326", "timestamp": 1514316965578, "tick_direction": 3, "price": 0.0655, "mark_price": 0.05274159, "iv": 188.77, "instrument_name": "BTC-29DEC17-16000-C", "index_price": 15897.89, "direction": "buy", "amount": 0.1}, {"trade_seq": 523, "trade_id": "3303696", "timestamp": 1514312880301, "tick_direction": 2, "price": 0.0655, "mark_price": 0.04030672, "iv": 225.52, "instrument_name": "BTC-29DEC17-16000-C", "index_price": 15269.17, "direction": "sell", "amount": 0.2}, {"trade_seq": 522, "trade_id": "3301711", "timestamp": 1514307159545, "tick_direction": 0, "price": 0.073, "mark_price": 0.05843505, "iv": 193.71, "instrument_name": "BTC-29DEC17-16000-C", "index_price": 16058.6, "direction": "buy", "amount": 1.0}, {"trade_seq": 521, "trade_id": "3300864", "timestamp": 1514305209548, "tick_direction": 0, "price": 0.0696, "mark_price": 0.05672537, "iv": 188.3, "instrument_name": "BTC-29DEC17-16000-C", "index_price": 16038.62, "direction": "buy", "amount": 0.5}, {"trade_seq": 520, "trade_id": "3300830", "timestamp": 1514305071444, "tick_direction": 1, "price": 0.065, "mark_price": 0.05655648, "iv": 175.11, "instrument_name": "BTC-29DEC17-16000-C", "index_price": 16009.59, "direction": "buy", "amount": 0.5}, {"trade_seq": 519, "trade_id": "3300204", "timestamp": 1514304182288, "tick_direction": 1, "price": 0.065, "mark_price": 0.05065044, "iv": 192.19, "instrument_name": "BTC-29DEC17-16000-C", "index_price": 15797.66, "direction": "buy", "amount": 1.0}, {"trade_seq": 518, "trade_id": "3298116", "timestamp": 1514298778842, "tick_direction": 0, "price": 0.065, "mark_price": 0.04722507, "iv": 201.55, "instrument_name": "BTC-29DEC17-16000-C", "index_price": 15575.66, "direction": "buy", "amount": 0.1}, {"trade_seq": 517, "trade_id": "3296863", "timestamp": 1514295890240, "tick_direction": 0, "price": 0.05, "mark_price": 0.03642689, "iv": 189.73, "instrument_name": "BTC-29DEC17-16000-C", "index_price": 15335.07, "direction": "buy", "amount": 0.3}, {"trade_seq": 516, "trade_id": "3294826", "timestamp": 1514291076728, "tick_direction": 2, "price": 0.0483, "mark_price": 0.03142682, "iv": 199.87, "instrument_name": "BTC-29DEC17-16000-C", "index_price": 15032.66, "direction": "buy", "amount": 1.0}, {"trade_seq": 515, "trade_id": "3293286", "timestamp": 1514285903264, "tick_direction": 2, "price": 0.0494, "mark_price": 0.03168504, "iv": 201.79, "instrument_name": "BTC-29DEC17-16000-C", "index_price": 15155.16, "direction": "buy", "amount": 0.2}, {"trade_seq": 514, "trade_id": "3285889", "timestamp": 1514266048546, "tick_direction": 0, "price": 0.06, "mark_price": 0.03800918, "iv": 210.58, "instrument_name": "BTC-29DEC17-16000-C", "index_price": 15362.1, "direction": "buy", "amount": 0.3}, {"trade_seq": 513, "trade_id": "3284143", "timestamp": 1514262196962, "tick_direction": 0, "price": 0.047, "mark_price": 0.03100469, "iv": 195.26, "instrument_name": "BTC-29DEC17-16000-C", "index_price": 14813.42, "direction": "buy", "amount": 0.5}, {"trade_seq": 512, "trade_id": "3283332", "timestamp": 1514261717763, "tick_direction": 0, "price": 0.042, "mark_price": 0.02773411, "iv": 191.34, "instrument_name": "BTC-29DEC17-16000-C", "index_price": 14788.89, "direction": "buy", "amount": 0.3}, {"trade_seq": 511, "trade_id": "3247240", "timestamp": 1514152894865, "tick_direction": 0, "price": 0.0135, "mark_price": 0.00923942, "iv": 167.66, "instrument_name": "BTC-29DEC17-16000-C", "index_price": 16602.85, "direction": "sell", "amount": 0.1}, {"trade_seq": 510, "trade_id": "3242092", "timestamp": 1514142716531, "tick_direction": 2, "price": 0.0125, "mark_price": 0.00502327, "iv": 188.12, "instrument_name": "BTC-29DEC17-16000-C", "index_price": 12805.95, "direction": "sell", "amount": 0.1}, {"trade_seq": 509, "trade_id": "3239513", "timestamp": 1514139117181, "tick_direction": 2, "price": 0.014, "mark_price": 0.00853312, "iv": 172.86, "instrument_name": "BTC-29DEC17-16000-C", "index_price": 13010.79, "direction": "buy", "amount": 0.1}, {"trade_seq": 508, "trade_id": "3239072", "timestamp": 1514138291296, "tick_direction": 0, "price": 0.0244, "mark_price": 0.01134837, "iv": 194.42, "instrument_name": "BTC-29DEC17-16000-C", "index_price": 13301.23, "direction": "sell", "amount": 0.1}, {"trade_seq": 507, "trade_id": "3230690", "timestamp": 1514119040646, "tick_direction": 2, "price": 0.01, "mark_price": 0.00540607, "iv": 174.02, "instrument_name": "BTC-29DEC17-16000-C", "index_price": 12670.24, "direction": "sell", "amount": 0.1}, {"trade_seq": 506, "trade_id": "3214692", "timestamp": 1514084239321, "tick_direction": 2, "price": 0.0212, "mark_price": 0.01594746, "iv": 166.05, "instrument_name": "BTC-29DEC17-16000-C", "index_price": 14013.93, "direction": "sell", "amount": 0.1}, {"trade_seq": 505, "trade_id": "3214321", "timestamp": 1514083609213, "tick_direction": 2, "price": 0.0235, "mark_price": 0.01793177, "iv": 166.14, "instrument_name": "BTC-29DEC17-16000-C", "index_price": 14314.24, "direction": "sell", "amount": 0.1}, {"trade_seq": 504, "trade_id": "3213909", "timestamp": 1514082069401, "tick_direction": 2, "price": 0.0304, "mark_price": 0.02422073, "iv": 165.88, "instrument_name": "BTC-29DEC17-16000-C", "index_price": 14256.46, "direction": "sell", "amount": 0.1}, {"trade_seq": 503, "trade_id": "3212970", "timestamp": 1514079725332, "tick_direction": 2, "price": 0.0325, "mark_price": 0.02610377, "iv": 165.97, "instrument_name": "BTC-29DEC17-16000-C", "index_price": 14398.97, "direction": "sell", "amount": 0.2}, {"trade_seq": 502, "trade_id": "3212205", "timestamp": 1514077447176, "tick_direction": 2, "price": 0.0376, "mark_price": 0.03083273, "iv": 165.97, "instrument_name": "BTC-29DEC17-16000-C", "index_price": 14606.59, "direction": "sell", "amount": 0.1}, {"trade_seq": 501, "trade_id": "3202832", "timestamp": 1514051962164, "tick_direction": 0, "price": 0.0898, "mark_price": 0.0445387, "iv": 243.49, "instrument_name": "BTC-29DEC17-16000-C", "index_price": 15050.75, "direction": "buy", "amount": 0.1}, {"trade_seq": 500, "trade_id": "3191595", "timestamp": 1514027009261, "tick_direction": 0, "price": 0.06, "mark_price": 0.04907955, "iv": 172.11, "instrument_name": "BTC-29DEC17-16000-C", "index_price": 15099.94, "direction": "buy", "amount": 1.0}, {"trade_seq": 499, "trade_id": "3183203", "timestamp": 1514009670920, "tick_direction": 2, "price": 0.038, "mark_price": 0.02269643, "iv": 186.98, "instrument_name": "BTC-29DEC17-16000-C", "index_price": 13830.97, "direction": "sell", "amount": 1.0}, {"trade_seq": 498, "trade_id": "3181215", "timestamp": 1514006159286, "tick_direction": 2, "price": 0.0482, "mark_price": 0.03198585, "iv": 185.2, "instrument_name": "BTC-29DEC17-16000-C", "index_price": 14407.4, "direction": "sell", "amount": 1.2}, {"trade_seq": 497, "trade_id": "3164401", "timestamp": 1513976752515, "tick_direction": 0, "price": 0.0998, "mark_price": 0.03921272, "iv": 279.52, "instrument_name": "BTC-29DEC17-16000-C", "index_price": 14389.61, "direction": "buy", "amount": 0.1}, {"trade_seq": 496, "trade_id": "3164130", "timestamp": 1513976380563, "tick_direction": 0, "price": 0.0922, "mark_price": 0.04243682, "iv": 257.62, "instrument_name": "BTC-29DEC17-16000-C", "index_price": 14450.26, "direction": "buy", "amount": 1.0}, {"trade_seq": 495, "trade_id": "3162632", "timestamp": 1513975099869, "tick_direction": 1, "price": 0.08, "mark_price": 0.03700174, "iv": 246.6, "instrument_name": "BTC-29DEC17-16000-C", "index_price": 14065.95, "direction": "buy", "amount": 0.7}, {"trade_seq": 494, "trade_id": "3162565", "timestamp": 1513975043208, "tick_direction": 0, "price": 0.08, "mark_price": 0.03576303, "iv": 249.56, "instrument_name": "BTC-29DEC17-16000-C", "index_price": 13967.46, "direction": "buy", "amount": 0.3}, {"trade_seq": 493, "trade_id": "3157254", "timestamp": 1513969806316, "tick_direction": 2, "price": 0.0666, "mark_price": 0.02816042, "iv": 242.16, "instrument_name": "BTC-29DEC17-16000-C", "index_price": 13596.6, "direction": "sell", "amount": 1.2}, {"trade_seq": 492, "trade_id": "3157253", "timestamp": 1513969806134, "tick_direction": 0, "price": 0.0698, "mark_price": 0.02816042, "iv": 248.54, "instrument_name": "BTC-29DEC17-16000-C", "index_price": 13596.6, "direction": "sell", "amount": 0.1}, {"trade_seq": 491, "trade_id": "3150741", "timestamp": 1513962851492, "tick_direction": 0, "price": 0.06, "mark_price": 0.02476999, "iv": 237.83, "instrument_name": "BTC-29DEC17-16000-C", "index_price": 13102.24, "direction": "buy", "amount": 1.0}, {"trade_seq": 490, "trade_id": "3149652", "timestamp": 1513961407324, "tick_direction": 2, "price": 0.0598, "mark_price": 0.01993543, "iv": 252.02, "instrument_name": "BTC-29DEC17-16000-C", "index_price": 13016.15, "direction": "buy", "amount": 0.5}, {"trade_seq": 489, "trade_id": "3144638", "timestamp": 1513956676731, "tick_direction": 0, "price": 0.066, "mark_price": 0.01594048, "iv": 260.09, "instrument_name": "BTC-29DEC17-16000-C", "index_price": 13092.25, "direction": "sell", "amount": 0.1}, {"trade_seq": 488, "trade_id": "3143029", "timestamp": 1513955824633, "tick_direction": 0, "price": 0.05, "mark_price": 0.01124592, "iv": 239.2, "instrument_name": "BTC-29DEC17-16000-C", "index_price": 12606.89, "direction": "sell", "amount": 1.0}, {"trade_seq": 487, "trade_id": "3142704", "timestamp": 1513955532943, "tick_direction": 1, "price": 0.032, "mark_price": 0.00965415, "iv": 205.2, "instrument_name": "BTC-29DEC17-16000-C", "index_price": 12411.51, "direction": "buy", "amount": 0.1}, {"trade_seq": 486, "trade_id": "3142503", "timestamp": 1513955382882, "tick_direction": 1, "price": 0.032, "mark_price": 0.00772685, "iv": 214.8, "instrument_name": "BTC-29DEC17-16000-C", "index_price": 12074.6, "direction": "buy", "amount": 0.4}, {"trade_seq": 485, "trade_id": "3142502", "timestamp": 1513955382882, "tick_direction": 0, "price": 0.032, "mark_price": 0.00772685, "iv": 214.8, "instrument_name": "BTC-29DEC17-16000-C", "index_price": 12074.6, "direction": "buy", "amount": 1.0}, {"trade_seq": 484, "trade_id": "3142501", "timestamp": 1513955382882, "tick_direction": 0, "price": 0.0319, "mark_price": 0.00772685, "iv": 214.55, "instrument_name": "BTC-29DEC17-16000-C", "index_price": 12074.6, "direction": "sell", "amount": 0.1}, {"trade_seq": 483, "trade_id": "3142337", "timestamp": 1513955200649, "tick_direction": 0, "price": 0.0318, "mark_price": 0.00706855, "iv": 217.98, "instrument_name": "BTC-29DEC17-16000-C", "index_price": 12036.38, "direction": "buy", "amount": 0.4}, {"trade_seq": 482, "trade_id": "3142336", "timestamp": 1513955200649, "tick_direction": 2, "price": 0.0268, "mark_price": 0.00706855, "iv": 205.05, "instrument_name": "BTC-29DEC17-16000-C", "index_price": 12036.38, "direction": "sell", "amount": 0.1}, {"trade_seq": 481, "trade_id": "3141446", "timestamp": 1513954445270, "tick_direction": 0, "price": 0.0318, "mark_price": 0.00555669, "iv": 227.53, "instrument_name": "BTC-29DEC17-16000-C", "index_price": 11767.91, "direction": "buy", "amount": 0.8}, {"trade_seq": 480, "trade_id": "3141445", "timestamp": 1513954445270, "tick_direction": 0, "price": 0.0303, "mark_price": 0.00555669, "iv": 223.66, "instrument_name": "BTC-29DEC17-16000-C", "index_price": 11767.91, "direction": "sell", "amount": 0.2}, {"trade_seq": 479, "trade_id": "3129982", "timestamp": 1513951319170, "tick_direction": 3, "price": 0.02, "mark_price": 0.00868671, "iv": 177.89, "instrument_name": "BTC-29DEC17-16000-C", "index_price": 12149.25, "direction": "sell", "amount": 3.5}, {"trade_seq": 478, "trade_id": "3129885", "timestamp": 1513951278463, "tick_direction": 3, "price": 0.02, "mark_price": 0.00796473, "iv": 181.33, "instrument_name": "BTC-29DEC17-16000-C", "index_price": 12168.82, "direction": "sell", "amount": 1.5}, {"trade_seq": 477, "trade_id": "3129883", "timestamp": 1513951277226, "tick_direction": 3, "price": 0.02, "mark_price": 0.00796473, "iv": 181.33, "instrument_name": "BTC-29DEC17-16000-C", "index_price": 12168.82, "direction": "sell", "amount": 1.5}, {"trade_seq": 476, "trade_id": "3129521", "timestamp": 1513951121001, "tick_direction": 2, "price": 0.02, "mark_price": 0.0081746, "iv": 180.31, "instrument_name": "BTC-29DEC17-16000-C", "index_price": 12280.59, "direction": "sell", "amount": 1.5}, {"trade_seq": 475, "trade_id": "3129108", "timestamp": 1513950863633, "tick_direction": 2, "price": 0.023, "mark_price": 0.0095912, "iv": 182.2, "instrument_name": "BTC-29DEC17-16000-C", "index_price": 12449.59, "direction": "sell", "amount": 0.1}, {"trade_seq": 474, "trade_id": "3124285", "timestamp": 1513942759128, "tick_direction": 1, "price": 0.0408, "mark_price": 0.02392364, "iv": 177.46, "instrument_name": "BTC-29DEC17-16000-C", "index_price": 13825.1, "direction": "buy", "amount": 1.2}, {"trade_seq": 473, "trade_id": "3124266", "timestamp": 1513942724557, "tick_direction": 0, "price": 0.0408, "mark_price": 0.02430394, "iv": 176.48, "instrument_name": "BTC-29DEC17-16000-C", "index_price": 13823.44, "direction": "buy", "amount": 1.2}, {"trade_seq": 472, "trade_id": "3116865", "timestamp": 1513934076985, "tick_direction": 2, "price": 0.0329, "mark_price": 0.02342772, "iv": 161.64, "instrument_name": "BTC-29DEC17-16000-C", "index_price": 13448.09, "direction": "sell", "amount": 3.8}, {"trade_seq": 471, "trade_id": "3116861", "timestamp": 1513934046630, "tick_direction": 0, "price": 0.0331, "mark_price": 0.02360854, "iv": 161.62, "instrument_name": "BTC-29DEC17-16000-C", "index_price": 13463.96, "direction": "sell", "amount": 1.2}, {"trade_seq": 470, "trade_id": "3116522", "timestamp": 1513933227069, "tick_direction": 3, "price": 0.0329, "mark_price": 0.02318102, "iv": 162.25, "instrument_name": "BTC-29DEC17-16000-C", "index_price": 13335.11, "direction": "sell", "amount": 0.5}, {"trade_seq": 469, "trade_id": "3116516", "timestamp": 1513933173931, "tick_direction": 3, "price": 0.0329, "mark_price": 0.02369656, "iv": 160.95, "instrument_name": "BTC-29DEC17-16000-C", "index_price": 13351.41, "direction": "sell", "amount": 1.0}, {"trade_seq": 468, "trade_id": "3116515", "timestamp": 1513933168330, "tick_direction": 3, "price": 0.0329, "mark_price": 0.02369949, "iv": 160.94, "instrument_name": "BTC-29DEC17-16000-C", "index_price": 13348.38, "direction": "sell", "amount": 1.0}, {"trade_seq": 467, "trade_id": "3116514", "timestamp": 1513933167335, "tick_direction": 3, "price": 0.0329, "mark_price": 0.02369965, "iv": 160.94, "instrument_name": "BTC-29DEC17-16000-C", "index_price": 13333.31, "direction": "sell", "amount": 1.0}, {"trade_seq": 466, "trade_id": "3116512", "timestamp": 1513933158377, "tick_direction": 3, "price": 0.0329, "mark_price": 0.02297669, "iv": 162.77, "instrument_name": "BTC-29DEC17-16000-C", "index_price": 13331.93, "direction": "sell", "amount": 5.0}, {"trade_seq": 465, "trade_id": "3116499", "timestamp": 1513933113068, "tick_direction": 3, "price": 0.0329, "mark_price": 0.02259692, "iv": 163.74, "instrument_name": "BTC-29DEC17-16000-C", "index_price": 13320.84, "direction": "sell", "amount": 0.1}, {"trade_seq": 464, "trade_id": "3116418", "timestamp": 1513932917015, "tick_direction": 2, "price": 0.0329, "mark_price": 0.02243272, "iv": 164.17, "instrument_name": "BTC-29DEC17-16000-C", "index_price": 13367.39, "direction": "sell", "amount": 1.0}, {"trade_seq": 463, "trade_id": "3116388", "timestamp": 1513932849204, "tick_direction": 2, "price": 0.0336, "mark_price": 0.02264849, "iv": 165.15, "instrument_name": "BTC-29DEC17-16000-C", "index_price": 13393.85, "direction": "buy", "amount": 0.4}, {"trade_seq": 462, "trade_id": "3116384", "timestamp": 1513932840346, "tick_direction": 0, "price": 0.0337, "mark_price": 0.02299579, "iv": 164.47, "instrument_name": "BTC-29DEC17-16000-C", "index_price": 13406.29, "direction": "buy", "amount": 0.6}, {"trade_seq": 461, "trade_id": "3116383", "timestamp": 1513932840346, "tick_direction": 0, "price": 0.0336, "mark_price": 0.02299579, "iv": 164.25, "instrument_name": "BTC-29DEC17-16000-C", "index_price": 13406.29, "direction": "sell", "amount": 0.1}, {"trade_seq": 460, "trade_id": "3116382", "timestamp": 1513932840346, "tick_direction": 0, "price": 0.0335, "mark_price": 0.02299579, "iv": 164.03, "instrument_name": "BTC-29DEC17-16000-C", "index_price": 13406.29, "direction": "sell", "amount": 0.3}, {"trade_seq": 459, "trade_id": "3116376", "timestamp": 1513932815139, "tick_direction": 1, "price": 0.0329, "mark_price": 0.02325099, "iv": 162.07, "instrument_name": "BTC-29DEC17-16000-C", "index_price": 13413.74, "direction": "sell", "amount": 0.1}, {"trade_seq": 458, "trade_id": "3116221", "timestamp": 1513932643074, "tick_direction": 1, "price": 0.0329, "mark_price": 0.02460334, "iv": 158.7, "instrument_name": "BTC-29DEC17-16000-C", "index_price": 13493.98, "direction": "sell", "amount": 0.2}, {"trade_seq": 457, "trade_id": "3116220", "timestamp": 1513932606960, "tick_direction": 0, "price": 0.0329, "mark_price": 0.02455574, "iv": 158.81, "instrument_name": "BTC-29DEC17-16000-C", "index_price": 13457.34, "direction": "sell", "amount": 0.1}, {"trade_seq": 456, "trade_id": "3114490", "timestamp": 1513931183457, "tick_direction": 2, "price": 0.0272, "mark_price": 0.02203669, "iv": 152.3, "instrument_name": "BTC-29DEC17-16000-C", "index_price": 13327.0, "direction": "buy", "amount": 0.1}, {"trade_seq": 455, "trade_id": "3113417", "timestamp": 1513930396952, "tick_direction": 0, "price": 0.029, "mark_price": 0.01952525, "iv": 163.11, "instrument_name": "BTC-29DEC17-16000-C", "index_price": 13078.2, "direction": "sell", "amount": 1.5}, {"trade_seq": 454, "trade_id": "3113191", "timestamp": 1513930322750, "tick_direction": 0, "price": 0.0248, "mark_price": 0.0203438, "iv": 151.01, "instrument_name": "BTC-29DEC17-16000-C", "index_price": 13162.16, "direction": "sell", "amount": 0.2}, {"trade_seq": 453, "trade_id": "3111126", "timestamp": 1513929150937, "tick_direction": 0, "price": 0.023, "mark_price": 0.02324757, "iv": 139.41, "instrument_name": "BTC-29DEC17-16000-C", "index_price": 13449.58, "direction": "sell", "amount": 0.1}, {"trade_seq": 452, "trade_id": "3106950", "timestamp": 1513928008987, "tick_direction": 0, "price": 0.02, "mark_price": 0.0145389, "iv": 155.49, "instrument_name": "BTC-29DEC17-16000-C", "index_price": 13185.31, "direction": "sell", "amount": 0.2}, {"trade_seq": 451, "trade_id": "3099987", "timestamp": 1513927217396, "tick_direction": 0, "price": 0.0198, "mark_price": 0.01216443, "iv": 162.92, "instrument_name": "BTC-29DEC17-16000-C", "index_price": 12737.66, "direction": "buy", "amount": 1.0}, {"trade_seq": 450, "trade_id": "3098284", "timestamp": 1513926895211, "tick_direction": 2, "price": 0.0193, "mark_price": 0.01729072, "iv": 145.43, "instrument_name": "BTC-29DEC17-16000-C", "index_price": 13087.13, "direction": "buy", "amount": 0.1}, {"trade_seq": 449, "trade_id": "3097375", "timestamp": 1513925936843, "tick_direction": 3, "price": 0.0333, "mark_price": 0.02483535, "iv": 158.93, "instrument_name": "BTC-29DEC17-16000-C", "index_price": 13600.79, "direction": "sell", "amount": 0.7}, {"trade_seq": 448, "trade_id": "3097363", "timestamp": 1513925919195, "tick_direction": 2, "price": 0.0333, "mark_price": 0.02483535, "iv": 158.93, "instrument_name": "BTC-29DEC17-16000-C", "index_price": 13614.06, "direction": "sell", "amount": 0.3}, {"trade_seq": 447, "trade_id": "3097134", "timestamp": 1513925440385, "tick_direction": 0, "price": 0.0399, "mark_price": 0.02858838, "iv": 163.91, "instrument_name": "BTC-29DEC17-16000-C", "index_price": 13920.79, "direction": "sell", "amount": 0.1}, {"trade_seq": 446, "trade_id": "3096885", "timestamp": 1513924790102, "tick_direction": 2, "price": 0.0381, "mark_price": 0.03011012, "iv": 156.76, "instrument_name": "BTC-29DEC17-16000-C", "index_price": 13956.18, "direction": "buy", "amount": 1.1}, {"trade_seq": 445, "trade_id": "3094359", "timestamp": 1513922395855, "tick_direction": 2, "price": 0.043, "mark_price": 0.03260537, "iv": 161.13, "instrument_name": "BTC-29DEC17-16000-C", "index_price": 14147.49, "direction": "sell", "amount": 0.2}, {"trade_seq": 444, "trade_id": "3093417", "timestamp": 1513920885784, "tick_direction": 1, "price": 0.048, "mark_price": 0.03698815, "iv": 161.59, "instrument_name": "BTC-29DEC17-16000-C", "index_price": 14433.74, "direction": "sell", "amount": 0.2}, {"trade_seq": 443, "trade_id": "3093406", "timestamp": 1513920858979, "tick_direction": 0, "price": 0.048, "mark_price": 0.03776061, "iv": 159.99, "instrument_name": "BTC-29DEC17-16000-C", "index_price": 14497.68, "direction": "sell", "amount": 0.8}, {"trade_seq": 442, "trade_id": "3084468", "timestamp": 1513913188291, "tick_direction": 0, "price": 0.0393, "mark_price": 0.02771568, "iv": 164.54, "instrument_name": "BTC-29DEC17-16000-C", "index_price": 13913.27, "direction": "buy", "amount": 0.9}, {"trade_seq": 441, "trade_id": "3084467", "timestamp": 1513913188291, "tick_direction": 2, "price": 0.0352, "mark_price": 0.02771568, "iv": 156.06, "instrument_name": "BTC-29DEC17-16000-C", "index_price": 13913.27, "direction": "sell", "amount": 0.1}, {"trade_seq": 440, "trade_id": "3072893", "timestamp": 1513911951654, "tick_direction": 2, "price": 0.0355, "mark_price": 0.03203685, "iv": 147.16, "instrument_name": "BTC-29DEC17-16000-C", "index_price": 13968.2, "direction": "buy", "amount": 0.1}, {"trade_seq": 439, "trade_id": "3072157", "timestamp": 1513911605133, "tick_direction": 2, "price": 0.0386, "mark_price": 0.03251877, "iv": 152.42, "instrument_name": "BTC-29DEC17-16000-C", "index_price": 14006.44, "direction": "buy", "amount": 0.1}, {"trade_seq": 438, "trade_id": "3062538", "timestamp": 1513898031311, "tick_direction": 0, "price": 0.0794, "mark_price": 0.07116357, "iv": 154.54, "instrument_name": "BTC-29DEC17-16000-C", "index_price": 15596.11, "direction": "sell", "amount": 1.0}, {"trade_seq": 437, "trade_id": "3061657", "timestamp": 1513893579146, "tick_direction": 2, "price": 0.0772, "mark_price": 0.07420912, "iv": 145.26, "instrument_name": "BTC-29DEC17-16000-C", "index_price": 15261.54, "direction": "buy", "amount": 0.1}, {"trade_seq": 436, "trade_id": "3061600", "timestamp": 1513893364385, "tick_direction": 0, "price": 0.0805, "mark_price": 0.07205397, "iv": 154.85, "instrument_name": "BTC-29DEC17-16000-C", "index_price": 15603.66, "direction": "sell", "amount": 0.3}, {"trade_seq": 435, "trade_id": "3060593", "timestamp": 1513889843524, "tick_direction": 1, "price": 0.0756, "mark_price": 0.06555162, "iv": 157.64, "instrument_name": "BTC-29DEC17-16000-C", "index_price": 15283.57, "direction": "sell", "amount": 0.1}, {"trade_seq": 434, "trade_id": "3060592", "timestamp": 1513889841081, "tick_direction": 0, "price": 0.0756, "mark_price": 0.06555162, "iv": 157.64, "instrument_name": "BTC-29DEC17-16000-C", "index_price": 15283.57, "direction": "sell", "amount": 0.4}, {"trade_seq": 433, "trade_id": "3060591", "timestamp": 1513889836932, "tick_direction": 0, "price": 0.0755, "mark_price": 0.06572173, "iv": 157.16, "instrument_name": "BTC-29DEC17-16000-C", "index_price": 15274.6, "direction": "buy", "amount": 0.4}, {"trade_seq": 432, "trade_id": "3060590", "timestamp": 1513889836932, "tick_direction": 0, "price": 0.0747, "mark_price": 0.06572173, "iv": 155.76, "instrument_name": "BTC-29DEC17-16000-C", "index_price": 15274.6, "direction": "sell", "amount": 0.1}, {"trade_seq": 431, "trade_id": "3059341", "timestamp": 1513885224902, "tick_direction": 2, "price": 0.0658, "mark_price": 0.0629128, "iv": 145.07, "instrument_name": "BTC-29DEC17-16000-C", "index_price": 15191.21, "direction": "sell", "amount": 0.2}, {"trade_seq": 430, "trade_id": "3055642", "timestamp": 1513880136391, "tick_direction": 2, "price": 0.068, "mark_price": 0.06464542, "iv": 145.85, "instrument_name": "BTC-29DEC17-16000-C", "index_price": 15255.51, "direction": "sell", "amount": 1.0}, {"trade_seq": 429, "trade_id": "3052962", "timestamp": 1513877797774, "tick_direction": 2, "price": 0.0702, "mark_price": 0.06609602, "iv": 147.14, "instrument_name": "BTC-29DEC17-16000-C", "index_price": 15364.64, "direction": "sell", "amount": 0.4}, {"trade_seq": 428, "trade_id": "3052071", "timestamp": 1513876999111, "tick_direction": 2, "price": 0.0761, "mark_price": 0.07324927, "iv": 144.95, "instrument_name": "BTC-29DEC17-16000-C", "index_price": 15555.96, "direction": "sell", "amount": 0.2}, {"trade_seq": 427, "trade_id": "3052070", "timestamp": 1513876999111, "tick_direction": 2, "price": 0.0763, "mark_price": 0.07324927, "iv": 145.3, "instrument_name": "BTC-29DEC17-16000-C", "index_price": 15555.96, "direction": "sell", "amount": 0.8}, {"trade_seq": 426, "trade_id": "3052063", "timestamp": 1513876996238, "tick_direction": 2, "price": 0.0779, "mark_price": 0.07324927, "iv": 148.08, "instrument_name": "BTC-29DEC17-16000-C", "index_price": 15547.71, "direction": "sell", "amount": 1.0}, {"trade_seq": 425, "trade_id": "3052056", "timestamp": 1513876989981, "tick_direction": 2, "price": 0.0781, "mark_price": 0.07324955, "iv": 148.42, "instrument_name": "BTC-29DEC17-16000-C", "index_price": 15543.17, "direction": "sell", "amount": 1.9}, {"trade_seq": 424, "trade_id": "3042751", "timestamp": 1513872545090, "tick_direction": 0, "price": 0.0825, "mark_price": 0.07217258, "iv": 157.87, "instrument_name": "BTC-29DEC17-16000-C", "index_price": 15543.44, "direction": "sell", "amount": 0.1}, {"trade_seq": 423, "trade_id": "3042605", "timestamp": 1513872386520, "tick_direction": 2, "price": 0.0752, "mark_price": 0.07073551, "iv": 147.72, "instrument_name": "BTC-29DEC17-16000-C", "index_price": 15418.7, "direction": "sell", "amount": 0.1}, {"trade_seq": 422, "trade_id": "3038256", "timestamp": 1513870618388, "tick_direction": 1, "price": 0.0766, "mark_price": 0.07107294, "iv": 149.55, "instrument_name": "BTC-29DEC17-16000-C", "index_price": 15492.22, "direction": "buy", "amount": 0.6}, {"trade_seq": 421, "trade_id": "3038246", "timestamp": 1513870610148, "tick_direction": 0, "price": 0.0766, "mark_price": 0.07107294, "iv": 149.55, "instrument_name": "BTC-29DEC17-16000-C", "index_price": 15485.67, "direction": "buy", "amount": 0.4}, {"trade_seq": 420, "trade_id": "3038245", "timestamp": 1513870610148, "tick_direction": 2, "price": 0.0755, "mark_price": 0.07107294, "iv": 147.65, "instrument_name": "BTC-29DEC17-16000-C", "index_price": 15485.67, "direction": "sell", "amount": 0.6}, {"trade_seq": 419, "trade_id": "3035659", "timestamp": 1513868854706, "tick_direction": 2, "price": 0.083, "mark_price": 0.07848467, "iv": 147.82, "instrument_name": "BTC-29DEC17-16000-C", "index_price": 15894.44, "direction": "sell", "amount": 0.1}, {"trade_seq": 418, "trade_id": "3035464", "timestamp": 1513868686016, "tick_direction": 0, "price": 0.089, "mark_price": 0.08444976, "iv": 147.93, "instrument_name": "BTC-29DEC17-16000-C", "index_price": 16022.26, "direction": "sell", "amount": 0.2}, {"trade_seq": 417, "trade_id": "3035357", "timestamp": 1513868474705, "tick_direction": 2, "price": 0.0848, "mark_price": 0.08689782, "iv": 136.33, "instrument_name": "BTC-29DEC17-16000-C", "index_price": 15994.4, "direction": "sell", "amount": 0.1}, {"trade_seq": 416, "trade_id": "3035355", "timestamp": 1513868463595, "tick_direction": 2, "price": 0.086, "mark_price": 0.08682968, "iv": 138.55, "instrument_name": "BTC-29DEC17-16000-C", "index_price": 15998.06, "direction": "buy", "amount": 0.1}, {"trade_seq": 415, "trade_id": "3028049", "timestamp": 1513835167490, "tick_direction": 0, "price": 0.1253, "mark_price": 0.12288828, "iv": 144.54, "instrument_name": "BTC-29DEC17-16000-C", "index_price": 16833.94, "direction": "sell", "amount": 0.2}, {"trade_seq": 414, "trade_id": "3021920", "timestamp": 1513816308700, "tick_direction": 0, "price": 0.11, "mark_price": 0.11235, "iv": 135.57, "instrument_name": "BTC-29DEC17-16000-C", "index_price": 16401.56, "direction": "buy", "amount": 1.8}, {"trade_seq": 413, "trade_id": "3015545", "timestamp": 1513804381407, "tick_direction": 2, "price": 0.0987, "mark_price": 0.10105523, "iv": 135.98, "instrument_name": "BTC-29DEC17-16000-C", "index_price": 16473.43, "direction": "buy", "amount": 0.4}, {"trade_seq": 412, "trade_id": "3013659", "timestamp": 1513797684989, "tick_direction": 2, "price": 0.1039, "mark_price": 0.1075, "iv": 129.25, "instrument_name": "BTC-29DEC17-16000-C", "index_price": 16659.4, "direction": "buy", "amount": 2.0}, {"trade_seq": 411, "trade_id": "3005325", "timestamp": 1513775277798, "tick_direction": 0, "price": 0.1509, "mark_price": 0.1408, "iv": 149.23, "instrument_name": "BTC-29DEC17-16000-C", "index_price": 17684.01, "direction": "buy", "amount": 0.1}, {"trade_seq": 410, "trade_id": "3005324", "timestamp": 1513775273899, "tick_direction": 0, "price": 0.1504, "mark_price": 0.1403, "iv": 149.05, "instrument_name": "BTC-29DEC17-16000-C", "index_price": 17684.01, "direction": "buy", "amount": 1.0}, {"trade_seq": 409, "trade_id": "3005311", "timestamp": 1513775208268, "tick_direction": 2, "price": 0.1467, "mark_price": 0.14412685, "iv": 145.0, "instrument_name": "BTC-29DEC17-16000-C", "index_price": 17634.22, "direction": "buy", "amount": 0.1}, {"trade_seq": 408, "trade_id": "3005075", "timestamp": 1513774251784, "tick_direction": 1, "price": 0.164, "mark_price": 0.1496, "iv": 166.94, "instrument_name": "BTC-29DEC17-16000-C", "index_price": 17818.7, "direction": "buy", "amount": 0.6}, {"trade_seq": 407, "trade_id": "3005072", "timestamp": 1513774239763, "tick_direction": 0, "price": 0.164, "mark_price": 0.1489, "iv": 167.25, "instrument_name": "BTC-29DEC17-16000-C", "index_price": 17814.74, "direction": "buy", "amount": 0.5}, {"trade_seq": 406, "trade_id": "3005071", "timestamp": 1513774239763, "tick_direction": 0, "price": 0.1638, "mark_price": 0.1489, "iv": 166.87, "instrument_name": "BTC-29DEC17-16000-C", "index_price": 17814.74, "direction": "buy", "amount": 1.2}, {"trade_seq": 405, "trade_id": "3005070", "timestamp": 1513774239763, "tick_direction": 0, "price": 0.1617, "mark_price": 0.1489, "iv": 162.82, "instrument_name": "BTC-29DEC17-16000-C", "index_price": 17814.74, "direction": "sell", "amount": 1.6}, {"trade_seq": 404, "trade_id": "3003375", "timestamp": 1513766366714, "tick_direction": 0, "price": 0.14, "mark_price": 0.12935, "iv": 146.11, "instrument_name": "BTC-29DEC17-16000-C", "index_price": 17343.16, "direction": "buy", "amount": 0.3}, {"trade_seq": 403, "trade_id": "2989829", "timestamp": 1513734280948, "tick_direction": 2, "price": 0.1, "mark_price": 0.10315, "iv": 123.4, "instrument_name": "BTC-29DEC17-16000-C", "index_price": 16500.39, "direction": "sell", "amount": 0.1}, {"trade_seq": 402, "trade_id": "2989828", "timestamp": 1513734280948, "tick_direction": 0, "price": 0.1077, "mark_price": 0.10315, "iv": 136.13, "instrument_name": "BTC-29DEC17-16000-C", "index_price": 16500.39, "direction": "sell", "amount": 1.1}, {"trade_seq": 401, "trade_id": "2989729", "timestamp": 1513734095737, "tick_direction": 2, "price": 0.1026, "mark_price": 0.10376023, "iv": 138.12, "instrument_name": "BTC-29DEC17-16000-C", "index_price": 16235.92, "direction": "buy", "amount": 0.1}, {"trade_seq": 400, "trade_id": "2989402", "timestamp": 1513733504518, "tick_direction": 2, "price": 0.11, "mark_price": 0.09855458, "iv": 158.39, "instrument_name": "BTC-29DEC17-16000-C", "index_price": 16009.5, "direction": "sell", "amount": 0.2}, {"trade_seq": 399, "trade_id": "2980640", "timestamp": 1513730020426, "tick_direction": 2, "price": 0.1105, "mark_price": 0.11156009, "iv": 138.25, "instrument_name": "BTC-29DEC17-16000-C", "index_price": 16706.46, "direction": "buy", "amount": 1.0}, {"trade_seq": 398, "trade_id": "2976608", "timestamp": 1513725194865, "tick_direction": 2, "price": 0.1384, "mark_price": 0.13944023, "iv": 138.11, "instrument_name": "BTC-29DEC17-16000-C", "index_price": 17404.16, "direction": "buy", "amount": 1.0}, {"trade_seq": 397, "trade_id": "2969975", "timestamp": 1513717938879, "tick_direction": 0, "price": 0.1426, "mark_price": 0.13821422, "iv": 147.84, "instrument_name": "BTC-29DEC17-16000-C", "index_price": 17434.34, "direction": "sell", "amount": 0.7}, {"trade_seq": 396, "trade_id": "2969851", "timestamp": 1513717928233, "tick_direction": 2, "price": 0.1413, "mark_price": 0.14195, "iv": 134.31, "instrument_name": "BTC-29DEC17-16000-C", "index_price": 17448.72, "direction": "buy", "amount": 1.1}, {"trade_seq": 395, "trade_id": "2921219", "timestamp": 1513626075840, "tick_direction": 2, "price": 0.187, "mark_price": 0.19115377, "iv": 130.91, "instrument_name": "BTC-29DEC17-16000-C", "index_price": 18639.34, "direction": "buy", "amount": 2.0}, {"trade_seq": 394, "trade_id": "2895427", "timestamp": 1513586747074, "tick_direction": 0, "price": 0.202, "mark_price": 0.20215, "iv": 135.8, "instrument_name": "BTC-29DEC17-16000-C", "index_price": 18934.33, "direction": "buy", "amount": 0.5}, {"trade_seq": 393, "trade_id": "2892287", "timestamp": 1513582654637, "tick_direction": 2, "price": 0.2, "mark_price": 0.20225, "iv": 134.59, "instrument_name": "BTC-29DEC17-16000-C", "index_price": 18982.18, "direction": "buy", "amount": 1.0}, {"trade_seq": 392, "trade_id": "2813525", "timestamp": 1513539162111, "tick_direction": 2, "price": 0.2139, "mark_price": 0.21698821, "iv": 134.89, "instrument_name": "BTC-29DEC17-16000-C", "index_price": 18822.1, "direction": "buy", "amount": 0.8}, {"trade_seq": 391, "trade_id": "2775729", "timestamp": 1513489205613, "tick_direction": 0, "price": 0.2451, "mark_price": 0.24442387, "iv": 143.72, "instrument_name": "BTC-29DEC17-16000-C", "index_price": 19331.59, "direction": "buy", "amount": 1.0}, {"trade_seq": 390, "trade_id": "2775465", "timestamp": 1513487390440, "tick_direction": 2, "price": 0.2425, "mark_price": 0.24141323, "iv": 144.7, "instrument_name": "BTC-29DEC17-16000-C", "index_price": 19221.34, "direction": "buy", "amount": 0.4}, {"trade_seq": 389, "trade_id": "2773804", "timestamp": 1513476556588, "tick_direction": 2, "price": 0.2426, "mark_price": 0.23361434, "iv": 162.11, "instrument_name": "BTC-29DEC17-16000-C", "index_price": 19044.56, "direction": "buy", "amount": 0.1}, {"trade_seq": 388, "trade_id": "2768502", "timestamp": 1513463912995, "tick_direction": 0, "price": 0.25, "mark_price": 0.24549872, "iv": 152.94, "instrument_name": "BTC-29DEC17-16000-C", "index_price": 19395.99, "direction": "buy", "amount": 1.0}, {"trade_seq": 387, "trade_id": "2766969", "timestamp": 1513458228990, "tick_direction": 0, "price": 0.2315, "mark_price": 0.23482447, "iv": 134.08, "instrument_name": "BTC-29DEC17-16000-C", "index_price": 19179.15, "direction": "buy", "amount": 0.8}, {"trade_seq": 386, "trade_id": "2762514", "timestamp": 1513444433244, "tick_direction": 2, "price": 0.218, "mark_price": 0.22009398, "iv": 137.56, "instrument_name": "BTC-29DEC17-16000-C", "index_price": 18876.3, "direction": "buy", "amount": 0.5}, {"trade_seq": 385, "trade_id": "2761514", "timestamp": 1513441410113, "tick_direction": 0, "price": 0.2488, "mark_price": 0.21567177, "iv": 203.82, "instrument_name": "BTC-29DEC17-16000-C", "index_price": 18746.84, "direction": "buy", "amount": 0.5}, {"trade_seq": 384, "trade_id": "2761218", "timestamp": 1513440345337, "tick_direction": 0, "price": 0.2156, "mark_price": 0.21937085, "iv": 134.01, "instrument_name": "BTC-29DEC17-16000-C", "index_price": 18886.68, "direction": "buy", "amount": 0.5}, {"trade_seq": 383, "trade_id": "2751751", "timestamp": 1513427033465, "tick_direction": 0, "price": 0.2041, "mark_price": 0.19951026, "iv": 150.37, "instrument_name": "BTC-29DEC17-16000-C", "index_price": 18122.84, "direction": "sell", "amount": 1.1}, {"trade_seq": 382, "trade_id": "2739405", "timestamp": 1513384531732, "tick_direction": 1, "price": 0.1937, "mark_price": 0.17867274, "iv": 165.93, "instrument_name": "BTC-29DEC17-16000-C", "index_price": 17696.22, "direction": "sell", "amount": 0.5}, {"trade_seq": 381, "trade_id": "2739404", "timestamp": 1513384531555, "tick_direction": 0, "price": 0.1937, "mark_price": 0.17867274, "iv": 165.93, "instrument_name": "BTC-29DEC17-16000-C", "index_price": 17696.22, "direction": "sell", "amount": 1.1}, {"trade_seq": 380, "trade_id": "2739403", "timestamp": 1513384531555, "tick_direction": 2, "price": 0.1924, "mark_price": 0.17867274, "iv": 163.88, "instrument_name": "BTC-29DEC17-16000-C", "index_price": 17696.22, "direction": "sell", "amount": 0.4}, {"trade_seq": 379, "trade_id": "2721456", "timestamp": 1513342826442, "tick_direction": 3, "price": 0.2, "mark_price": 0.19341576, "iv": 152.93, "instrument_name": "BTC-29DEC17-16000-C", "index_price": 17785.96, "direction": "buy", "amount": 0.1}, {"trade_seq": 378, "trade_id": "2719986", "timestamp": 1513337955587, "tick_direction": 2, "price": 0.2, "mark_price": 0.19456631, "iv": 151.05, "instrument_name": "BTC-29DEC17-16000-C", "index_price": 17749.53, "direction": "buy", "amount": 0.2}, {"trade_seq": 377, "trade_id": "2718917", "timestamp": 1513335764259, "tick_direction": 0, "price": 0.2038, "mark_price": 0.19226417, "iv": 160.82, "instrument_name": "BTC-29DEC17-16000-C", "index_price": 17635.34, "direction": "sell", "amount": 0.1}, {"trade_seq": 376, "trade_id": "2715381", "timestamp": 1513332388824, "tick_direction": 0, "price": 0.196, "mark_price": 0.19331273, "iv": 146.45, "instrument_name": "BTC-29DEC17-16000-C", "index_price": 17603.47, "direction": "buy", "amount": 0.1}, {"trade_seq": 375, "trade_id": "2715264", "timestamp": 1513332160510, "tick_direction": 0, "price": 0.1943, "mark_price": 0.19251641, "iv": 144.95, "instrument_name": "BTC-29DEC17-16000-C", "index_price": 17506.46, "direction": "buy", "amount": 0.1}, {"trade_seq": 374, "trade_id": "2714836", "timestamp": 1513331792391, "tick_direction": 0, "price": 0.1875, "mark_price": 0.18213567, "iv": 150.45, "instrument_name": "BTC-29DEC17-16000-C", "index_price": 17417.43, "direction": "buy", "amount": 0.2}, {"trade_seq": 373, "trade_id": "2699938", "timestamp": 1513314874995, "tick_direction": 0, "price": 0.1865, "mark_price": 0.17908872, "iv": 153.38, "instrument_name": "BTC-29DEC17-16000-C", "index_price": 17375.1, "direction": "buy", "amount": 0.1}, {"trade_seq": 372, "trade_id": "2699093", "timestamp": 1513309116127, "tick_direction": 0, "price": 0.1797, "mark_price": 0.17677593, "iv": 146.46, "instrument_name": "BTC-29DEC17-16000-C", "index_price": 17267.05, "direction": "sell", "amount": 0.1}, {"trade_seq": 371, "trade_id": "2698978", "timestamp": 1513308487812, "tick_direction": 0, "price": 0.1796, "mark_price": 0.1769409, "iv": 146.05, "instrument_name": "BTC-29DEC17-16000-C", "index_price": 17169.86, "direction": "buy", "amount": 0.2}, {"trade_seq": 370, "trade_id": "2698784", "timestamp": 1513307948493, "tick_direction": 0, "price": 0.1791, "mark_price": 0.17651012, "iv": 145.94, "instrument_name": "BTC-29DEC17-16000-C", "index_price": 17235.59, "direction": "buy", "amount": 0.2}, {"trade_seq": 369, "trade_id": "2698733", "timestamp": 1513307821832, "tick_direction": 2, "price": 0.1776, "mark_price": 0.17443011, "iv": 146.78, "instrument_name": "BTC-29DEC17-16000-C", "index_price": 17230.32, "direction": "buy", "amount": 0.1}, {"trade_seq": 368, "trade_id": "2698063", "timestamp": 1513307178148, "tick_direction": 0, "price": 0.1849, "mark_price": 0.1825182, "iv": 145.71, "instrument_name": "BTC-29DEC17-16000-C", "index_price": 15705.82, "direction": "buy", "amount": 0.1}, {"trade_seq": 367, "trade_id": "2697991", "timestamp": 1513306955685, "tick_direction": 2, "price": 0.1821, "mark_price": 0.17982734, "iv": 145.5, "instrument_name": "BTC-29DEC17-16000-C", "index_price": 17377.96, "direction": "buy", "amount": 0.1}, {"trade_seq": 366, "trade_id": "2697874", "timestamp": 1513306692806, "tick_direction": 2, "price": 0.1829, "mark_price": 0.18002787, "iv": 146.43, "instrument_name": "BTC-29DEC17-16000-C", "index_price": 17342.71, "direction": "sell", "amount": 0.1}, {"trade_seq": 365, "trade_id": "2697641", "timestamp": 1513306492349, "tick_direction": 2, "price": 0.184, "mark_price": 0.18135322, "iv": 146.1, "instrument_name": "BTC-29DEC17-16000-C", "index_price": 16996.57, "direction": "buy", "amount": 0.1}, {"trade_seq": 364, "trade_id": "2697097", "timestamp": 1513306221472, "tick_direction": 0, "price": 0.1915, "mark_price": 0.18558183, "iv": 151.29, "instrument_name": "BTC-29DEC17-16000-C", "index_price": 17485.96, "direction": "buy", "amount": 0.2}, {"trade_seq": 363, "trade_id": "2696924", "timestamp": 1513306159773, "tick_direction": 0, "price": 0.189, "mark_price": 0.18334526, "iv": 150.8, "instrument_name": "BTC-29DEC17-16000-C", "index_price": 17466.62, "direction": "buy", "amount": 0.1}, {"trade_seq": 362, "trade_id": "2693793", "timestamp": 1513304087940, "tick_direction": 0, "price": 0.1737, "mark_price": 0.16815993, "iv": 150.14, "instrument_name": "BTC-29DEC17-16000-C", "index_price": 17126.69, "direction": "buy", "amount": 0.1}, {"trade_seq": 361, "trade_id": "2693635", "timestamp": 1513304067423, "tick_direction": 0, "price": 0.1717, "mark_price": 0.16774145, "iv": 147.81, "instrument_name": "BTC-29DEC17-16000-C", "index_price": 17146.8, "direction": "buy", "amount": 0.1}, {"trade_seq": 360, "trade_id": "2693631", "timestamp": 1513304064359, "tick_direction": 1, "price": 0.1716, "mark_price": 0.16763551, "iv": 147.82, "instrument_name": "BTC-29DEC17-16000-C", "index_price": 17146.8, "direction": "buy", "amount": 0.1}, {"trade_seq": 359, "trade_id": "2692786", "timestamp": 1513302064942, "tick_direction": 0, "price": 0.1716, "mark_price": 0.1682012, "iv": 147.0, "instrument_name": "BTC-29DEC17-16000-C", "index_price": 17037.26, "direction": "buy", "amount": 0.2}, {"trade_seq": 358, "trade_id": "2681454", "timestamp": 1513281469962, "tick_direction": 2, "price": 0.1512, "mark_price": 0.14822854, "iv": 146.05, "instrument_name": "BTC-29DEC17-16000-C", "index_price": 16566.23, "direction": "buy", "amount": 0.1}, {"trade_seq": 357, "trade_id": "2676045", "timestamp": 1513276974766, "tick_direction": 0, "price": 0.154, "mark_price": 0.1484547, "iv": 149.55, "instrument_name": "BTC-29DEC17-16000-C", "index_price": 15705.82, "direction": "buy", "amount": 0.1}, {"trade_seq": 356, "trade_id": "2675460", "timestamp": 1513276604120, "tick_direction": 2, "price": 0.1538, "mark_price": 0.14810629, "iv": 149.74, "instrument_name": "BTC-29DEC17-16000-C", "index_price": 16568.08, "direction": "buy", "amount": 0.5}, {"trade_seq": 355, "trade_id": "2639947", "timestamp": 1513176336562, "tick_direction": 0, "price": 0.19, "mark_price": 0.17345133, "iv": 164.9, "instrument_name": "BTC-29DEC17-16000-C", "index_price": 17201.68, "direction": "sell", "amount": 0.2}, {"trade_seq": 354, "trade_id": "2636557", "timestamp": 1513165164336, "tick_direction": 0, "price": 0.1732, "mark_price": 0.15963204, "iv": 159.96, "instrument_name": "BTC-29DEC17-16000-C", "index_price": 16901.71, "direction": "buy", "amount": 1.0}, {"trade_seq": 353, "trade_id": "2627590", "timestamp": 1513133389688, "tick_direction": 3, "price": 0.163, "mark_price": 0.1369711, "iv": 165.69, "instrument_name": "BTC-29DEC17-16000-C", "index_price": 16596.95, "direction": "sell", "amount": 0.2}, {"trade_seq": 352, "trade_id": "2627579", "timestamp": 1513133381206, "tick_direction": 2, "price": 0.163, "mark_price": 0.1348989, "iv": 168.14, "instrument_name": "BTC-29DEC17-16000-C", "index_price": 16604.23, "direction": "sell", "amount": 0.2}, {"trade_seq": 351, "trade_id": "2625685", "timestamp": 1513132270178, "tick_direction": 2, "price": 0.1804, "mark_price": 0.15286934, "iv": 168.89, "instrument_name": "BTC-29DEC17-16000-C", "index_price": 17017.96, "direction": "sell", "amount": 2.0}, {"trade_seq": 350, "trade_id": "2619900", "timestamp": 1513120097601, "tick_direction": 2, "price": 0.198, "mark_price": 0.17651413, "iv": 162.92, "instrument_name": "BTC-29DEC17-16000-C", "index_price": 17317.94, "direction": "sell", "amount": 0.2}, {"trade_seq": 349, "trade_id": "2602312", "timestamp": 1513086466755, "tick_direction": 1, "price": 0.204, "mark_price": 0.18612754, "iv": 158.34, "instrument_name": "BTC-29DEC17-16000-C", "index_price": 17176.6, "direction": "buy", "amount": 1.0}, {"trade_seq": 348, "trade_id": "2602311", "timestamp": 1513086466668, "tick_direction": 1, "price": 0.204, "mark_price": 0.18612754, "iv": 158.34, "instrument_name": "BTC-29DEC17-16000-C", "index_price": 17176.6, "direction": "buy", "amount": 1.0}, {"trade_seq": 347, "trade_id": "2602309", "timestamp": 1513086466351, "tick_direction": 1, "price": 0.204, "mark_price": 0.18612754, "iv": 158.34, "instrument_name": "BTC-29DEC17-16000-C", "index_price": 17176.6, "direction": "buy", "amount": 1.0}, {"trade_seq": 346, "trade_id": "2602308", "timestamp": 1513086466166, "tick_direction": 1, "price": 0.204, "mark_price": 0.18612754, "iv": 158.34, "instrument_name": "BTC-29DEC17-16000-C", "index_price": 17176.6, "direction": "buy", "amount": 1.0}, {"trade_seq": 345, "trade_id": "2602307", "timestamp": 1513086465667, "tick_direction": 1, "price": 0.204, "mark_price": 0.18612754, "iv": 158.34, "instrument_name": "BTC-29DEC17-16000-C", "index_price": 17176.6, "direction": "buy", "amount": 1.0}, {"trade_seq": 344, "trade_id": "2602258", "timestamp": 1513086462163, "tick_direction": 1, "price": 0.204, "mark_price": 0.18622075, "iv": 158.22, "instrument_name": "BTC-29DEC17-16000-C", "index_price": 17175.36, "direction": "buy", "amount": 1.0}, {"trade_seq": 343, "trade_id": "2602247", "timestamp": 1513086461962, "tick_direction": 1, "price": 0.204, "mark_price": 0.18622075, "iv": 158.22, "instrument_name": "BTC-29DEC17-16000-C", "index_price": 17175.36, "direction": "buy", "amount": 1.0}, {"trade_seq": 342, "trade_id": "2602239", "timestamp": 1513086461318, "tick_direction": 1, "price": 0.204, "mark_price": 0.18622075, "iv": 158.22, "instrument_name": "BTC-29DEC17-16000-C", "index_price": 17175.36, "direction": "buy", "amount": 1.0}, {"trade_seq": 341, "trade_id": "2602234", "timestamp": 1513086461162, "tick_direction": 1, "price": 0.204, "mark_price": 0.18622075, "iv": 158.22, "instrument_name": "BTC-29DEC17-16000-C", "index_price": 17175.36, "direction": "buy", "amount": 1.0}, {"trade_seq": 340, "trade_id": "2602232", "timestamp": 1513086461008, "tick_direction": 1, "price": 0.204, "mark_price": 0.18622075, "iv": 158.22, "instrument_name": "BTC-29DEC17-16000-C", "index_price": 17175.36, "direction": "buy", "amount": 1.0}, {"trade_seq": 339, "trade_id": "2601996", "timestamp": 1513086452859, "tick_direction": 1, "price": 0.204, "mark_price": 0.18561431, "iv": 159.01, "instrument_name": "BTC-29DEC17-16000-C", "index_price": 17173.59, "direction": "buy", "amount": 2.0}, {"trade_seq": 338, "trade_id": "2601680", "timestamp": 1513086428512, "tick_direction": 0, "price": 0.204, "mark_price": 0.18353318, "iv": 161.7, "instrument_name": "BTC-29DEC17-16000-C", "index_price": 17183.35, "direction": "buy", "amount": 3.0}, {"trade_seq": 337, "trade_id": "2601595", "timestamp": 1513086343203, "tick_direction": 1, "price": 0.203, "mark_price": 0.18051369, "iv": 164.17, "instrument_name": "BTC-29DEC17-16000-C", "index_price": 17126.11, "direction": "buy", "amount": 3.0}, {"trade_seq": 336, "trade_id": "2601287", "timestamp": 1513085592118, "tick_direction": 0, "price": 0.203, "mark_price": 0.18051532, "iv": 164.16, "instrument_name": "BTC-29DEC17-16000-C", "index_price": 17133.41, "direction": "buy", "amount": 3.0}, {"trade_seq": 335, "trade_id": "2600536", "timestamp": 1513084876585, "tick_direction": 1, "price": 0.201, "mark_price": 0.17951123, "iv": 162.69, "instrument_name": "BTC-29DEC17-16000-C", "index_price": 17061.65, "direction": "buy", "amount": 2.0}, {"trade_seq": 334, "trade_id": "2600511", "timestamp": 1513084862807, "tick_direction": 0, "price": 0.201, "mark_price": 0.17948901, "iv": 162.72, "instrument_name": "BTC-29DEC17-16000-C", "index_price": 17056.29, "direction": "buy", "amount": 3.0}, {"trade_seq": 333, "trade_id": "2590911", "timestamp": 1513055526246, "tick_direction": 0, "price": 0.18, "mark_price": 0.14855653, "iv": 172.18, "instrument_name": "BTC-29DEC17-16000-C", "index_price": 16372.91, "direction": "sell", "amount": 0.1}, {"trade_seq": 332, "trade_id": "2590609", "timestamp": 1513054479359, "tick_direction": 2, "price": 0.165, "mark_price": 0.14768217, "iv": 154.55, "instrument_name": "BTC-29DEC17-16000-C", "index_price": 16390.31, "direction": "sell", "amount": 0.2}, {"trade_seq": 331, "trade_id": "2587646", "timestamp": 1513046648650, "tick_direction": 0, "price": 0.1949, "mark_price": 0.16563541, "iv": 170.94, "instrument_name": "BTC-29DEC17-16000-C", "index_price": 16813.3, "direction": "buy", "amount": 0.5}, {"trade_seq": 330, "trade_id": "2586533", "timestamp": 1513042908584, "tick_direction": 0, "price": 0.19, "mark_price": 0.16603961, "iv": 164.1, "instrument_name": "BTC-29DEC17-16000-C", "index_price": 16772.83, "direction": "buy", "amount": 0.3}, {"trade_seq": 329, "trade_id": "2586494", "timestamp": 1513042788107, "tick_direction": 0, "price": 0.187, "mark_price": 0.16624601, "iv": 159.98, "instrument_name": "BTC-29DEC17-16000-C", "index_price": 16711.83, "direction": "buy", "amount": 0.2}, {"trade_seq": 328, "trade_id": "2586349", "timestamp": 1513042204673, "tick_direction": 0, "price": 0.183, "mark_price": 0.16188117, "iv": 160.1, "instrument_name": "BTC-29DEC17-16000-C", "index_price": 16646.53, "direction": "buy", "amount": 0.5}, {"trade_seq": 327, "trade_id": "2585900", "timestamp": 1513039236236, "tick_direction": 3, "price": 0.18, "mark_price": 0.15928378, "iv": 159.36, "instrument_name": "BTC-29DEC17-16000-C", "index_price": 16698.88, "direction": "buy", "amount": 0.5}, {"trade_seq": 326, "trade_id": "2585823", "timestamp": 1513039098374, "tick_direction": 2, "price": 0.18, "mark_price": 0.15883959, "iv": 159.89, "instrument_name": "BTC-29DEC17-16000-C", "index_price": 16695.85, "direction": "buy", "amount": 0.5}, {"trade_seq": 325, "trade_id": "2585547", "timestamp": 1513038550058, "tick_direction": 3, "price": 0.1806, "mark_price": 0.15675734, "iv": 163.11, "instrument_name": "BTC-29DEC17-16000-C", "index_price": 16651.35, "direction": "buy", "amount": 0.1}, {"trade_seq": 324, "trade_id": "2585531", "timestamp": 1513038442341, "tick_direction": 2, "price": 0.1806, "mark_price": 0.15519287, "iv": 164.95, "instrument_name": "BTC-29DEC17-16000-C", "index_price": 16653.22, "direction": "sell", "amount": 0.2}, {"trade_seq": 323, "trade_id": "2583462", "timestamp": 1513035640253, "tick_direction": 3, "price": 0.19, "mark_price": 0.16376476, "iv": 166.7, "instrument_name": "BTC-29DEC17-16000-C", "index_price": 16832.22, "direction": "buy", "amount": 0.2}, {"trade_seq": 322, "trade_id": "2583452", "timestamp": 1513035599415, "tick_direction": 2, "price": 0.19, "mark_price": 0.16376681, "iv": 166.7, "instrument_name": "BTC-29DEC17-16000-C", "index_price": 16833.16, "direction": "buy", "amount": 0.2}, {"trade_seq": 321, "trade_id": "2582917", "timestamp": 1513035062784, "tick_direction": 2, "price": 0.195, "mark_price": 0.16035626, "iv": 177.02, "instrument_name": "BTC-29DEC17-16000-C", "index_price": 16864.96, "direction": "sell", "amount": 0.2}, {"trade_seq": 320, "trade_id": "2579867", "timestamp": 1513029422019, "tick_direction": 0, "price": 0.209, "mark_price": 0.17385757, "iv": 179.19, "instrument_name": "BTC-29DEC17-16000-C", "index_price": 17217.78, "direction": "buy", "amount": 5.0}, {"trade_seq": 319, "trade_id": "2569917", "timestamp": 1513016442845, "tick_direction": 2, "price": 0.1688, "mark_price": 0.15374399, "iv": 151.71, "instrument_name": "BTC-29DEC17-16000-C", "index_price": 16612.83, "direction": "buy", "amount": 0.7}, {"trade_seq": 318, "trade_id": "2569844", "timestamp": 1513016190773, "tick_direction": 0, "price": 0.1777, "mark_price": 0.15485638, "iv": 161.44, "instrument_name": "BTC-29DEC17-16000-C", "index_price": 16579.79, "direction": "buy", "amount": 0.3}, {"trade_seq": 317, "trade_id": "2562321", "timestamp": 1512996889395, "tick_direction": 2, "price": 0.17, "mark_price": 0.15150516, "iv": 155.66, "instrument_name": "BTC-29DEC17-16000-C", "index_price": 16587.82, "direction": "buy", "amount": 0.1}, {"trade_seq": 316, "trade_id": "2561988", "timestamp": 1512995603742, "tick_direction": 2, "price": 0.1774, "mark_price": 0.15557179, "iv": 159.99, "instrument_name": "BTC-29DEC17-16000-C", "index_price": 16683.44, "direction": "buy", "amount": 1.0}, {"trade_seq": 315, "trade_id": "2553944", "timestamp": 1512984149014, "tick_direction": 0, "price": 0.1898, "mark_price": 0.14863122, "iv": 182.8, "instrument_name": "BTC-29DEC17-16000-C", "index_price": 16659.12, "direction": "buy", "amount": 0.1}, {"trade_seq": 314, "trade_id": "2553057", "timestamp": 1512982909807, "tick_direction": 2, "price": 0.175, "mark_price": 0.14680685, "iv": 166.95, "instrument_name": "BTC-29DEC17-16000-C", "index_price": 16685.93, "direction": "sell", "amount": 0.1}, {"trade_seq": 313, "trade_id": "2552945", "timestamp": 1512982625594, "tick_direction": 1, "price": 0.1815, "mark_price": 0.1485137, "iv": 172.87, "instrument_name": "BTC-29DEC17-16000-C", "index_price": 16704.9, "direction": "sell", "amount": 0.2}, {"trade_seq": 312, "trade_id": "2551857", "timestamp": 1512979235940, "tick_direction": 1, "price": 0.1815, "mark_price": 0.15509938, "iv": 165.36, "instrument_name": "BTC-29DEC17-16000-C", "index_price": 16832.77, "direction": "sell", "amount": 0.1}, {"trade_seq": 311, "trade_id": "2551810", "timestamp": 1512978775851, "tick_direction": 0, "price": 0.1815, "mark_price": 0.15535281, "iv": 165.07, "instrument_name": "BTC-29DEC17-16000-C", "index_price": 16837.13, "direction": "sell", "amount": 0.2}, {"trade_seq": 310, "trade_id": "2551109", "timestamp": 1512975558429, "tick_direction": 1, "price": 0.18, "mark_price": 0.15765994, "iv": 160.53, "instrument_name": "BTC-29DEC17-16000-C", "index_price": 16862.42, "direction": "buy", "amount": 0.1}, {"trade_seq": 309, "trade_id": "2551107", "timestamp": 1512975531784, "tick_direction": 0, "price": 0.18, "mark_price": 0.15772787, "iv": 160.45, "instrument_name": "BTC-29DEC17-16000-C", "index_price": 16848.9, "direction": "buy", "amount": 0.7}, {"trade_seq": 308, "trade_id": "2549738", "timestamp": 1512973528094, "tick_direction": 0, "price": 0.177, "mark_price": 0.15171445, "iv": 163.68, "instrument_name": "BTC-29DEC17-16000-C", "index_price": 16647.97, "direction": "buy", "amount": 0.3}, {"trade_seq": 307, "trade_id": "2549734", "timestamp": 1512973497874, "tick_direction": 0, "price": 0.173, "mark_price": 0.15167048, "iv": 158.88, "instrument_name": "BTC-29DEC17-16000-C", "index_price": 16648.32, "direction": "buy", "amount": 0.3}, {"trade_seq": 306, "trade_id": "2549647", "timestamp": 1512972916153, "tick_direction": 0, "price": 0.1728, "mark_price": 0.14846491, "iv": 162.3, "instrument_name": "BTC-29DEC17-16000-C", "index_price": 16589.89, "direction": "buy", "amount": 1.2}, {"trade_seq": 305, "trade_id": "2549639", "timestamp": 1512972813519, "tick_direction": 0, "price": 0.1719, "mark_price": 0.1485358, "iv": 161.14, "instrument_name": "BTC-29DEC17-16000-C", "index_price": 16584.92, "direction": "buy", "amount": 0.3}, {"trade_seq": 304, "trade_id": "2549439", "timestamp": 1512971756461, "tick_direction": 0, "price": 0.1714, "mark_price": 0.14607081, "iv": 163.32, "instrument_name": "BTC-29DEC17-16000-C", "index_price": 16560.43, "direction": "buy", "amount": 0.2}, {"trade_seq": 303, "trade_id": "2549406", "timestamp": 1512971693720, "tick_direction": 1, "price": 0.1697, "mark_price": 0.14571189, "iv": 161.69, "instrument_name": "BTC-29DEC17-16000-C", "index_price": 16557.63, "direction": "sell", "amount": 0.2}, {"trade_seq": 302, "trade_id": "2549396", "timestamp": 1512971685263, "tick_direction": 0, "price": 0.1697, "mark_price": 0.14616554, "iv": 161.18, "instrument_name": "BTC-29DEC17-16000-C", "index_price": 16558.6, "direction": "buy", "amount": 0.2}, {"trade_seq": 301, "trade_id": "2549395", "timestamp": 1512971684320, "tick_direction": 3, "price": 0.1678, "mark_price": 0.14595402, "iv": 159.15, "instrument_name": "BTC-29DEC17-16000-C", "index_price": 16558.6, "direction": "sell", "amount": 0.2}, {"trade_seq": 300, "trade_id": "2549394", "timestamp": 1512971683334, "tick_direction": 2, "price": 0.1678, "mark_price": 0.14595402, "iv": 159.15, "instrument_name": "BTC-29DEC17-16000-C", "index_price": 16558.6, "direction": "sell", "amount": 0.2}, {"trade_seq": 299, "trade_id": "2549393", "timestamp": 1512971679574, "tick_direction": 1, "price": 0.168, "mark_price": 0.14595402, "iv": 159.39, "instrument_name": "BTC-29DEC17-16000-C", "index_price": 16552.77, "direction": "sell", "amount": 0.2}, {"trade_seq": 298, "trade_id": "2549392", "timestamp": 1512971675513, "tick_direction": 0, "price": 0.168, "mark_price": 0.14616004, "iv": 159.15, "instrument_name": "BTC-29DEC17-16000-C", "index_price": 16552.77, "direction": "sell", "amount": 0.2}, {"trade_seq": 297, "trade_id": "2549332", "timestamp": 1512971302289, "tick_direction": 0, "price": 0.163, "mark_price": 0.14546654, "iv": 153.96, "instrument_name": "BTC-29DEC17-16000-C", "index_price": 16566.88, "direction": "buy", "amount": 0.3}, {"trade_seq": 296, "trade_id": "2545593", "timestamp": 1512964868098, "tick_direction": 2, "price": 0.159, "mark_price": 0.14622907, "iv": 148.26, "instrument_name": "BTC-29DEC17-16000-C", "index_price": 16527.25, "direction": "sell", "amount": 0.1}, {"trade_seq": 295, "trade_id": "2543820", "timestamp": 1512961445449, "tick_direction": 2, "price": 0.1613, "mark_price": 0.15134131, "iv": 145.03, "instrument_name": "BTC-29DEC17-16000-C", "index_price": 16650.45, "direction": "buy", "amount": 0.9}, {"trade_seq": 294, "trade_id": "2543818", "timestamp": 1512961444957, "tick_direction": 0, "price": 0.164, "mark_price": 0.15134131, "iv": 148.28, "instrument_name": "BTC-29DEC17-16000-C", "index_price": 16650.45, "direction": "buy", "amount": 0.2}, {"trade_seq": 293, "trade_id": "2543379", "timestamp": 1512961398616, "tick_direction": 2, "price": 0.1608, "mark_price": 0.15085874, "iv": 144.99, "instrument_name": "BTC-29DEC17-16000-C", "index_price": 16629.45, "direction": "buy", "amount": 0.6}, {"trade_seq": 292, "trade_id": "2543167", "timestamp": 1512961363116, "tick_direction": 0, "price": 0.164, "mark_price": 0.14898715, "iv": 151.02, "instrument_name": "BTC-29DEC17-16000-C", "index_price": 16601.13, "direction": "buy", "amount": 0.1}, {"trade_seq": 291, "trade_id": "2542730", "timestamp": 1512961112813, "tick_direction": 0, "price": 0.161, "mark_price": 0.1468813, "iv": 149.87, "instrument_name": "BTC-29DEC17-16000-C", "index_price": 16524.73, "direction": "buy", "amount": 0.2}, {"trade_seq": 290, "trade_id": "2542662", "timestamp": 1512960996974, "tick_direction": 3, "price": 0.159, "mark_price": 0.14597548, "iv": 148.53, "instrument_name": "BTC-29DEC17-16000-C", "index_price": 16497.13, "direction": "sell", "amount": 0.5}, {"trade_seq": 289, "trade_id": "2542501", "timestamp": 1512960658049, "tick_direction": 3, "price": 0.159, "mark_price": 0.1439105, "iv": 150.9, "instrument_name": "BTC-29DEC17-16000-C", "index_price": 16406.05, "direction": "sell", "amount": 0.2}, {"trade_seq": 288, "trade_id": "2540103", "timestamp": 1512959479681, "tick_direction": 2, "price": 0.159, "mark_price": 0.13962699, "iv": 155.77, "instrument_name": "BTC-29DEC17-16000-C", "index_price": 16295.74, "direction": "buy", "amount": 0.5}, {"trade_seq": 287, "trade_id": "2539200", "timestamp": 1512957740921, "tick_direction": 0, "price": 0.1605, "mark_price": 0.13701653, "iv": 160.45, "instrument_name": "BTC-29DEC17-16000-C", "index_price": 16189.64, "direction": "sell", "amount": 0.4}, {"trade_seq": 286, "trade_id": "2538471", "timestamp": 1512957176504, "tick_direction": 1, "price": 0.152, "mark_price": 0.13454346, "iv": 153.3, "instrument_name": "BTC-29DEC17-16000-C", "index_price": 16104.61, "direction": "buy", "amount": 0.1}, {"trade_seq": 285, "trade_id": "2538398", "timestamp": 1512957173348, "tick_direction": 0, "price": 0.152, "mark_price": 0.13444935, "iv": 153.41, "instrument_name": "BTC-29DEC17-16000-C", "index_price": 16108.62, "direction": "buy", "amount": 0.1}, {"trade_seq": 284, "trade_id": "2536742", "timestamp": 1512956047279, "tick_direction": 0, "price": 0.147, "mark_price": 0.13148609, "iv": 150.94, "instrument_name": "BTC-29DEC17-16000-C", "index_price": 16011.21, "direction": "buy", "amount": 0.3}, {"trade_seq": 283, "trade_id": "2534668", "timestamp": 1512955686200, "tick_direction": 2, "price": 0.142, "mark_price": 0.12735416, "iv": 149.82, "instrument_name": "BTC-29DEC17-16000-C", "index_price": 15822.77, "direction": "buy", "amount": 0.1}, {"trade_seq": 282, "trade_id": "2530638", "timestamp": 1512954760878, "tick_direction": 0, "price": 0.146, "mark_price": 0.12166051, "iv": 160.74, "instrument_name": "BTC-29DEC17-16000-C", "index_price": 15651.25, "direction": "sell", "amount": 0.1}, {"trade_seq": 281, "trade_id": "2529265", "timestamp": 1512954086943, "tick_direction": 0, "price": 0.1387, "mark_price": 0.11599249, "iv": 158.7, "instrument_name": "BTC-29DEC17-16000-C", "index_price": 15505.65, "direction": "buy", "amount": 0.5}, {"trade_seq": 280, "trade_id": "2529261", "timestamp": 1512954054022, "tick_direction": 0, "price": 0.1353, "mark_price": 0.11602674, "iv": 154.81, "instrument_name": "BTC-29DEC17-16000-C", "index_price": 15500.6, "direction": "buy", "amount": 0.1}, {"trade_seq": 279, "trade_id": "2528882", "timestamp": 1512953324996, "tick_direction": 2, "price": 0.13, "mark_price": 0.11427898, "iv": 150.75, "instrument_name": "BTC-29DEC17-16000-C", "index_price": 15428.74, "direction": "buy", "amount": 1.0}, {"trade_seq": 278, "trade_id": "2527877", "timestamp": 1512952253831, "tick_direction": 1, "price": 0.1353, "mark_price": 0.10753333, "iv": 164.2, "instrument_name": "BTC-29DEC17-16000-C", "index_price": 15318.76, "direction": "buy", "amount": 0.2}, {"trade_seq": 277, "trade_id": "2527460", "timestamp": 1512952212415, "tick_direction": 1, "price": 0.1353, "mark_price": 0.11253713, "iv": 158.66, "instrument_name": "BTC-29DEC17-16000-C", "index_price": 15461.74, "direction": "buy", "amount": 0.1}, {"trade_seq": 276, "trade_id": "2526929", "timestamp": 1512951890463, "tick_direction": 0, "price": 0.1353, "mark_price": 0.11402043, "iv": 157.02, "instrument_name": "BTC-29DEC17-16000-C", "index_price": 15383.5, "direction": "buy", "amount": 0.1}, {"trade_seq": 275, "trade_id": "2526926", "timestamp": 1512951881675, "tick_direction": 0, "price": 0.131, "mark_price": 0.11394792, "iv": 152.24, "instrument_name": "BTC-29DEC17-16000-C", "index_price": 15379.53, "direction": "buy", "amount": 0.2}, {"trade_seq": 274, "trade_id": "2526096", "timestamp": 1512951116163, "tick_direction": 2, "price": 0.1292, "mark_price": 0.11314877, "iv": 151.09, "instrument_name": "BTC-29DEC17-16000-C", "index_price": 15328.38, "direction": "buy", "amount": 0.2}, {"trade_seq": 273, "trade_id": "2520168", "timestamp": 1512947261192, "tick_direction": 0, "price": 0.161, "mark_price": 0.12135497, "iv": 178.13, "instrument_name": "BTC-29DEC17-16000-C", "index_price": 15697.83, "direction": "buy", "amount": 0.1}, {"trade_seq": 272, "trade_id": "2519467", "timestamp": 1512947097307, "tick_direction": 1, "price": 0.15, "mark_price": 0.12244308, "iv": 164.37, "instrument_name": "BTC-29DEC17-16000-C", "index_price": 15737.31, "direction": "buy", "amount": 0.3}, {"trade_seq": 271, "trade_id": "2519453", "timestamp": 1512947091484, "tick_direction": 0, "price": 0.15, "mark_price": 0.12220732, "iv": 164.63, "instrument_name": "BTC-29DEC17-16000-C", "index_price": 15736.33, "direction": "buy", "amount": 0.2}, {"trade_seq": 270, "trade_id": "2519228", "timestamp": 1512947034356, "tick_direction": 0, "price": 0.145, "mark_price": 0.12016575, "iv": 161.18, "instrument_name": "BTC-29DEC17-16000-C", "index_price": 15626.0, "direction": "buy", "amount": 0.4}, {"trade_seq": 269, "trade_id": "2513676", "timestamp": 1512943286475, "tick_direction": 2, "price": 0.1363, "mark_price": 0.09542637, "iv": 178.64, "instrument_name": "BTC-29DEC17-16000-C", "index_price": 14682.19, "direction": "buy", "amount": 0.1}, {"trade_seq": 268, "trade_id": "2504654", "timestamp": 1512933761827, "tick_direction": 0, "price": 0.152, "mark_price": 0.11024371, "iv": 179.79, "instrument_name": "BTC-29DEC17-16000-C", "index_price": 15319.32, "direction": "buy", "amount": 0.6}, {"trade_seq": 267, "trade_id": "2504652", "timestamp": 1512933693471, "tick_direction": 0, "price": 0.1437, "mark_price": 0.10973134, "iv": 171.02, "instrument_name": "BTC-29DEC17-16000-C", "index_price": 15319.32, "direction": "buy", "amount": 0.1}, {"trade_seq": 266, "trade_id": "2504607", "timestamp": 1512933582541, "tick_direction": 0, "price": 0.1421, "mark_price": 0.1097818, "iv": 169.16, "instrument_name": "BTC-29DEC17-16000-C", "index_price": 15334.4, "direction": "buy", "amount": 0.1}, {"trade_seq": 265, "trade_id": "2504563", "timestamp": 1512933477696, "tick_direction": 0, "price": 0.14, "mark_price": 0.10979246, "iv": 166.79, "instrument_name": "BTC-29DEC17-16000-C", "index_price": 15321.96, "direction": "sell", "amount": 0.2}, {"trade_seq": 264, "trade_id": "2504095", "timestamp": 1512932024356, "tick_direction": 2, "price": 0.1265, "mark_price": 0.11262987, "iv": 148.52, "instrument_name": "BTC-29DEC17-16000-C", "index_price": 15439.7, "direction": "buy", "amount": 0.1}, {"trade_seq": 263, "trade_id": "2495186", "timestamp": 1512920755906, "tick_direction": 0, "price": 0.158, "mark_price": 0.10912662, "iv": 175.0, "instrument_name": "BTC-29DEC17-16000-C", "index_price": 15521.15, "direction": "buy", "amount": 0.4}, {"trade_seq": 262, "trade_id": "2494012", "timestamp": 1512920215404, "tick_direction": 0, "price": 0.15, "mark_price": 0.10965698, "iv": 165.38, "instrument_name": "BTC-29DEC17-16000-C", "index_price": 15473.19, "direction": "buy", "amount": 0.4}, {"trade_seq": 261, "trade_id": "2493789", "timestamp": 1512919968767, "tick_direction": 1, "price": 0.146, "mark_price": 0.10831784, "iv": 162.3, "instrument_name": "BTC-29DEC17-16000-C", "index_price": 15437.34, "direction": "buy", "amount": 0.3}, {"trade_seq": 260, "trade_id": "2493463", "timestamp": 1512919799625, "tick_direction": 0, "price": 0.146, "mark_price": 0.10771247, "iv": 162.95, "instrument_name": "BTC-29DEC17-16000-C", "index_price": 15294.15, "direction": "buy", "amount": 0.1}, {"trade_seq": 259, "trade_id": "2492905", "timestamp": 1512919182206, "tick_direction": 1, "price": 0.14, "mark_price": 0.10248278, "iv": 161.86, "instrument_name": "BTC-29DEC17-16000-C", "index_price": 15295.19, "direction": "sell", "amount": 0.2}, {"trade_seq": 258, "trade_id": "2484885", "timestamp": 1512916075895, "tick_direction": 0, "price": 0.14, "mark_price": 0.11165738, "iv": 151.87, "instrument_name": "BTC-29DEC17-16000-C", "index_price": 15742.0, "direction": "buy", "amount": 0.5}, {"trade_seq": 257, "trade_id": "2477607", "timestamp": 1512912869970, "tick_direction": 0, "price": 0.12, "mark_price": 0.08673167, "iv": 156.79, "instrument_name": "BTC-29DEC17-16000-C", "index_price": 14824.71, "direction": "buy", "amount": 0.1}, {"trade_seq": 256, "trade_id": "2474311", "timestamp": 1512908204342, "tick_direction": 1, "price": 0.092, "mark_price": 0.06580598, "iv": 149.55, "instrument_name": "BTC-29DEC17-16000-C", "index_price": 14014.12, "direction": "sell", "amount": 0.2}, {"trade_seq": 255, "trade_id": "2474286", "timestamp": 1512908162207, "tick_direction": 1, "price": 0.092, "mark_price": 0.06526721, "iv": 150.19, "instrument_name": "BTC-29DEC17-16000-C", "index_price": 14012.37, "direction": "sell", "amount": 0.2}, {"trade_seq": 254, "trade_id": "2474278", "timestamp": 1512908150532, "tick_direction": 1, "price": 0.092, "mark_price": 0.06538324, "iv": 150.05, "instrument_name": "BTC-29DEC17-16000-C", "index_price": 14007.9, "direction": "sell", "amount": 0.2}, {"trade_seq": 253, "trade_id": "2474276", "timestamp": 1512908145903, "tick_direction": 1, "price": 0.092, "mark_price": 0.06538324, "iv": 150.05, "instrument_name": "BTC-29DEC17-16000-C", "index_price": 14007.9, "direction": "sell", "amount": 0.2}, {"trade_seq": 252, "trade_id": "2470307", "timestamp": 1512900147640, "tick_direction": 0, "price": 0.092, "mark_price": 0.06238503, "iv": 153.55, "instrument_name": "BTC-29DEC17-16000-C", "index_price": 13930.08, "direction": "sell", "amount": 0.2}, {"trade_seq": 251, "trade_id": "2454638", "timestamp": 1512880902185, "tick_direction": 2, "price": 0.0794, "mark_price": 0.05761436, "iv": 145.0, "instrument_name": "BTC-29DEC17-16000-C", "index_price": 13484.63, "direction": "buy", "amount": 0.1}, {"trade_seq": 250, "trade_id": "2440184", "timestamp": 1512863654022, "tick_direction": 0, "price": 0.1137, "mark_price": 0.09110977, "iv": 144.6, "instrument_name": "BTC-29DEC17-16000-C", "index_price": 15705.82, "direction": "buy", "amount": 0.3}, {"trade_seq": 249, "trade_id": "2440090", "timestamp": 1512863350389, "tick_direction": 0, "price": 0.1121, "mark_price": 0.08915978, "iv": 144.98, "instrument_name": "BTC-29DEC17-16000-C", "index_price": 14800.49, "direction": "buy", "amount": 0.3}, {"trade_seq": 248, "trade_id": "2439349", "timestamp": 1512861635916, "tick_direction": 0, "price": 0.1091, "mark_price": 0.08615328, "iv": 144.99, "instrument_name": "BTC-29DEC17-16000-C", "index_price": 14784.09, "direction": "buy", "amount": 0.2}, {"trade_seq": 247, "trade_id": "2419642", "timestamp": 1512839106659, "tick_direction": 2, "price": 0.0967, "mark_price": 0.06976708, "iv": 149.6, "instrument_name": "BTC-29DEC17-16000-C", "index_price": 14255.3, "direction": "sell", "amount": 0.1}, {"trade_seq": 246, "trade_id": "2419375", "timestamp": 1512838831336, "tick_direction": 0, "price": 0.0984, "mark_price": 0.07179507, "iv": 145.06, "instrument_name": "BTC-29DEC17-16000-C", "index_price": 14384.09, "direction": "buy", "amount": 0.5}, {"trade_seq": 245, "trade_id": "2418982", "timestamp": 1512838240945, "tick_direction": 2, "price": 0.0969, "mark_price": 0.06967217, "iv": 145.82, "instrument_name": "BTC-29DEC17-16000-C", "index_price": 14375.2, "direction": "sell", "amount": 0.2}, {"trade_seq": 244, "trade_id": "2416748", "timestamp": 1512836008616, "tick_direction": 3, "price": 0.1093, "mark_price": 0.07697418, "iv": 151.06, "instrument_name": "BTC-29DEC17-16000-C", "index_price": 14891.42, "direction": "sell", "amount": 0.5}, {"trade_seq": 243, "trade_id": "2416742", "timestamp": 1512836003301, "tick_direction": 2, "price": 0.1093, "mark_price": 0.0771112, "iv": 150.91, "instrument_name": "BTC-29DEC17-16000-C", "index_price": 14891.42, "direction": "sell", "amount": 0.5}, {"trade_seq": 242, "trade_id": "2414332", "timestamp": 1512832116507, "tick_direction": 1, "price": 0.121, "mark_price": 0.08429414, "iv": 155.62, "instrument_name": "BTC-29DEC17-16000-C", "index_price": 15182.71, "direction": "sell", "amount": 0.5}, {"trade_seq": 241, "trade_id": "2414316", "timestamp": 1512832088158, "tick_direction": 0, "price": 0.121, "mark_price": 0.08470304, "iv": 155.18, "instrument_name": "BTC-29DEC17-16000-C", "index_price": 15241.74, "direction": "sell", "amount": 0.5}, {"trade_seq": 240, "trade_id": "2405465", "timestamp": 1512817692293, "tick_direction": 2, "price": 0.11, "mark_price": 0.07744945, "iv": 151.11, "instrument_name": "BTC-29DEC17-16000-C", "index_price": 14873.71, "direction": "sell", "amount": 0.3}, {"trade_seq": 239, "trade_id": "2403913", "timestamp": 1512815947492, "tick_direction": 2, "price": 0.12, "mark_price": 0.08695714, "iv": 151.49, "instrument_name": "BTC-29DEC17-16000-C", "index_price": 15163.98, "direction": "sell", "amount": 0.1}, {"trade_seq": 238, "trade_id": "2388849", "timestamp": 1512784784770, "tick_direction": 2, "price": 0.1445, "mark_price": 0.10622826, "iv": 153.29, "instrument_name": "BTC-29DEC17-16000-C", "index_price": 15587.98, "direction": "sell", "amount": 0.4}, {"trade_seq": 237, "trade_id": "2388848", "timestamp": 1512784784770, "tick_direction": 0, "price": 0.1454, "mark_price": 0.10622826, "iv": 154.27, "instrument_name": "BTC-29DEC17-16000-C", "index_price": 15587.98, "direction": "buy", "amount": 0.6}, {"trade_seq": 236, "trade_id": "2388844", "timestamp": 1512784775296, "tick_direction": 2, "price": 0.145, "mark_price": 0.10521839, "iv": 154.88, "instrument_name": "BTC-29DEC17-16000-C", "index_price": 15595.3, "direction": "buy", "amount": 1.2}, {"trade_seq": 235, "trade_id": "2388834", "timestamp": 1512784761202, "tick_direction": 2, "price": 0.1454, "mark_price": 0.10522046, "iv": 155.31, "instrument_name": "BTC-29DEC17-16000-C", "index_price": 15597.71, "direction": "buy", "amount": 1.0}, {"trade_seq": 234, "trade_id": "2388171", "timestamp": 1512783577099, "tick_direction": 2, "price": 0.1505, "mark_price": 0.11023996, "iv": 155.65, "instrument_name": "BTC-29DEC17-16000-C", "index_price": 15773.99, "direction": "buy", "amount": 1.0}, {"trade_seq": 233, "trade_id": "2387386", "timestamp": 1512782570478, "tick_direction": 0, "price": 0.161, "mark_price": 0.12034683, "iv": 156.77, "instrument_name": "BTC-29DEC17-16000-C", "index_price": 15947.69, "direction": "buy", "amount": 0.4}, {"trade_seq": 232, "trade_id": "2387385", "timestamp": 1512782570478, "tick_direction": 0, "price": 0.1608, "mark_price": 0.12034683, "iv": 156.54, "instrument_name": "BTC-29DEC17-16000-C", "index_price": 15947.69, "direction": "buy", "amount": 0.6}, {"trade_seq": 231, "trade_id": "2387381", "timestamp": 1512782502981, "tick_direction": 0, "price": 0.1588, "mark_price": 0.11968575, "iv": 155.02, "instrument_name": "BTC-29DEC17-16000-C", "index_price": 15941.44, "direction": "buy", "amount": 0.4}, {"trade_seq": 230, "trade_id": "2386706", "timestamp": 1512781271837, "tick_direction": 0, "price": 0.1565, "mark_price": 0.11900145, "iv": 153.17, "instrument_name": "BTC-29DEC17-16000-C", "index_price": 16161.82, "direction": "buy", "amount": 1.1}, {"trade_seq": 229, "trade_id": "2386705", "timestamp": 1512781271837, "tick_direction": 2, "price": 0.1564, "mark_price": 0.11900145, "iv": 153.06, "instrument_name": "BTC-29DEC17-16000-C", "index_price": 16161.82, "direction": "buy", "amount": 1.1}, {"trade_seq": 228, "trade_id": "2385980", "timestamp": 1512780041254, "tick_direction": 0, "price": 0.1607, "mark_price": 0.12170724, "iv": 155.0, "instrument_name": "BTC-29DEC17-16000-C", "index_price": 16161.82, "direction": "buy", "amount": 2.6}, {"trade_seq": 227, "trade_id": "2385979", "timestamp": 1512780041254, "tick_direction": 0, "price": 0.16, "mark_price": 0.12170724, "iv": 154.23, "instrument_name": "BTC-29DEC17-16000-C", "index_price": 16161.82, "direction": "buy", "amount": 0.5}, {"trade_seq": 226, "trade_id": "2385837", "timestamp": 1512779842987, "tick_direction": 0, "price": 0.1586, "mark_price": 0.12430177, "iv": 149.99, "instrument_name": "BTC-29DEC17-16000-C", "index_price": 16161.82, "direction": "buy", "amount": 0.5}, {"trade_seq": 225, "trade_id": "2385819", "timestamp": 1512779765061, "tick_direction": 2, "price": 0.1526, "mark_price": 0.12430467, "iv": 143.34, "instrument_name": "BTC-29DEC17-16000-C", "index_price": 16177.77, "direction": "buy", "amount": 0.1}, {"trade_seq": 224, "trade_id": "2385374", "timestamp": 1512778884557, "tick_direction": 0, "price": 0.1532, "mark_price": 0.12858624, "iv": 139.49, "instrument_name": "BTC-29DEC17-16000-C", "index_price": 16280.67, "direction": "buy", "amount": 0.1}, {"trade_seq": 223, "trade_id": "2383176", "timestamp": 1512776615008, "tick_direction": 2, "price": 0.148, "mark_price": 0.12205484, "iv": 140.58, "instrument_name": "BTC-29DEC17-16000-C", "index_price": 16026.82, "direction": "buy", "amount": 0.1}, {"trade_seq": 222, "trade_id": "2381585", "timestamp": 1512773368559, "tick_direction": 0, "price": 0.1484, "mark_price": 0.11646822, "iv": 146.8, "instrument_name": "BTC-29DEC17-16000-C", "index_price": 15782.0, "direction": "buy", "amount": 0.1}, {"trade_seq": 221, "trade_id": "2373993", "timestamp": 1512762227683, "tick_direction": 2, "price": 0.1275, "mark_price": 0.09502108, "iv": 146.44, "instrument_name": "BTC-29DEC17-16000-C", "index_price": 15269.26, "direction": "buy", "amount": 0.5}, {"trade_seq": 220, "trade_id": "2373105", "timestamp": 1512760653011, "tick_direction": 2, "price": 0.134, "mark_price": 0.09942285, "iv": 148.77, "instrument_name": "BTC-29DEC17-16000-C", "index_price": 15166.43, "direction": "sell", "amount": 0.2}, {"trade_seq": 219, "trade_id": "2370948", "timestamp": 1512759154553, "tick_direction": 2, "price": 0.1367, "mark_price": 0.09672465, "iv": 154.42, "instrument_name": "BTC-29DEC17-16000-C", "index_price": 15008.76, "direction": "buy", "amount": 0.4}, {"trade_seq": 218, "trade_id": "2364032", "timestamp": 1512752287433, "tick_direction": 0, "price": 0.137, "mark_price": 0.09764367, "iv": 153.71, "instrument_name": "BTC-29DEC17-16000-C", "index_price": 15046.98, "direction": "sell", "amount": 0.1}, {"trade_seq": 217, "trade_id": "2363707", "timestamp": 1512752185769, "tick_direction": 0, "price": 0.1351, "mark_price": 0.09519595, "iv": 154.22, "instrument_name": "BTC-29DEC17-16000-C", "index_price": 15063.61, "direction": "sell", "amount": 0.1}, {"trade_seq": 216, "trade_id": "2363642", "timestamp": 1512752145618, "tick_direction": 0, "price": 0.135, "mark_price": 0.09379578, "iv": 155.57, "instrument_name": "BTC-29DEC17-16000-C", "index_price": 15011.99, "direction": "sell", "amount": 0.1}, {"trade_seq": 215, "trade_id": "2362791", "timestamp": 1512751848090, "tick_direction": 2, "price": 0.1323, "mark_price": 0.09281115, "iv": 153.72, "instrument_name": "BTC-29DEC17-16000-C", "index_price": 14973.99, "direction": "buy", "amount": 0.1}, {"trade_seq": 214, "trade_id": "2356883", "timestamp": 1512746432992, "tick_direction": 0, "price": 0.16, "mark_price": 0.11598578, "iv": 159.57, "instrument_name": "BTC-29DEC17-16000-C", "index_price": 15706.06, "direction": "sell", "amount": 0.8}, {"trade_seq": 213, "trade_id": "2356882", "timestamp": 1512746432854, "tick_direction": 0, "price": 0.1583, "mark_price": 0.11598578, "iv": 157.73, "instrument_name": "BTC-29DEC17-16000-C", "index_price": 15706.06, "direction": "buy", "amount": 1.1}, {"trade_seq": 212, "trade_id": "2356881", "timestamp": 1512746432854, "tick_direction": 0, "price": 0.156, "mark_price": 0.11598578, "iv": 155.23, "instrument_name": "BTC-29DEC17-16000-C", "index_price": 15706.06, "direction": "buy", "amount": 1.1}, {"trade_seq": 211, "trade_id": "2356880", "timestamp": 1512746432854, "tick_direction": 2, "price": 0.1529, "mark_price": 0.11598578, "iv": 151.87, "instrument_name": "BTC-29DEC17-16000-C", "index_price": 15706.06, "direction": "buy", "amount": 1.0}, {"trade_seq": 210, "trade_id": "2355757", "timestamp": 1512745204266, "tick_direction": 0, "price": 0.1602, "mark_price": 0.12135727, "iv": 154.32, "instrument_name": "BTC-29DEC17-16000-C", "index_price": 15814.52, "direction": "buy", "amount": 1.0}, {"trade_seq": 209, "trade_id": "2355415", "timestamp": 1512744816564, "tick_direction": 0, "price": 0.1386, "mark_price": 0.1076422, "iv": 145.02, "instrument_name": "BTC-29DEC17-16000-C", "index_price": 15003.87, "direction": "buy", "amount": 1.0}, {"trade_seq": 208, "trade_id": "2354245", "timestamp": 1512743890485, "tick_direction": 2, "price": 0.137, "mark_price": 0.11369082, "iv": 137.04, "instrument_name": "BTC-29DEC17-16000-C", "index_price": 15583.71, "direction": "sell", "amount": 0.5}, {"trade_seq": 207, "trade_id": "2352882", "timestamp": 1512743459974, "tick_direction": 0, "price": 0.1383, "mark_price": 0.10756386, "iv": 144.77, "instrument_name": "BTC-29DEC17-16000-C", "index_price": 15344.63, "direction": "buy", "amount": 0.1}, {"trade_seq": 206, "trade_id": "2352646", "timestamp": 1512743375219, "tick_direction": 0, "price": 0.1371, "mark_price": 0.10630697, "iv": 144.78, "instrument_name": "BTC-29DEC17-16000-C", "index_price": 15337.17, "direction": "buy", "amount": 1.1}, {"trade_seq": 205, "trade_id": "2351784", "timestamp": 1512743177845, "tick_direction": 1, "price": 0.1266, "mark_price": 0.09802558, "iv": 142.18, "instrument_name": "BTC-29DEC17-16000-C", "index_price": 15146.31, "direction": "sell", "amount": 0.4}, {"trade_seq": 204, "trade_id": "2351509", "timestamp": 1512743043840, "tick_direction": 0, "price": 0.1266, "mark_price": 0.09550058, "iv": 144.8, "instrument_name": "BTC-29DEC17-16000-C", "index_price": 15157.43, "direction": "buy", "amount": 1.6}, {"trade_seq": 203, "trade_id": "2351290", "timestamp": 1512742575152, "tick_direction": 2, "price": 0.115, "mark_price": 0.09303923, "iv": 135.12, "instrument_name": "BTC-29DEC17-16000-C", "index_price": 15120.65, "direction": "sell", "amount": 0.1}, {"trade_seq": 202, "trade_id": "2351193", "timestamp": 1512742433066, "tick_direction": 2, "price": 0.1179, "mark_price": 0.09757439, "iv": 133.44, "instrument_name": "BTC-29DEC17-16000-C", "index_price": 15120.22, "direction": "sell", "amount": 1.0}, {"trade_seq": 201, "trade_id": "2351186", "timestamp": 1512742403559, "tick_direction": 3, "price": 0.118, "mark_price": 0.09765225, "iv": 133.46, "instrument_name": "BTC-29DEC17-16000-C", "index_price": 15109.49, "direction": "buy", "amount": 0.1}, {"trade_seq": 200, "trade_id": "2351185", "timestamp": 1512742402796, "tick_direction": 2, "price": 0.118, "mark_price": 0.09765225, "iv": 133.46, "instrument_name": "BTC-29DEC17-16000-C", "index_price": 15109.49, "direction": "sell", "amount": 1.8}, {"trade_seq": 199, "trade_id": "2350297", "timestamp": 1512741549332, "tick_direction": 0, "price": 0.1318, "mark_price": 0.09679541, "iv": 148.94, "instrument_name": "BTC-29DEC17-16000-C", "index_price": 15132.2, "direction": "buy", "amount": 1.0}, {"trade_seq": 198, "trade_id": "2348107", "timestamp": 1512739035951, "tick_direction": 2, "price": 0.1188, "mark_price": 0.07743125, "iv": 155.58, "instrument_name": "BTC-29DEC17-16000-C", "index_price": 14595.55, "direction": "sell", "amount": 0.5}, {"trade_seq": 197, "trade_id": "2343383", "timestamp": 1512733896096, "tick_direction": 0, "price": 0.13, "mark_price": 0.08889277, "iv": 155.16, "instrument_name": "BTC-29DEC17-16000-C", "index_price": 14746.67, "direction": "sell", "amount": 1.0}, {"trade_seq": 196, "trade_id": "2339674", "timestamp": 1512731508306, "tick_direction": 2, "price": 0.11, "mark_price": 0.08217703, "iv": 141.2, "instrument_name": "BTC-29DEC17-16000-C", "index_price": 14755.28, "direction": "sell", "amount": 0.2}, {"trade_seq": 195, "trade_id": "2339348", "timestamp": 1512731208015, "tick_direction": 2, "price": 0.116, "mark_price": 0.09077468, "iv": 138.46, "instrument_name": "BTC-29DEC17-16000-C", "index_price": 14876.95, "direction": "sell", "amount": 0.5}, {"trade_seq": 194, "trade_id": "2332382", "timestamp": 1512725395582, "tick_direction": 2, "price": 0.1162, "mark_price": 0.1007607, "iv": 128.23, "instrument_name": "BTC-29DEC17-16000-C", "index_price": 15083.16, "direction": "sell", "amount": 0.2}, {"trade_seq": 193, "trade_id": "2331279", "timestamp": 1512725048619, "tick_direction": 2, "price": 0.127, "mark_price": 0.09710785, "iv": 143.39, "instrument_name": "BTC-29DEC17-16000-C", "index_price": 15360.77, "direction": "sell", "amount": 0.3}, {"trade_seq": 192, "trade_id": "2331012", "timestamp": 1512724992827, "tick_direction": 2, "price": 0.1272, "mark_price": 0.09774638, "iv": 142.94, "instrument_name": "BTC-29DEC17-16000-C", "index_price": 15381.65, "direction": "sell", "amount": 1.5}, {"trade_seq": 191, "trade_id": "2329012", "timestamp": 1512723605543, "tick_direction": 2, "price": 0.145, "mark_price": 0.10832639, "iv": 150.92, "instrument_name": "BTC-29DEC17-16000-C", "index_price": 15771.69, "direction": "sell", "amount": 0.1}, {"trade_seq": 190, "trade_id": "2328994", "timestamp": 1512723597373, "tick_direction": 3, "price": 0.1452, "mark_price": 0.10860915, "iv": 150.84, "instrument_name": "BTC-29DEC17-16000-C", "index_price": 15748.56, "direction": "sell", "amount": 0.5}, {"trade_seq": 189, "trade_id": "2328045", "timestamp": 1512723440882, "tick_direction": 2, "price": 0.1452, "mark_price": 0.11613672, "iv": 143.15, "instrument_name": "BTC-29DEC17-16000-C", "index_price": 15883.12, "direction": "sell", "amount": 0.5}, {"trade_seq": 188, "trade_id": "2326627", "timestamp": 1512721135072, "tick_direction": 2, "price": 0.1454, "mark_price": 0.13424792, "iv": 124.38, "instrument_name": "BTC-29DEC17-16000-C", "index_price": 16117.55, "direction": "sell", "amount": 0.1}, {"trade_seq": 187, "trade_id": "2326605", "timestamp": 1512721043723, "tick_direction": 0, "price": 0.1475, "mark_price": 0.13485426, "iv": 126.05, "instrument_name": "BTC-29DEC17-16000-C", "index_price": 16115.25, "direction": "buy", "amount": 0.1}, {"trade_seq": 186, "trade_id": "2325544", "timestamp": 1512720406496, "tick_direction": 3, "price": 0.1454, "mark_price": 0.12968001, "iv": 129.25, "instrument_name": "BTC-29DEC17-16000-C", "index_price": 16056.8, "direction": "sell", "amount": 0.1}, {"trade_seq": 185, "trade_id": "2325541", "timestamp": 1512720401984, "tick_direction": 3, "price": 0.1454, "mark_price": 0.12968001, "iv": 129.25, "instrument_name": "BTC-29DEC17-16000-C", "index_price": 16035.66, "direction": "sell", "amount": 0.1}, {"trade_seq": 184, "trade_id": "2324925", "timestamp": 1512719929351, "tick_direction": 3, "price": 0.1454, "mark_price": 0.13108936, "iv": 127.75, "instrument_name": "BTC-29DEC17-16000-C", "index_price": 16153.72, "direction": "sell", "amount": 0.1}, {"trade_seq": 183, "trade_id": "2323229", "timestamp": 1512719104078, "tick_direction": 2, "price": 0.1454, "mark_price": 0.12173339, "iv": 137.56, "instrument_name": "BTC-29DEC17-16000-C", "index_price": 15915.12, "direction": "sell", "amount": 1.0}, {"trade_seq": 182, "trade_id": "2321015", "timestamp": 1512717839737, "tick_direction": 0, "price": 0.1522, "mark_price": 0.13618731, "iv": 129.82, "instrument_name": "BTC-29DEC17-16000-C", "index_price": 16163.11, "direction": "sell", "amount": 0.1}, {"trade_seq": 181, "trade_id": "2320985", "timestamp": 1512717813194, "tick_direction": 2, "price": 0.1514, "mark_price": 0.13868516, "iv": 126.25, "instrument_name": "BTC-29DEC17-16000-C", "index_price": 16134.15, "direction": "buy", "amount": 0.1}, {"trade_seq": 180, "trade_id": "2320703", "timestamp": 1512717734677, "tick_direction": 0, "price": 0.1516, "mark_price": 0.1390948, "iv": 126.03, "instrument_name": "BTC-29DEC17-16000-C", "index_price": 16241.9, "direction": "buy", "amount": 0.1}, {"trade_seq": 179, "trade_id": "2320693", "timestamp": 1512717713023, "tick_direction": 2, "price": 0.1507, "mark_price": 0.13837143, "iv": 125.8, "instrument_name": "BTC-29DEC17-16000-C", "index_price": 16241.22, "direction": "buy", "amount": 0.1}, {"trade_seq": 178, "trade_id": "2320382", "timestamp": 1512717469073, "tick_direction": 0, "price": 0.1866, "mark_price": 0.13954093, "iv": 164.69, "instrument_name": "BTC-29DEC17-16000-C", "index_price": 16367.17, "direction": "buy", "amount": 0.4}, {"trade_seq": 177, "trade_id": "2320065", "timestamp": 1512717324653, "tick_direction": 1, "price": 0.1659, "mark_price": 0.13825454, "iv": 142.89, "instrument_name": "BTC-29DEC17-16000-C", "index_price": 16307.93, "direction": "sell", "amount": 0.1}, {"trade_seq": 176, "trade_id": "2319475", "timestamp": 1512717169713, "tick_direction": 0, "price": 0.1659, "mark_price": 0.13463409, "iv": 146.64, "instrument_name": "BTC-29DEC17-16000-C", "index_price": 16090.42, "direction": "sell", "amount": 2.6}, {"trade_seq": 175, "trade_id": "2319133", "timestamp": 1512717043284, "tick_direction": 0, "price": 0.15, "mark_price": 0.13167477, "iv": 132.18, "instrument_name": "BTC-29DEC17-16000-C", "index_price": 15952.25, "direction": "buy", "amount": 0.4}, {"trade_seq": 174, "trade_id": "2319088", "timestamp": 1512716957667, "tick_direction": 2, "price": 0.1497, "mark_price": 0.13078888, "iv": 132.78, "instrument_name": "BTC-29DEC17-16000-C", "index_price": 15890.48, "direction": "sell", "amount": 0.1}, {"trade_seq": 173, "trade_id": "2318658", "timestamp": 1512716421629, "tick_direction": 1, "price": 0.1498, "mark_price": 0.13159058, "iv": 132.04, "instrument_name": "BTC-29DEC17-16000-C", "index_price": 15901.59, "direction": "buy", "amount": 0.2}, {"trade_seq": 172, "trade_id": "2318087", "timestamp": 1512716158258, "tick_direction": 1, "price": 0.1498, "mark_price": 0.1304901, "iv": 133.2, "instrument_name": "BTC-29DEC17-16000-C", "index_price": 15946.68, "direction": "buy", "amount": 0.2}, {"trade_seq": 171, "trade_id": "2317997", "timestamp": 1512716129033, "tick_direction": 1, "price": 0.1498, "mark_price": 0.1302031, "iv": 133.5, "instrument_name": "BTC-29DEC17-16000-C", "index_price": 15920.56, "direction": "buy", "amount": 0.2}, {"trade_seq": 170, "trade_id": "2317948", "timestamp": 1512716045118, "tick_direction": 1, "price": 0.1498, "mark_price": 0.12896843, "iv": 134.79, "instrument_name": "BTC-29DEC17-16000-C", "index_price": 15862.59, "direction": "buy", "amount": 0.2}, {"trade_seq": 169, "trade_id": "2317930", "timestamp": 1512716000705, "tick_direction": 1, "price": 0.1498, "mark_price": 0.12891346, "iv": 134.85, "instrument_name": "BTC-29DEC17-16000-C", "index_price": 15821.81, "direction": "buy", "amount": 0.2}, {"trade_seq": 168, "trade_id": "2317697", "timestamp": 1512715781852, "tick_direction": 0, "price": 0.1498, "mark_price": 0.12884104, "iv": 134.92, "instrument_name": "BTC-29DEC17-16000-C", "index_price": 15822.57, "direction": "buy", "amount": 0.1}, {"trade_seq": 167, "trade_id": "2317696", "timestamp": 1512715781852, "tick_direction": 0, "price": 0.1492, "mark_price": 0.12884104, "iv": 134.27, "instrument_name": "BTC-29DEC17-16000-C", "index_price": 15822.57, "direction": "buy", "amount": 0.2}, {"trade_seq": 166, "trade_id": "2317424", "timestamp": 1512715705796, "tick_direction": 0, "price": 0.1465, "mark_price": 0.1259743, "iv": 134.32, "instrument_name": "BTC-29DEC17-16000-C", "index_price": 15561.62, "direction": "sell", "amount": 0.9}, {"trade_seq": 165, "trade_id": "2315326", "timestamp": 1512713614517, "tick_direction": 3, "price": 0.127, "mark_price": 0.10714201, "iv": 132.94, "instrument_name": "BTC-29DEC17-16000-C", "index_price": 14968.98, "direction": "sell", "amount": 0.1}, {"trade_seq": 164, "trade_id": "2314974", "timestamp": 1512713458076, "tick_direction": 2, "price": 0.127, "mark_price": 0.10313252, "iv": 137.08, "instrument_name": "BTC-29DEC17-16000-C", "index_price": 15040.7, "direction": "sell", "amount": 0.1}, {"trade_seq": 163, "trade_id": "2311028", "timestamp": 1512711701585, "tick_direction": 2, "price": 0.145, "mark_price": 0.09684131, "iv": 162.44, "instrument_name": "BTC-29DEC17-16000-C", "index_price": 14966.44, "direction": "sell", "amount": 0.1}, {"trade_seq": 162, "trade_id": "2310634", "timestamp": 1512711635774, "tick_direction": 0, "price": 0.1498, "mark_price": 0.0982743, "iv": 166.04, "instrument_name": "BTC-29DEC17-16000-C", "index_price": 14900.98, "direction": "buy", "amount": 0.1}, {"trade_seq": 161, "trade_id": "2304999", "timestamp": 1512710545147, "tick_direction": 2, "price": 0.117, "mark_price": 0.10377844, "iv": 125.87, "instrument_name": "BTC-29DEC17-16000-C", "index_price": 15248.67, "direction": "sell", "amount": 0.5}, {"trade_seq": 160, "trade_id": "2302490", "timestamp": 1512708741593, "tick_direction": 0, "price": 0.1326, "mark_price": 0.11952199, "iv": 126.01, "instrument_name": "BTC-29DEC17-16000-C", "index_price": 15852.6, "direction": "sell", "amount": 0.2}, {"trade_seq": 159, "trade_id": "2300790", "timestamp": 1512708035512, "tick_direction": 3, "price": 0.13, "mark_price": 0.11265328, "iv": 130.39, "instrument_name": "BTC-29DEC17-16000-C", "index_price": 15262.0, "direction": "sell", "amount": 0.1}