{"trades": [{"trade_seq": 2478, "trade_id": "197167482", "timestamp": 1640885063908, "tick_direction": 3, "price": 0.0005, "mark_price": 9.7e-07, "iv": 185.64, "instrument_name": "BTC-31DEC21-56000-C", "index_price": 47633.21, "direction": "buy", "amount": 0.1}, {"trade_seq": 2477, "trade_id": "197133797", "timestamp": 1640867190778, "tick_direction": 3, "price": 0.0005, "mark_price": 9.66e-06, "iv": 158.98, "instrument_name": "BTC-31DEC21-56000-C", "index_price": 47697.73, "direction": "buy", "amount": 0.5}, {"trade_seq": 2476, "trade_id": "197049329", "timestamp": 1640822182807, "tick_direction": 3, "price": 0.0005, "mark_price": 2.064e-05, "iv": 142.95, "instrument_name": "BTC-31DEC21-56000-C", "index_price": 46407.0, "direction": "buy", "amount": 3.3}, {"trade_seq": 2475, "trade_id": "197049328", "timestamp": 1640822182807, "tick_direction": 3, "price": 0.0005, "mark_price": 2.064e-05, "iv": 142.95, "instrument_name": "BTC-31DEC21-56000-C", "index_price": 46407.0, "direction": "buy", "amount": 3.0}, {"trade_seq": 2474, "trade_id": "197049327", "timestamp": 1640822182807, "tick_direction": 3, "price": 0.0005, "mark_price": 2.064e-05, "iv": 142.95, "instrument_name": "BTC-31DEC21-56000-C", "index_price": 46407.0, "direction": "buy", "amount": 0.1}, {"trade_seq": 2473, "trade_id": "197049326", "timestamp": 1640822182807, "tick_direction": 3, "price": 0.0005, "mark_price": 2.064e-05, "iv": 142.95, "instrument_name": "BTC-31DEC21-56000-C", "index_price": 46407.0, "direction": "buy", "amount": 0.1}, {"trade_seq": 2472, "trade_id": "197049325", "timestamp": 1640822182807, "tick_direction": 3, "price": 0.0005, "mark_price": 2.064e-05, "iv": 142.95, "instrument_name": "BTC-31DEC21-56000-C", "index_price": 46407.0, "direction": "buy", "amount": 1.5}, {"trade_seq": 2471, "trade_id": "196958858", "timestamp": 1640782662094, "tick_direction": 3, "price": 0.0005, "mark_price": 6.995e-05, "iv": 117.44, "instrument_name": "BTC-31DEC21-56000-C", "index_price": 46895.24, "direction": "buy", "amount": 0.1}, {"trade_seq": 2470, "trade_id": "196950943", "timestamp": 1640780762879, "tick_direction": 3, "price": 0.0005, "mark_price": 7.09e-05, "iv": 117.25, "instrument_name": "BTC-31DEC21-56000-C", "index_price": 46842.07, "direction": "buy", "amount": 1.0}, {"trade_seq": 2469, "trade_id": "196935928", "timestamp": 1640775648455, "tick_direction": 3, "price": 0.0005, "mark_price": 0.00020287, "iv": 104.68, "instrument_name": "BTC-31DEC21-56000-C", "index_price": 47751.37, "direction": "buy", "amount": 0.3}, {"trade_seq": 2468, "trade_id": "196935927", "timestamp": 1640775648455, "tick_direction": 3, "price": 0.0005, "mark_price": 0.00020287, "iv": 104.68, "instrument_name": "BTC-31DEC21-56000-C", "index_price": 47751.37, "direction": "buy", "amount": 0.2}, {"trade_seq": 2467, "trade_id": "196926894", "timestamp": 1640771163985, "tick_direction": 3, "price": 0.0005, "mark_price": 0.00020655, "iv": 104.51, "instrument_name": "BTC-31DEC21-56000-C", "index_price": 47645.51, "direction": "buy", "amount": 0.1}, {"trade_seq": 2466, "trade_id": "196879339", "timestamp": 1640735317202, "tick_direction": 3, "price": 0.0005, "mark_price": 0.00069844, "iv": 94.33, "instrument_name": "BTC-31DEC21-56000-C", "index_price": 47688.07, "direction": "sell", "amount": 0.2}, {"trade_seq": 2465, "trade_id": "196879328", "timestamp": 1640735306377, "tick_direction": 3, "price": 0.0005, "mark_price": 0.00072155, "iv": 93.88, "instrument_name": "BTC-31DEC21-56000-C", "index_price": 47722.35, "direction": "sell", "amount": 0.3}, {"trade_seq": 2464, "trade_id": "196879327", "timestamp": 1640735306377, "tick_direction": 3, "price": 0.0005, "mark_price": 0.00072155, "iv": 93.88, "instrument_name": "BTC-31DEC21-56000-C", "index_price": 47722.35, "direction": "sell", "amount": 0.2}, {"trade_seq": 2463, "trade_id": "196879326", "timestamp": 1640735306377, "tick_direction": 3, "price": 0.0005, "mark_price": 0.00072155, "iv": 93.88, "instrument_name": "BTC-31DEC21-56000-C", "index_price": 47722.35, "direction": "sell", "amount": 21.9}, {"trade_seq": 2462, "trade_id": "196858208", "timestamp": 1640718622712, "tick_direction": 3, "price": 0.0005, "mark_price": 0.00064032, "iv": 94.15, "instrument_name": "BTC-31DEC21-56000-C", "index_price": 47345.2, "direction": "sell", "amount": 8.7}, {"trade_seq": 2461, "trade_id": "196858207", "timestamp": 1640718622712, "tick_direction": 3, "price": 0.0005, "mark_price": 0.00064032, "iv": 94.15, "instrument_name": "BTC-31DEC21-56000-C", "index_price": 47345.2, "direction": "sell", "amount": 3.0}, {"trade_seq": 2460, "trade_id": "196858206", "timestamp": 1640718622712, "tick_direction": 3, "price": 0.0005, "mark_price": 0.00064032, "iv": 94.15, "instrument_name": "BTC-31DEC21-56000-C", "index_price": 47345.2, "direction": "sell", "amount": 0.3}, {"trade_seq": 2459, "trade_id": "196858205", "timestamp": 1640718622712, "tick_direction": 3, "price": 0.0005, "mark_price": 0.00064032, "iv": 94.15, "instrument_name": "BTC-31DEC21-56000-C", "index_price": 47345.2, "direction": "sell", "amount": 0.1}, {"trade_seq": 2458, "trade_id": "196858204", "timestamp": 1640718622712, "tick_direction": 2, "price": 0.0005, "mark_price": 0.00064032, "iv": 94.15, "instrument_name": "BTC-31DEC21-56000-C", "index_price": 47345.2, "direction": "sell", "amount": 0.3}, {"trade_seq": 2457, "trade_id": "196847042", "timestamp": 1640714363593, "tick_direction": 0, "price": 0.001, "mark_price": 0.00075178, "iv": 97.1, "instrument_name": "BTC-31DEC21-56000-C", "index_price": 47964.98, "direction": "buy", "amount": 1.5}, {"trade_seq": 2456, "trade_id": "196845832", "timestamp": 1640713888981, "tick_direction": 3, "price": 0.0005, "mark_price": 0.0007146, "iv": 88.12, "instrument_name": "BTC-31DEC21-56000-C", "index_price": 47832.37, "direction": "sell", "amount": 0.2}, {"trade_seq": 2455, "trade_id": "196845831", "timestamp": 1640713888981, "tick_direction": 2, "price": 0.0005, "mark_price": 0.0007146, "iv": 88.12, "instrument_name": "BTC-31DEC21-56000-C", "index_price": 47832.37, "direction": "sell", "amount": 0.1}, {"trade_seq": 2454, "trade_id": "196845776", "timestamp": 1640713871524, "tick_direction": 3, "price": 0.001, "mark_price": 0.00071559, "iv": 98.19, "instrument_name": "BTC-31DEC21-56000-C", "index_price": 47863.16, "direction": "buy", "amount": 0.5}, {"trade_seq": 2453, "trade_id": "196843112", "timestamp": 1640713076525, "tick_direction": 3, "price": 0.001, "mark_price": 0.00063836, "iv": 99.08, "instrument_name": "BTC-31DEC21-56000-C", "index_price": 47753.6, "direction": "buy", "amount": 0.2}, {"trade_seq": 2452, "trade_id": "196831063", "timestamp": 1640710188999, "tick_direction": 3, "price": 0.001, "mark_price": 0.00075316, "iv": 89.62, "instrument_name": "BTC-31DEC21-56000-C", "index_price": 48586.21, "direction": "buy", "amount": 0.1}, {"trade_seq": 2451, "trade_id": "196830823", "timestamp": 1640710117450, "tick_direction": 3, "price": 0.001, "mark_price": 0.00073639, "iv": 90.09, "instrument_name": "BTC-31DEC21-56000-C", "index_price": 48542.81, "direction": "buy", "amount": 0.1}, {"trade_seq": 2450, "trade_id": "196812616", "timestamp": 1640705138353, "tick_direction": 3, "price": 0.001, "mark_price": 0.00096861, "iv": 84.13, "instrument_name": "BTC-31DEC21-56000-C", "index_price": 48987.05, "direction": "sell", "amount": 2.0}, {"trade_seq": 2449, "trade_id": "196812271", "timestamp": 1640704982859, "tick_direction": 3, "price": 0.001, "mark_price": 0.00101413, "iv": 83.86, "instrument_name": "BTC-31DEC21-56000-C", "index_price": 49020.72, "direction": "sell", "amount": 2.0}, {"trade_seq": 2448, "trade_id": "196812036", "timestamp": 1640704899817, "tick_direction": 3, "price": 0.001, "mark_price": 0.00099221, "iv": 83.96, "instrument_name": "BTC-31DEC21-56000-C", "index_price": 49011.34, "direction": "sell", "amount": 2.0}, {"trade_seq": 2447, "trade_id": "196804645", "timestamp": 1640703405950, "tick_direction": 3, "price": 0.001, "mark_price": 0.00113433, "iv": 83.21, "instrument_name": "BTC-31DEC21-56000-C", "index_price": 49045.32, "direction": "sell", "amount": 2.1}, {"trade_seq": 2446, "trade_id": "196804644", "timestamp": 1640703405950, "tick_direction": 3, "price": 0.001, "mark_price": 0.00113433, "iv": 83.21, "instrument_name": "BTC-31DEC21-56000-C", "index_price": 49045.32, "direction": "sell", "amount": 0.5}, {"trade_seq": 2445, "trade_id": "196793436", "timestamp": 1640701697893, "tick_direction": 2, "price": 0.001, "mark_price": 0.00115247, "iv": 83.37, "instrument_name": "BTC-31DEC21-56000-C", "index_price": 49016.73, "direction": "sell", "amount": 0.5}, {"trade_seq": 2444, "trade_id": "196770164", "timestamp": 1640687969219, "tick_direction": 0, "price": 0.0015, "mark_price": 0.00103061, "iv": 87.37, "instrument_name": "BTC-31DEC21-56000-C", "index_price": 49024.14, "direction": "buy", "amount": 0.1}, {"trade_seq": 2443, "trade_id": "196747951", "timestamp": 1640681204131, "tick_direction": 3, "price": 0.001, "mark_price": 0.00114572, "iv": 76.16, "instrument_name": "BTC-31DEC21-56000-C", "index_price": 49417.67, "direction": "sell", "amount": 1.0}, {"trade_seq": 2442, "trade_id": "196743889", "timestamp": 1640678936497, "tick_direction": 2, "price": 0.001, "mark_price": 0.00115094, "iv": 77.91, "instrument_name": "BTC-31DEC21-56000-C", "index_price": 49211.87, "direction": "sell", "amount": 2.2}, {"trade_seq": 2441, "trade_id": "196743817", "timestamp": 1640678872819, "tick_direction": 1, "price": 0.0015, "mark_price": 0.00110734, "iv": 84.24, "instrument_name": "BTC-31DEC21-56000-C", "index_price": 49190.43, "direction": "buy", "amount": 0.7}, {"trade_seq": 2440, "trade_id": "196743816", "timestamp": 1640678872819, "tick_direction": 1, "price": 0.0015, "mark_price": 0.00110734, "iv": 84.24, "instrument_name": "BTC-31DEC21-56000-C", "index_price": 49190.43, "direction": "buy", "amount": 0.1}, {"trade_seq": 2439, "trade_id": "196743815", "timestamp": 1640678872819, "tick_direction": 0, "price": 0.0015, "mark_price": 0.00110734, "iv": 84.24, "instrument_name": "BTC-31DEC21-56000-C", "index_price": 49190.43, "direction": "buy", "amount": 0.2}, {"trade_seq": 2438, "trade_id": "196743685", "timestamp": 1640678810361, "tick_direction": 2, "price": 0.001, "mark_price": 0.00106629, "iv": 78.2, "instrument_name": "BTC-31DEC21-56000-C", "index_price": 49164.75, "direction": "sell", "amount": 0.1}, {"trade_seq": 2437, "trade_id": "196742335", "timestamp": 1640678001103, "tick_direction": 1, "price": 0.0015, "mark_price": 0.00124624, "iv": 83.32, "instrument_name": "BTC-31DEC21-56000-C", "index_price": 49255.3, "direction": "buy", "amount": 4.6}, {"trade_seq": 2436, "trade_id": "196742334", "timestamp": 1640678001103, "tick_direction": 1, "price": 0.0015, "mark_price": 0.00124624, "iv": 83.32, "instrument_name": "BTC-31DEC21-56000-C", "index_price": 49255.3, "direction": "buy", "amount": 0.2}, {"trade_seq": 2435, "trade_id": "196742333", "timestamp": 1640678001103, "tick_direction": 1, "price": 0.0015, "mark_price": 0.00124624, "iv": 83.32, "instrument_name": "BTC-31DEC21-56000-C", "index_price": 49255.3, "direction": "buy", "amount": 0.1}, {"trade_seq": 2434, "trade_id": "196742332", "timestamp": 1640678001103, "tick_direction": 1, "price": 0.0015, "mark_price": 0.00124624, "iv": 83.32, "instrument_name": "BTC-31DEC21-56000-C", "index_price": 49255.3, "direction": "buy", "amount": 15.0}, {"trade_seq": 2433, "trade_id": "196742331", "timestamp": 1640678001103, "tick_direction": 0, "price": 0.0015, "mark_price": 0.00124624, "iv": 83.32, "instrument_name": "BTC-31DEC21-56000-C", "index_price": 49255.3, "direction": "buy", "amount": 0.1}, {"trade_seq": 2432, "trade_id": "196742287", "timestamp": 1640677966491, "tick_direction": 3, "price": 0.001, "mark_price": 0.00126814, "iv": 77.39, "instrument_name": "BTC-31DEC21-56000-C", "index_price": 49237.45, "direction": "sell", "amount": 0.2}, {"trade_seq": 2431, "trade_id": "196742286", "timestamp": 1640677966491, "tick_direction": 3, "price": 0.001, "mark_price": 0.00126814, "iv": 77.39, "instrument_name": "BTC-31DEC21-56000-C", "index_price": 49237.45, "direction": "sell", "amount": 2.1}, {"trade_seq": 2430, "trade_id": "196742285", "timestamp": 1640677966491, "tick_direction": 3, "price": 0.001, "mark_price": 0.00126814, "iv": 77.39, "instrument_name": "BTC-31DEC21-56000-C", "index_price": 49237.45, "direction": "sell", "amount": 1.0}, {"trade_seq": 2429, "trade_id": "196742284", "timestamp": 1640677966491, "tick_direction": 3, "price": 0.001, "mark_price": 0.00126814, "iv": 77.39, "instrument_name": "BTC-31DEC21-56000-C", "index_price": 49237.45, "direction": "sell", "amount": 3.0}, {"trade_seq": 2428, "trade_id": "196742283", "timestamp": 1640677966491, "tick_direction": 3, "price": 0.001, "mark_price": 0.00126814, "iv": 77.39, "instrument_name": "BTC-31DEC21-56000-C", "index_price": 49237.45, "direction": "sell", "amount": 1.0}, {"trade_seq": 2427, "trade_id": "196742282", "timestamp": 1640677966491, "tick_direction": 3, "price": 0.001, "mark_price": 0.00126814, "iv": 77.39, "instrument_name": "BTC-31DEC21-56000-C", "index_price": 49237.45, "direction": "sell", "amount": 0.1}, {"trade_seq": 2426, "trade_id": "196742281", "timestamp": 1640677966491, "tick_direction": 3, "price": 0.001, "mark_price": 0.00126814, "iv": 77.39, "instrument_name": "BTC-31DEC21-56000-C", "index_price": 49237.45, "direction": "sell", "amount": 27.0}, {"trade_seq": 2425, "trade_id": "196742239", "timestamp": 1640677938891, "tick_direction": 3, "price": 0.001, "mark_price": 0.00127521, "iv": 77.36, "instrument_name": "BTC-31DEC21-56000-C", "index_price": 49236.58, "direction": "sell", "amount": 2.7}, {"trade_seq": 2424, "trade_id": "196741526", "timestamp": 1640677406252, "tick_direction": 2, "price": 0.001, "mark_price": 0.0012396, "iv": 78.14, "instrument_name": "BTC-31DEC21-56000-C", "index_price": 49164.32, "direction": "sell", "amount": 0.1}, {"trade_seq": 2423, "trade_id": "196735042", "timestamp": 1640673727750, "tick_direction": 1, "price": 0.0015, "mark_price": 0.00122344, "iv": 82.08, "instrument_name": "BTC-31DEC21-56000-C", "index_price": 49316.64, "direction": "buy", "amount": 1.9}, {"trade_seq": 2422, "trade_id": "196735041", "timestamp": 1640673727750, "tick_direction": 0, "price": 0.0015, "mark_price": 0.00122344, "iv": 82.08, "instrument_name": "BTC-31DEC21-56000-C", "index_price": 49316.64, "direction": "buy", "amount": 0.1}, {"trade_seq": 2421, "trade_id": "196731472", "timestamp": 1640671128624, "tick_direction": 2, "price": 0.001, "mark_price": 0.00124493, "iv": 76.56, "instrument_name": "BTC-31DEC21-56000-C", "index_price": 49236.47, "direction": "sell", "amount": 0.2}, {"trade_seq": 2420, "trade_id": "196703130", "timestamp": 1640663114105, "tick_direction": 2, "price": 0.0015, "mark_price": 0.00153109, "iv": 76.91, "instrument_name": "BTC-31DEC21-56000-C", "index_price": 49644.41, "direction": "sell", "amount": 5.0}, {"trade_seq": 2419, "trade_id": "196702870", "timestamp": 1640662906425, "tick_direction": 0, "price": 0.002, "mark_price": 0.00149246, "iv": 81.92, "instrument_name": "BTC-31DEC21-56000-C", "index_price": 49618.47, "direction": "buy", "amount": 4.0}, {"trade_seq": 2418, "trade_id": "196701661", "timestamp": 1640662455873, "tick_direction": 3, "price": 0.0015, "mark_price": 0.00167778, "iv": 77.82, "instrument_name": "BTC-31DEC21-56000-C", "index_price": 49549.67, "direction": "sell", "amount": 4.0}, {"trade_seq": 2417, "trade_id": "196697649", "timestamp": 1640660864763, "tick_direction": 3, "price": 0.0015, "mark_price": 0.00169591, "iv": 76.51, "instrument_name": "BTC-31DEC21-56000-C", "index_price": 49659.97, "direction": "sell", "amount": 0.1}, {"trade_seq": 2416, "trade_id": "196696089", "timestamp": 1640660056685, "tick_direction": 2, "price": 0.0015, "mark_price": 0.00175589, "iv": 75.63, "instrument_name": "BTC-31DEC21-56000-C", "index_price": 49736.29, "direction": "sell", "amount": 0.3}, {"trade_seq": 2415, "trade_id": "196676573", "timestamp": 1640652640393, "tick_direction": 3, "price": 0.0025, "mark_price": 0.00233433, "iv": 77.05, "instrument_name": "BTC-31DEC21-56000-C", "index_price": 50329.22, "direction": "sell", "amount": 6.6}, {"trade_seq": 2414, "trade_id": "196676482", "timestamp": 1640652610772, "tick_direction": 3, "price": 0.0025, "mark_price": 0.00227996, "iv": 77.15, "instrument_name": "BTC-31DEC21-56000-C", "index_price": 50318.13, "direction": "sell", "amount": 1.3}, {"trade_seq": 2413, "trade_id": "196676478", "timestamp": 1640652602812, "tick_direction": 3, "price": 0.0025, "mark_price": 0.00230172, "iv": 76.86, "instrument_name": "BTC-31DEC21-56000-C", "index_price": 50341.29, "direction": "sell", "amount": 1.3}, {"trade_seq": 2412, "trade_id": "196676250", "timestamp": 1640652519135, "tick_direction": 3, "price": 0.0025, "mark_price": 0.00219472, "iv": 76.64, "instrument_name": "BTC-31DEC21-56000-C", "index_price": 50368.56, "direction": "buy", "amount": 10.6}, {"trade_seq": 2411, "trade_id": "196676249", "timestamp": 1640652519135, "tick_direction": 3, "price": 0.0025, "mark_price": 0.00219472, "iv": 76.64, "instrument_name": "BTC-31DEC21-56000-C", "index_price": 50368.56, "direction": "buy", "amount": 0.2}, {"trade_seq": 2410, "trade_id": "196672256", "timestamp": 1640651694432, "tick_direction": 3, "price": 0.0025, "mark_price": 0.00199201, "iv": 79.15, "instrument_name": "BTC-31DEC21-56000-C", "index_price": 50119.1, "direction": "buy", "amount": 1.0}, {"trade_seq": 2409, "trade_id": "196667055", "timestamp": 1640650678419, "tick_direction": 2, "price": 0.0025, "mark_price": 0.00263284, "iv": 76.11, "instrument_name": "BTC-31DEC21-56000-C", "index_price": 50352.94, "direction": "sell", "amount": 0.1}, {"trade_seq": 2408, "trade_id": "196663909", "timestamp": 1640650031792, "tick_direction": 2, "price": 0.0035, "mark_price": 0.00299423, "iv": 79.98, "instrument_name": "BTC-31DEC21-56000-C", "index_price": 50571.63, "direction": "buy", "amount": 0.1}, {"trade_seq": 2407, "trade_id": "196656502", "timestamp": 1640645131351, "tick_direction": 2, "price": 0.004, "mark_price": 0.00401164, "iv": 78.92, "instrument_name": "BTC-31DEC21-56000-C", "index_price": 50861.69, "direction": "sell", "amount": 0.1}, {"trade_seq": 2406, "trade_id": "196654585", "timestamp": 1640643783216, "tick_direction": 1, "price": 0.0045, "mark_price": 0.00453182, "iv": 77.6, "instrument_name": "BTC-31DEC21-56000-C", "index_price": 51174.47, "direction": "buy", "amount": 0.2}, {"trade_seq": 2405, "trade_id": "196650431", "timestamp": 1640640150423, "tick_direction": 0, "price": 0.0045, "mark_price": 0.004909, "iv": 76.29, "instrument_name": "BTC-31DEC21-56000-C", "index_price": 51242.57, "direction": "sell", "amount": 0.1}, {"trade_seq": 2404, "trade_id": "196641761", "timestamp": 1640635156504, "tick_direction": 3, "price": 0.004, "mark_price": 0.00408936, "iv": 73.23, "instrument_name": "BTC-31DEC21-56000-C", "index_price": 51257.6, "direction": "sell", "amount": 0.4}, {"trade_seq": 2403, "trade_id": "196641498", "timestamp": 1640635037053, "tick_direction": 3, "price": 0.004, "mark_price": 0.00399811, "iv": 73.28, "instrument_name": "BTC-31DEC21-56000-C", "index_price": 51253.87, "direction": "sell", "amount": 1.3}, {"trade_seq": 2402, "trade_id": "196641483", "timestamp": 1640635035206, "tick_direction": 3, "price": 0.004, "mark_price": 0.0040099, "iv": 73.17, "instrument_name": "BTC-31DEC21-56000-C", "index_price": 51260.65, "direction": "sell", "amount": 1.9}, {"trade_seq": 2401, "trade_id": "196641462", "timestamp": 1640635033329, "tick_direction": 3, "price": 0.004, "mark_price": 0.00401441, "iv": 73.09, "instrument_name": "BTC-31DEC21-56000-C", "index_price": 51266.94, "direction": "sell", "amount": 1.8}, {"trade_seq": 2400, "trade_id": "196637829", "timestamp": 1640633450782, "tick_direction": 2, "price": 0.004, "mark_price": 0.00428546, "iv": 70.41, "instrument_name": "BTC-31DEC21-56000-C", "index_price": 51482.83, "direction": "sell", "amount": 5.0}, {"trade_seq": 2399, "trade_id": "196630244", "timestamp": 1640626923212, "tick_direction": 1, "price": 0.0055, "mark_price": 0.00564995, "iv": 70.69, "instrument_name": "BTC-31DEC21-56000-C", "index_price": 51976.73, "direction": "sell", "amount": 9.8}, {"trade_seq": 2398, "trade_id": "196630161", "timestamp": 1640626888404, "tick_direction": 1, "price": 0.0055, "mark_price": 0.00553335, "iv": 71.15, "instrument_name": "BTC-31DEC21-56000-C", "index_price": 51940.96, "direction": "sell", "amount": 0.2}, {"trade_seq": 2397, "trade_id": "196629417", "timestamp": 1640626589468, "tick_direction": 0, "price": 0.0055, "mark_price": 0.00541943, "iv": 70.9, "instrument_name": "BTC-31DEC21-56000-C", "index_price": 51957.39, "direction": "buy", "amount": 0.5}, {"trade_seq": 2396, "trade_id": "196626897", "timestamp": 1640625863665, "tick_direction": 0, "price": 0.005, "mark_price": 0.00485497, "iv": 69.78, "instrument_name": "BTC-31DEC21-56000-C", "index_price": 51832.56, "direction": "buy", "amount": 0.5}, {"trade_seq": 2395, "trade_id": "196626072", "timestamp": 1640625789344, "tick_direction": 0, "price": 0.0045, "mark_price": 0.00444549, "iv": 69.23, "instrument_name": "BTC-31DEC21-56000-C", "index_price": 51695.82, "direction": "buy", "amount": 0.1}, {"trade_seq": 2394, "trade_id": "196624170", "timestamp": 1640623593962, "tick_direction": 2, "price": 0.004, "mark_price": 0.00430264, "iv": 69.29, "instrument_name": "BTC-31DEC21-56000-C", "index_price": 51464.78, "direction": "sell", "amount": 0.1}, {"trade_seq": 2393, "trade_id": "196616736", "timestamp": 1640616859926, "tick_direction": 1, "price": 0.0045, "mark_price": 0.00469079, "iv": 69.25, "instrument_name": "BTC-31DEC21-56000-C", "index_price": 51608.36, "direction": "sell", "amount": 0.2}, {"trade_seq": 2392, "trade_id": "196610896", "timestamp": 1640614256284, "tick_direction": 0, "price": 0.0045, "mark_price": 0.00431578, "iv": 71.65, "instrument_name": "BTC-31DEC21-56000-C", "index_price": 51376.95, "direction": "buy", "amount": 0.9}, {"trade_seq": 2391, "trade_id": "196608681", "timestamp": 1640612621227, "tick_direction": 0, "price": 0.004, "mark_price": 0.0041277, "iv": 70.3, "instrument_name": "BTC-31DEC21-56000-C", "index_price": 51264.44, "direction": "sell", "amount": 3.0}, {"trade_seq": 2390, "trade_id": "196605192", "timestamp": 1640611503096, "tick_direction": 0, "price": 0.0035, "mark_price": 0.00336632, "iv": 68.65, "instrument_name": "BTC-31DEC21-56000-C", "index_price": 51205.65, "direction": "buy", "amount": 1.0}, {"trade_seq": 2389, "trade_id": "196593031", "timestamp": 1640600625735, "tick_direction": 3, "price": 0.003, "mark_price": 0.00323787, "iv": 68.55, "instrument_name": "BTC-31DEC21-56000-C", "index_price": 50813.81, "direction": "sell", "amount": 1.1}, {"trade_seq": 2388, "trade_id": "196593030", "timestamp": 1640600625735, "tick_direction": 2, "price": 0.003, "mark_price": 0.00323787, "iv": 68.55, "instrument_name": "BTC-31DEC21-56000-C", "index_price": 50813.81, "direction": "sell", "amount": 0.9}, {"trade_seq": 2387, "trade_id": "196587876", "timestamp": 1640594440658, "tick_direction": 0, "price": 0.0035, "mark_price": 0.00329929, "iv": 70.87, "instrument_name": "BTC-31DEC21-56000-C", "index_price": 50779.07, "direction": "buy", "amount": 0.1}, {"trade_seq": 2386, "trade_id": "196587223", "timestamp": 1640593408442, "tick_direction": 3, "price": 0.003, "mark_price": 0.00343219, "iv": 67.52, "instrument_name": "BTC-31DEC21-56000-C", "index_price": 50829.21, "direction": "sell", "amount": 0.1}, {"trade_seq": 2385, "trade_id": "196587222", "timestamp": 1640593408442, "tick_direction": 3, "price": 0.003, "mark_price": 0.00343219, "iv": 67.52, "instrument_name": "BTC-31DEC21-56000-C", "index_price": 50829.21, "direction": "sell", "amount": 0.1}, {"trade_seq": 2384, "trade_id": "196586294", "timestamp": 1640592164734, "tick_direction": 2, "price": 0.003, "mark_price": 0.00350024, "iv": 68.37, "instrument_name": "BTC-31DEC21-56000-C", "index_price": 50756.65, "direction": "sell", "amount": 0.1}, {"trade_seq": 2383, "trade_id": "196583827", "timestamp": 1640590199836, "tick_direction": 2, "price": 0.0035, "mark_price": 0.00357523, "iv": 69.39, "instrument_name": "BTC-31DEC21-56000-C", "index_price": 50890.76, "direction": "buy", "amount": 0.1}, {"trade_seq": 2382, "trade_id": "196583236", "timestamp": 1640589800111, "tick_direction": 0, "price": 0.004, "mark_price": 0.00388681, "iv": 71.0, "instrument_name": "BTC-31DEC21-56000-C", "index_price": 50962.58, "direction": "sell", "amount": 2.0}, {"trade_seq": 2381, "trade_id": "196582438", "timestamp": 1640589002861, "tick_direction": 0, "price": 0.0035, "mark_price": 0.00375813, "iv": 68.48, "instrument_name": "BTC-31DEC21-56000-C", "index_price": 50959.32, "direction": "sell", "amount": 1.0}, {"trade_seq": 2380, "trade_id": "196579792", "timestamp": 1640585823560, "tick_direction": 3, "price": 0.003, "mark_price": 0.00357998, "iv": 67.23, "instrument_name": "BTC-31DEC21-56000-C", "index_price": 50802.79, "direction": "sell", "amount": 1.0}, {"trade_seq": 2379, "trade_id": "196579791", "timestamp": 1640585823560, "tick_direction": 2, "price": 0.003, "mark_price": 0.00357998, "iv": 67.23, "instrument_name": "BTC-31DEC21-56000-C", "index_price": 50802.79, "direction": "sell", "amount": 2.0}, {"trade_seq": 2378, "trade_id": "196576288", "timestamp": 1640581892458, "tick_direction": 3, "price": 0.0035, "mark_price": 0.00397353, "iv": 68.15, "instrument_name": "BTC-31DEC21-56000-C", "index_price": 50948.73, "direction": "sell", "amount": 2.5}, {"trade_seq": 2377, "trade_id": "196576287", "timestamp": 1640581892458, "tick_direction": 2, "price": 0.0035, "mark_price": 0.00397353, "iv": 68.15, "instrument_name": "BTC-31DEC21-56000-C", "index_price": 50948.73, "direction": "sell", "amount": 0.1}, {"trade_seq": 2376, "trade_id": "196573286", "timestamp": 1640578566469, "tick_direction": 2, "price": 0.004, "mark_price": 0.0041908, "iv": 69.85, "instrument_name": "BTC-31DEC21-56000-C", "index_price": 51007.95, "direction": "sell", "amount": 1.5}, {"trade_seq": 2375, "trade_id": "196572427", "timestamp": 1640577894917, "tick_direction": 1, "price": 0.0045, "mark_price": 0.00462219, "iv": 72.3, "instrument_name": "BTC-31DEC21-56000-C", "index_price": 50972.89, "direction": "sell", "amount": 0.8}, {"trade_seq": 2374, "trade_id": "196572425", "timestamp": 1640577880748, "tick_direction": 1, "price": 0.0045, "mark_price": 0.00461989, "iv": 72.27, "instrument_name": "BTC-31DEC21-56000-C", "index_price": 50976.25, "direction": "sell", "amount": 1.2}, {"trade_seq": 2373, "trade_id": "196572423", "timestamp": 1640577863614, "tick_direction": 1, "price": 0.0045, "mark_price": 0.0046103, "iv": 72.28, "instrument_name": "BTC-31DEC21-56000-C", "index_price": 50975.76, "direction": "sell", "amount": 1.4}, {"trade_seq": 2372, "trade_id": "196572416", "timestamp": 1640577822197, "tick_direction": 1, "price": 0.0045, "mark_price": 0.00464289, "iv": 72.03, "instrument_name": "BTC-31DEC21-56000-C", "index_price": 50987.35, "direction": "sell", "amount": 1.3}, {"trade_seq": 2371, "trade_id": "196572410", "timestamp": 1640577821234, "tick_direction": 1, "price": 0.0045, "mark_price": 0.00464492, "iv": 72.02, "instrument_name": "BTC-31DEC21-56000-C", "index_price": 50997.39, "direction": "sell", "amount": 1.7}, {"trade_seq": 2370, "trade_id": "196572407", "timestamp": 1640577821158, "tick_direction": 1, "price": 0.0045, "mark_price": 0.00464492, "iv": 72.02, "instrument_name": "BTC-31DEC21-56000-C", "index_price": 50997.39, "direction": "sell", "amount": 2.2}, {"trade_seq": 2369, "trade_id": "196572364", "timestamp": 1640577810450, "tick_direction": 1, "price": 0.0045, "mark_price": 0.00466736, "iv": 71.89, "instrument_name": "BTC-31DEC21-56000-C", "index_price": 51008.82, "direction": "sell", "amount": 1.3}, {"trade_seq": 2368, "trade_id": "196572361", "timestamp": 1640577810095, "tick_direction": 1, "price": 0.0045, "mark_price": 0.00466736, "iv": 71.9, "instrument_name": "BTC-31DEC21-56000-C", "index_price": 51010.82, "direction": "sell", "amount": 1.2}, {"trade_seq": 2367, "trade_id": "196572356", "timestamp": 1640577802784, "tick_direction": 1, "price": 0.0045, "mark_price": 0.00466828, "iv": 71.88, "instrument_name": "BTC-31DEC21-56000-C", "index_price": 51013.06, "direction": "sell", "amount": 1.5}, {"trade_seq": 2366, "trade_id": "196572255", "timestamp": 1640577337554, "tick_direction": 1, "price": 0.0045, "mark_price": 0.00448469, "iv": 71.71, "instrument_name": "BTC-31DEC21-56000-C", "index_price": 51030.05, "direction": "sell", "amount": 1.7}, {"trade_seq": 2365, "trade_id": "196572252", "timestamp": 1640577335410, "tick_direction": 1, "price": 0.0045, "mark_price": 0.00449711, "iv": 71.65, "instrument_name": "BTC-31DEC21-56000-C", "index_price": 51034.48, "direction": "sell", "amount": 1.6}, {"trade_seq": 2364, "trade_id": "196572240", "timestamp": 1640577321744, "tick_direction": 1, "price": 0.0045, "mark_price": 0.00451279, "iv": 71.52, "instrument_name": "BTC-31DEC21-56000-C", "index_price": 51047.47, "direction": "sell", "amount": 1.2}, {"trade_seq": 2363, "trade_id": "196572188", "timestamp": 1640577255032, "tick_direction": 1, "price": 0.0045, "mark_price": 0.0044878, "iv": 71.3, "instrument_name": "BTC-31DEC21-56000-C", "index_price": 51064.34, "direction": "sell", "amount": 1.6}, {"trade_seq": 2362, "trade_id": "196572138", "timestamp": 1640577243701, "tick_direction": 0, "price": 0.0045, "mark_price": 0.00451363, "iv": 71.12, "instrument_name": "BTC-31DEC21-56000-C", "index_price": 51072.51, "direction": "sell", "amount": 1.3}, {"trade_seq": 2361, "trade_id": "196567053", "timestamp": 1640571833785, "tick_direction": 3, "price": 0.0035, "mark_price": 0.00394582, "iv": 69.2, "instrument_name": "BTC-31DEC21-56000-C", "index_price": 50760.72, "direction": "sell", "amount": 1.0}, {"trade_seq": 2360, "trade_id": "196566867", "timestamp": 1640571197267, "tick_direction": 3, "price": 0.0035, "mark_price": 0.00403314, "iv": 68.58, "instrument_name": "BTC-31DEC21-56000-C", "index_price": 50797.64, "direction": "sell", "amount": 0.1}, {"trade_seq": 2359, "trade_id": "196564116", "timestamp": 1640567081731, "tick_direction": 3, "price": 0.0035, "mark_price": 0.00376853, "iv": 71.41, "instrument_name": "BTC-31DEC21-56000-C", "index_price": 50509.77, "direction": "buy", "amount": 0.5}, {"trade_seq": 2358, "trade_id": "196564115", "timestamp": 1640567081729, "tick_direction": 2, "price": 0.0035, "mark_price": 0.00376853, "iv": 71.41, "instrument_name": "BTC-31DEC21-56000-C", "index_price": 50509.77, "direction": "buy", "amount": 2.9}, {"trade_seq": 2357, "trade_id": "196560593", "timestamp": 1640565320475, "tick_direction": 1, "price": 0.0045, "mark_price": 0.00429184, "iv": 72.07, "instrument_name": "BTC-31DEC21-56000-C", "index_price": 50898.78, "direction": "sell", "amount": 14.6}, {"trade_seq": 2356, "trade_id": "196560576", "timestamp": 1640565313151, "tick_direction": 1, "price": 0.0045, "mark_price": 0.00430217, "iv": 71.93, "instrument_name": "BTC-31DEC21-56000-C", "index_price": 50909.47, "direction": "sell", "amount": 14.4}, {"trade_seq": 2355, "trade_id": "196560575", "timestamp": 1640565313124, "tick_direction": 1, "price": 0.0045, "mark_price": 0.00430217, "iv": 71.93, "instrument_name": "BTC-31DEC21-56000-C", "index_price": 50909.47, "direction": "sell", "amount": 14.7}, {"trade_seq": 2354, "trade_id": "196560523", "timestamp": 1640565195060, "tick_direction": 1, "price": 0.0045, "mark_price": 0.00408212, "iv": 71.83, "instrument_name": "BTC-31DEC21-56000-C", "index_price": 50913.32, "direction": "sell", "amount": 4.1}, {"trade_seq": 2353, "trade_id": "196560522", "timestamp": 1640565194343, "tick_direction": 0, "price": 0.0045, "mark_price": 0.00407961, "iv": 71.83, "instrument_name": "BTC-31DEC21-56000-C", "index_price": 50913.32, "direction": "buy", "amount": 2.2}, {"trade_seq": 2352, "trade_id": "196557020", "timestamp": 1640560266507, "tick_direction": 2, "price": 0.0035, "mark_price": 0.00402192, "iv": 67.25, "instrument_name": "BTC-31DEC21-56000-C", "index_price": 50860.84, "direction": "sell", "amount": 1.0}, {"trade_seq": 2351, "trade_id": "196554277", "timestamp": 1640558435192, "tick_direction": 1, "price": 0.0055, "mark_price": 0.00508254, "iv": 72.34, "instrument_name": "BTC-31DEC21-56000-C", "index_price": 51203.97, "direction": "buy", "amount": 0.4}, {"trade_seq": 2350, "trade_id": "196554276", "timestamp": 1640558435192, "tick_direction": 1, "price": 0.0055, "mark_price": 0.00508254, "iv": 72.34, "instrument_name": "BTC-31DEC21-56000-C", "index_price": 51203.97, "direction": "buy", "amount": 3.7}, {"trade_seq": 2349, "trade_id": "196554275", "timestamp": 1640558435192, "tick_direction": 0, "price": 0.0055, "mark_price": 0.00508254, "iv": 72.34, "instrument_name": "BTC-31DEC21-56000-C", "index_price": 51203.97, "direction": "buy", "amount": 2.7}, {"trade_seq": 2348, "trade_id": "196547411", "timestamp": 1640554989670, "tick_direction": 0, "price": 0.0045, "mark_price": 0.00463295, "iv": 71.44, "instrument_name": "BTC-31DEC21-56000-C", "index_price": 50830.84, "direction": "sell", "amount": 0.1}, {"trade_seq": 2347, "trade_id": "196536424", "timestamp": 1640545097291, "tick_direction": 3, "price": 0.0035, "mark_price": 0.00350038, "iv": 70.94, "instrument_name": "BTC-31DEC21-56000-C", "index_price": 50342.89, "direction": "buy", "amount": 0.1}, {"trade_seq": 2346, "trade_id": "196536413", "timestamp": 1640545095758, "tick_direction": 3, "price": 0.0035, "mark_price": 0.00347251, "iv": 71.09, "instrument_name": "BTC-31DEC21-56000-C", "index_price": 50324.68, "direction": "buy", "amount": 0.2}, {"trade_seq": 2345, "trade_id": "196535179", "timestamp": 1640543481991, "tick_direction": 2, "price": 0.0035, "mark_price": 0.00346417, "iv": 71.46, "instrument_name": "BTC-31DEC21-56000-C", "index_price": 50271.38, "direction": "buy", "amount": 0.7}, {"trade_seq": 2344, "trade_id": "196533204", "timestamp": 1640540428708, "tick_direction": 0, "price": 0.004, "mark_price": 0.00380311, "iv": 72.51, "instrument_name": "BTC-31DEC21-56000-C", "index_price": 50384.91, "direction": "buy", "amount": 0.9}, {"trade_seq": 2343, "trade_id": "196532812", "timestamp": 1640539794908, "tick_direction": 0, "price": 0.0035, "mark_price": 0.00372764, "iv": 70.89, "instrument_name": "BTC-31DEC21-56000-C", "index_price": 50299.93, "direction": "sell", "amount": 0.3}, {"trade_seq": 2342, "trade_id": "196522235", "timestamp": 1640527012211, "tick_direction": 2, "price": 0.0025, "mark_price": 0.00319403, "iv": 68.25, "instrument_name": "BTC-31DEC21-56000-C", "index_price": 49843.54, "direction": "sell", "amount": 1.0}, {"trade_seq": 2341, "trade_id": "196522213", "timestamp": 1640526959560, "tick_direction": 2, "price": 0.003, "mark_price": 0.00324804, "iv": 71.23, "instrument_name": "BTC-31DEC21-56000-C", "index_price": 49845.83, "direction": "sell", "amount": 0.9}, {"trade_seq": 2340, "trade_id": "196521172", "timestamp": 1640524484407, "tick_direction": 1, "price": 0.0035, "mark_price": 0.00328644, "iv": 73.08, "instrument_name": "BTC-31DEC21-56000-C", "index_price": 49924.21, "direction": "buy", "amount": 3.9}, {"trade_seq": 2339, "trade_id": "196520956", "timestamp": 1640523981205, "tick_direction": 1, "price": 0.0035, "mark_price": 0.00326629, "iv": 72.93, "instrument_name": "BTC-31DEC21-56000-C", "index_price": 49934.65, "direction": "buy", "amount": 2.2}, {"trade_seq": 2338, "trade_id": "196519936", "timestamp": 1640522239076, "tick_direction": 1, "price": 0.0035, "mark_price": 0.00308795, "iv": 74.21, "instrument_name": "BTC-31DEC21-56000-C", "index_price": 49785.64, "direction": "buy", "amount": 1.0}, {"trade_seq": 2337, "trade_id": "196512641", "timestamp": 1640517292603, "tick_direction": 0, "price": 0.0035, "mark_price": 0.00339117, "iv": 71.03, "instrument_name": "BTC-31DEC21-56000-C", "index_price": 50084.97, "direction": "buy", "amount": 1.3}, {"trade_seq": 2336, "trade_id": "196511377", "timestamp": 1640515259925, "tick_direction": 3, "price": 0.003, "mark_price": 0.00355773, "iv": 67.74, "instrument_name": "BTC-31DEC21-56000-C", "index_price": 50124.72, "direction": "sell", "amount": 0.2}, {"trade_seq": 2335, "trade_id": "196510991", "timestamp": 1640514829029, "tick_direction": 2, "price": 0.003, "mark_price": 0.00349098, "iv": 68.29, "instrument_name": "BTC-31DEC21-56000-C", "index_price": 50066.33, "direction": "sell", "amount": 0.1}, {"trade_seq": 2334, "trade_id": "196507928", "timestamp": 1640512082701, "tick_direction": 1, "price": 0.004, "mark_price": 0.0035953, "iv": 72.86, "instrument_name": "BTC-31DEC21-56000-C", "index_price": 50094.56, "direction": "buy", "amount": 0.6}, {"trade_seq": 2333, "trade_id": "196507927", "timestamp": 1640512082701, "tick_direction": 0, "price": 0.004, "mark_price": 0.0035953, "iv": 72.86, "instrument_name": "BTC-31DEC21-56000-C", "index_price": 50094.56, "direction": "buy", "amount": 2.4}, {"trade_seq": 2332, "trade_id": "196497705", "timestamp": 1640496279458, "tick_direction": 2, "price": 0.0035, "mark_price": 0.00398049, "iv": 70.87, "instrument_name": "BTC-31DEC21-56000-C", "index_price": 49922.38, "direction": "sell", "amount": 1.0}, {"trade_seq": 2331, "trade_id": "196485744", "timestamp": 1640487809260, "tick_direction": 3, "price": 0.004, "mark_price": 0.0042142, "iv": 72.22, "instrument_name": "BTC-31DEC21-56000-C", "index_price": 49950.29, "direction": "sell", "amount": 0.1}, {"trade_seq": 2330, "trade_id": "196485743", "timestamp": 1640487809260, "tick_direction": 3, "price": 0.004, "mark_price": 0.0042142, "iv": 72.22, "instrument_name": "BTC-31DEC21-56000-C", "index_price": 49950.29, "direction": "sell", "amount": 15.0}, {"trade_seq": 2329, "trade_id": "196485742", "timestamp": 1640487809260, "tick_direction": 2, "price": 0.004, "mark_price": 0.0042142, "iv": 72.22, "instrument_name": "BTC-31DEC21-56000-C", "index_price": 49950.29, "direction": "sell", "amount": 0.1}, {"trade_seq": 2328, "trade_id": "196484995", "timestamp": 1640487010693, "tick_direction": 2, "price": 0.0045, "mark_price": 0.00472903, "iv": 72.13, "instrument_name": "BTC-31DEC21-56000-C", "index_price": 50197.09, "direction": "buy", "amount": 2.0}, {"trade_seq": 2327, "trade_id": "196480128", "timestamp": 1640486007112, "tick_direction": 3, "price": 0.005, "mark_price": 0.00515881, "iv": 73.65, "instrument_name": "BTC-31DEC21-56000-C", "index_price": 50257.14, "direction": "sell", "amount": 0.2}, {"trade_seq": 2326, "trade_id": "196479894", "timestamp": 1640486006277, "tick_direction": 3, "price": 0.005, "mark_price": 0.00515845, "iv": 73.16, "instrument_name": "BTC-31DEC21-56000-C", "index_price": 50295.91, "direction": "sell", "amount": 1.7}, {"trade_seq": 2325, "trade_id": "196479874", "timestamp": 1640486004380, "tick_direction": 3, "price": 0.005, "mark_price": 0.00520216, "iv": 73.03, "instrument_name": "BTC-31DEC21-56000-C", "index_price": 50313.46, "direction": "sell", "amount": 1.3}, {"trade_seq": 2324, "trade_id": "196479860", "timestamp": 1640486003798, "tick_direction": 2, "price": 0.005, "mark_price": 0.00520216, "iv": 73.03, "instrument_name": "BTC-31DEC21-56000-C", "index_price": 50313.46, "direction": "sell", "amount": 1.7}, {"trade_seq": 2323, "trade_id": "196477397", "timestamp": 1640482945616, "tick_direction": 1, "price": 0.0065, "mark_price": 0.00631816, "iv": 75.33, "instrument_name": "BTC-31DEC21-56000-C", "index_price": 50641.52, "direction": "buy", "amount": 0.3}, {"trade_seq": 2322, "trade_id": "196477396", "timestamp": 1640482945616, "tick_direction": 0, "price": 0.0065, "mark_price": 0.00631816, "iv": 75.33, "instrument_name": "BTC-31DEC21-56000-C", "index_price": 50641.52, "direction": "buy", "amount": 2.7}, {"trade_seq": 2321, "trade_id": "196474779", "timestamp": 1640480077563, "tick_direction": 2, "price": 0.0055, "mark_price": 0.00609011, "iv": 73.41, "instrument_name": "BTC-31DEC21-56000-C", "index_price": 50435.24, "direction": "sell", "amount": 0.1}, {"trade_seq": 2320, "trade_id": "196473795", "timestamp": 1640479355522, "tick_direction": 2, "price": 0.006, "mark_price": 0.00583068, "iv": 76.01, "instrument_name": "BTC-31DEC21-56000-C", "index_price": 50358.9, "direction": "sell", "amount": 3.0}, {"trade_seq": 2319, "trade_id": "196461668", "timestamp": 1640468593624, "tick_direction": 1, "price": 0.007, "mark_price": 0.00720613, "iv": 71.07, "instrument_name": "BTC-31DEC21-56000-C", "index_price": 51089.61, "direction": "sell", "amount": 0.3}, {"trade_seq": 2318, "trade_id": "196461667", "timestamp": 1640468573590, "tick_direction": 0, "price": 0.007, "mark_price": 0.00718698, "iv": 71.09, "instrument_name": "BTC-31DEC21-56000-C", "index_price": 51085.15, "direction": "sell", "amount": 0.9}, {"trade_seq": 2317, "trade_id": "196461445", "timestamp": 1640468271601, "tick_direction": 3, "price": 0.0065, "mark_price": 0.0070397, "iv": 69.74, "instrument_name": "BTC-31DEC21-56000-C", "index_price": 51051.1, "direction": "sell", "amount": 1.0}, {"trade_seq": 2316, "trade_id": "196461439", "timestamp": 1640468253591, "tick_direction": 3, "price": 0.0065, "mark_price": 0.00703373, "iv": 69.77, "instrument_name": "BTC-31DEC21-56000-C", "index_price": 51047.15, "direction": "sell", "amount": 0.3}, {"trade_seq": 2315, "trade_id": "196461438", "timestamp": 1640468253591, "tick_direction": 2, "price": 0.0065, "mark_price": 0.00703373, "iv": 69.77, "instrument_name": "BTC-31DEC21-56000-C", "index_price": 51047.15, "direction": "sell", "amount": 0.1}, {"trade_seq": 2314, "trade_id": "196457018", "timestamp": 1640462905759, "tick_direction": 0, "price": 0.007, "mark_price": 0.00694985, "iv": 71.63, "instrument_name": "BTC-31DEC21-56000-C", "index_price": 50989.36, "direction": "buy", "amount": 2.0}, {"trade_seq": 2313, "trade_id": "196455716", "timestamp": 1640459987551, "tick_direction": 2, "price": 0.0065, "mark_price": 0.00700692, "iv": 69.98, "instrument_name": "BTC-31DEC21-56000-C", "index_price": 50945.09, "direction": "sell", "amount": 0.2}, {"trade_seq": 2312, "trade_id": "196453128", "timestamp": 1640457579564, "tick_direction": 1, "price": 0.007, "mark_price": 0.00704322, "iv": 70.59, "instrument_name": "BTC-31DEC21-56000-C", "index_price": 51064.43, "direction": "sell", "amount": 0.1}, {"trade_seq": 2311, "trade_id": "196452280", "timestamp": 1640457286284, "tick_direction": 0, "price": 0.007, "mark_price": 0.0069114, "iv": 70.13, "instrument_name": "BTC-31DEC21-56000-C", "index_price": 51127.09, "direction": "buy", "amount": 1.0}, {"trade_seq": 2310, "trade_id": "196452006", "timestamp": 1640457263547, "tick_direction": 1, "price": 0.0065, "mark_price": 0.00695094, "iv": 68.4, "instrument_name": "BTC-31DEC21-56000-C", "index_price": 51076.7, "direction": "sell", "amount": 0.1}, {"trade_seq": 2309, "trade_id": "196452005", "timestamp": 1640457263547, "tick_direction": 0, "price": 0.0065, "mark_price": 0.00695094, "iv": 68.4, "instrument_name": "BTC-31DEC21-56000-C", "index_price": 51076.7, "direction": "sell", "amount": 0.1}, {"trade_seq": 2308, "trade_id": "196446941", "timestamp": 1640454929234, "tick_direction": 0, "price": 0.006, "mark_price": 0.00615311, "iv": 70.77, "instrument_name": "BTC-31DEC21-56000-C", "index_price": 50673.41, "direction": "buy", "amount": 0.1}, {"trade_seq": 2307, "trade_id": "196445334", "timestamp": 1640454494721, "tick_direction": 2, "price": 0.0055, "mark_price": 0.00576918, "iv": 70.89, "instrument_name": "BTC-31DEC21-56000-C", "index_price": 50473.19, "direction": "sell", "amount": 0.1}, {"trade_seq": 2306, "trade_id": "196444423", "timestamp": 1640453805312, "tick_direction": 0, "price": 0.006, "mark_price": 0.00585027, "iv": 73.39, "instrument_name": "BTC-31DEC21-56000-C", "index_price": 50393.47, "direction": "sell", "amount": 1.5}, {"trade_seq": 2305, "trade_id": "196443848", "timestamp": 1640453498821, "tick_direction": 3, "price": 0.0055, "mark_price": 0.00557703, "iv": 72.39, "instrument_name": "BTC-31DEC21-56000-C", "index_price": 50303.18, "direction": "sell", "amount": 1.5}, {"trade_seq": 2304, "trade_id": "196443636", "timestamp": 1640453326006, "tick_direction": 3, "price": 0.0055, "mark_price": 0.00559174, "iv": 72.17, "instrument_name": "BTC-31DEC21-56000-C", "index_price": 50330.1, "direction": "sell", "amount": 1.0}, {"trade_seq": 2303, "trade_id": "196438458", "timestamp": 1640451056297, "tick_direction": 2, "price": 0.0055, "mark_price": 0.00600961, "iv": 69.22, "instrument_name": "BTC-31DEC21-56000-C", "index_price": 50606.21, "direction": "sell", "amount": 0.5}, {"trade_seq": 2302, "trade_id": "196435623", "timestamp": 1640448827598, "tick_direction": 0, "price": 0.0065, "mark_price": 0.0063584, "iv": 72.3, "instrument_name": "BTC-31DEC21-56000-C", "index_price": 50649.89, "direction": "buy", "amount": 2.3}, {"trade_seq": 2301, "trade_id": "196433117", "timestamp": 1640444776172, "tick_direction": 2, "price": 0.006, "mark_price": 0.00651701, "iv": 68.87, "instrument_name": "BTC-31DEC21-56000-C", "index_price": 50799.42, "direction": "sell", "amount": 0.1}, {"trade_seq": 2300, "trade_id": "196431851", "timestamp": 1640442262224, "tick_direction": 0, "price": 0.007, "mark_price": 0.00683159, "iv": 72.51, "instrument_name": "BTC-31DEC21-56000-C", "index_price": 50759.08, "direction": "buy", "amount": 0.1}, {"trade_seq": 2299, "trade_id": "196428149", "timestamp": 1640438186523, "tick_direction": 0, "price": 0.0065, "mark_price": 0.00673342, "iv": 69.86, "instrument_name": "BTC-31DEC21-56000-C", "index_price": 50803.4, "direction": "sell", "amount": 1.0}, {"trade_seq": 2298, "trade_id": "196425253", "timestamp": 1640433200256, "tick_direction": 3, "price": 0.006, "mark_price": 0.00575955, "iv": 69.32, "instrument_name": "BTC-31DEC21-56000-C", "index_price": 50663.59, "direction": "buy", "amount": 0.3}, {"trade_seq": 2297, "trade_id": "196424522", "timestamp": 1640430792394, "tick_direction": 2, "price": 0.006, "mark_price": 0.00619127, "iv": 68.19, "instrument_name": "BTC-31DEC21-56000-C", "index_price": 50758.01, "direction": "buy", "amount": 0.1}, {"trade_seq": 2296, "trade_id": "196419904", "timestamp": 1640427450253, "tick_direction": 1, "price": 0.0065, "mark_price": 0.00597995, "iv": 68.91, "instrument_name": "BTC-31DEC21-56000-C", "index_price": 50838.42, "direction": "buy", "amount": 10.9}, {"trade_seq": 2295, "trade_id": "196419903", "timestamp": 1640427447763, "tick_direction": 1, "price": 0.0065, "mark_price": 0.00597956, "iv": 68.91, "instrument_name": "BTC-31DEC21-56000-C", "index_price": 50838.56, "direction": "buy", "amount": 0.1}, {"trade_seq": 2294, "trade_id": "196419902", "timestamp": 1640427447763, "tick_direction": 1, "price": 0.0065, "mark_price": 0.00597956, "iv": 68.91, "instrument_name": "BTC-31DEC21-56000-C", "index_price": 50838.56, "direction": "buy", "amount": 15.0}, {"trade_seq": 2293, "trade_id": "196419901", "timestamp": 1640427447763, "tick_direction": 0, "price": 0.0065, "mark_price": 0.00597956, "iv": 68.91, "instrument_name": "BTC-31DEC21-56000-C", "index_price": 50838.56, "direction": "buy", "amount": 9.0}, {"trade_seq": 2292, "trade_id": "196419358", "timestamp": 1640426628546, "tick_direction": 3, "price": 0.006, "mark_price": 0.0057627, "iv": 67.83, "instrument_name": "BTC-31DEC21-56000-C", "index_price": 50770.96, "direction": "buy", "amount": 2.3}, {"trade_seq": 2291, "trade_id": "196419050", "timestamp": 1640426142390, "tick_direction": 2, "price": 0.006, "mark_price": 0.00571198, "iv": 66.67, "instrument_name": "BTC-31DEC21-56000-C", "index_price": 50888.5, "direction": "buy", "amount": 6.0}, {"trade_seq": 2290, "trade_id": "196416534", "timestamp": 1640420022668, "tick_direction": 2, "price": 0.0065, "mark_price": 0.00681168, "iv": 67.48, "instrument_name": "BTC-31DEC21-56000-C", "index_price": 50946.08, "direction": "sell", "amount": 0.1}, {"trade_seq": 2289, "trade_id": "196416305", "timestamp": 1640419650845, "tick_direction": 2, "price": 0.007, "mark_price": 0.00698487, "iv": 68.84, "instrument_name": "BTC-31DEC21-56000-C", "index_price": 50981.13, "direction": "buy", "amount": 10.0}, {"trade_seq": 2288, "trade_id": "196414884", "timestamp": 1640417120018, "tick_direction": 1, "price": 0.0075, "mark_price": 0.00777317, "iv": 69.4, "instrument_name": "BTC-31DEC21-56000-C", "index_price": 51051.66, "direction": "sell", "amount": 3.2}, {"trade_seq": 2287, "trade_id": "196414883", "timestamp": 1640417120018, "tick_direction": 1, "price": 0.0075, "mark_price": 0.00777317, "iv": 69.4, "instrument_name": "BTC-31DEC21-56000-C", "index_price": 51051.66, "direction": "sell", "amount": 0.1}, {"trade_seq": 2286, "trade_id": "196414882", "timestamp": 1640417120018, "tick_direction": 1, "price": 0.0075, "mark_price": 0.00777317, "iv": 69.4, "instrument_name": "BTC-31DEC21-56000-C", "index_price": 51051.66, "direction": "sell", "amount": 10.7}, {"trade_seq": 2285, "trade_id": "196414636", "timestamp": 1640416266030, "tick_direction": 0, "price": 0.0075, "mark_price": 0.00773743, "iv": 70.0, "instrument_name": "BTC-31DEC21-56000-C", "index_price": 50989.78, "direction": "sell", "amount": 4.0}, {"trade_seq": 2284, "trade_id": "196411154", "timestamp": 1640412135451, "tick_direction": 2, "price": 0.007, "mark_price": 0.00749487, "iv": 68.88, "instrument_name": "BTC-31DEC21-56000-C", "index_price": 50913.36, "direction": "sell", "amount": 0.7}, {"trade_seq": 2283, "trade_id": "196410308", "timestamp": 1640408216884, "tick_direction": 3, "price": 0.008, "mark_price": 0.00770435, "iv": 72.09, "instrument_name": "BTC-31DEC21-56000-C", "index_price": 50899.96, "direction": "buy", "amount": 0.1}, {"trade_seq": 2282, "trade_id": "196409279", "timestamp": 1640405528031, "tick_direction": 2, "price": 0.008, "mark_price": 0.00828686, "iv": 70.9, "instrument_name": "BTC-31DEC21-56000-C", "index_price": 50971.23, "direction": "sell", "amount": 0.2}, {"trade_seq": 2281, "trade_id": "196406569", "timestamp": 1640399663519, "tick_direction": 1, "price": 0.009, "mark_price": 0.00879822, "iv": 72.1, "instrument_name": "BTC-31DEC21-56000-C", "index_price": 51131.28, "direction": "buy", "amount": 2.4}, {"trade_seq": 2280, "trade_id": "196406568", "timestamp": 1640399660907, "tick_direction": 1, "price": 0.009, "mark_price": 0.00880939, "iv": 72.07, "instrument_name": "BTC-31DEC21-56000-C", "index_price": 51136.42, "direction": "buy", "amount": 2.0}, {"trade_seq": 2279, "trade_id": "196406515", "timestamp": 1640399648200, "tick_direction": 1, "price": 0.009, "mark_price": 0.00883673, "iv": 72.03, "instrument_name": "BTC-31DEC21-56000-C", "index_price": 51141.29, "direction": "buy", "amount": 3.2}, {"trade_seq": 2278, "trade_id": "196406508", "timestamp": 1640399644110, "tick_direction": 0, "price": 0.009, "mark_price": 0.00883844, "iv": 71.98, "instrument_name": "BTC-31DEC21-56000-C", "index_price": 51146.29, "direction": "buy", "amount": 2.3}, {"trade_seq": 2277, "trade_id": "196406282", "timestamp": 1640398933574, "tick_direction": 2, "price": 0.0085, "mark_price": 0.00896591, "iv": 71.34, "instrument_name": "BTC-31DEC21-56000-C", "index_price": 51064.57, "direction": "sell", "amount": 0.2}, {"trade_seq": 2276, "trade_id": "196405097", "timestamp": 1640394887115, "tick_direction": 0, "price": 0.01, "mark_price": 0.00970216, "iv": 75.11, "instrument_name": "BTC-31DEC21-56000-C", "index_price": 51091.06, "direction": "buy", "amount": 0.1}, {"trade_seq": 2275, "trade_id": "196404357", "timestamp": 1640393955599, "tick_direction": 2, "price": 0.0095, "mark_price": 0.00978901, "iv": 73.63, "instrument_name": "BTC-31DEC21-56000-C", "index_price": 51074.42, "direction": "sell", "amount": 0.1}, {"trade_seq": 2274, "trade_id": "196393294", "timestamp": 1640381289071, "tick_direction": 3, "price": 0.01, "mark_price": 0.01028791, "iv": 73.49, "instrument_name": "BTC-31DEC21-56000-C", "index_price": 51145.28, "direction": "sell", "amount": 1.0}, {"trade_seq": 2273, "trade_id": "196391809", "timestamp": 1640378926821, "tick_direction": 3, "price": 0.01, "mark_price": 0.01059127, "iv": 72.6, "instrument_name": "BTC-31DEC21-56000-C", "index_price": 51230.08, "direction": "sell", "amount": 0.3}, {"trade_seq": 2272, "trade_id": "196391808", "timestamp": 1640378921334, "tick_direction": 3, "price": 0.01, "mark_price": 0.01060822, "iv": 72.56, "instrument_name": "BTC-31DEC21-56000-C", "index_price": 51234.74, "direction": "sell", "amount": 0.3}, {"trade_seq": 2271, "trade_id": "196391807", "timestamp": 1640378918371, "tick_direction": 2, "price": 0.01, "mark_price": 0.010587, "iv": 72.61, "instrument_name": "BTC-31DEC21-56000-C", "index_price": 51232.74, "direction": "sell", "amount": 0.3}, {"trade_seq": 2270, "trade_id": "196391805", "timestamp": 1640378913797, "tick_direction": 0, "price": 0.0105, "mark_price": 0.01055405, "iv": 74.06, "instrument_name": "BTC-31DEC21-56000-C", "index_price": 51225.03, "direction": "sell", "amount": 0.3}, {"trade_seq": 2269, "trade_id": "196391800", "timestamp": 1640378910937, "tick_direction": 3, "price": 0.01, "mark_price": 0.01053339, "iv": 72.76, "instrument_name": "BTC-31DEC21-56000-C", "index_price": 51218.03, "direction": "sell", "amount": 0.3}, {"trade_seq": 2268, "trade_id": "196391798", "timestamp": 1640378906911, "tick_direction": 3, "price": 0.01, "mark_price": 0.01052244, "iv": 72.79, "instrument_name": "BTC-31DEC21-56000-C", "index_price": 51213.2, "direction": "sell", "amount": 0.3}, {"trade_seq": 2267, "trade_id": "196391796", "timestamp": 1640378902128, "tick_direction": 3, "price": 0.01, "mark_price": 0.01047578, "iv": 72.9, "instrument_name": "BTC-31DEC21-56000-C", "index_price": 51203.83, "direction": "sell", "amount": 0.1}, {"trade_seq": 2266, "trade_id": "196391795", "timestamp": 1640378902128, "tick_direction": 3, "price": 0.01, "mark_price": 0.01047578, "iv": 72.9, "instrument_name": "BTC-31DEC21-56000-C", "index_price": 51203.83, "direction": "sell", "amount": 0.2}, {"trade_seq": 2265, "trade_id": "196391062", "timestamp": 1640378263739, "tick_direction": 2, "price": 0.01, "mark_price": 0.01036074, "iv": 73.56, "instrument_name": "BTC-31DEC21-56000-C", "index_price": 51138.54, "direction": "sell", "amount": 1.8}, {"trade_seq": 2264, "trade_id": "196385874", "timestamp": 1640375229984, "tick_direction": 0, "price": 0.011, "mark_price": 0.01101955, "iv": 73.27, "instrument_name": "BTC-31DEC21-56000-C", "index_price": 51401.12, "direction": "sell", "amount": 0.1}, {"trade_seq": 2263, "trade_id": "196385409", "timestamp": 1640375001540, "tick_direction": 3, "price": 0.0105, "mark_price": 0.01100954, "iv": 72.02, "instrument_name": "BTC-31DEC21-56000-C", "index_price": 51382.9, "direction": "sell", "amount": 0.1}, {"trade_seq": 2262, "trade_id": "196385408", "timestamp": 1640375001540, "tick_direction": 2, "price": 0.0105, "mark_price": 0.01100954, "iv": 72.02, "instrument_name": "BTC-31DEC21-56000-C", "index_price": 51382.9, "direction": "sell", "amount": 0.2}, {"trade_seq": 2261, "trade_id": "196385211", "timestamp": 1640374880485, "tick_direction": 3, "price": 0.011, "mark_price": 0.01095225, "iv": 73.41, "instrument_name": "BTC-31DEC21-56000-C", "index_price": 51386.17, "direction": "sell", "amount": 0.2}, {"trade_seq": 2260, "trade_id": "196384421", "timestamp": 1640374597428, "tick_direction": 2, "price": 0.011, "mark_price": 0.01090162, "iv": 73.6, "instrument_name": "BTC-31DEC21-56000-C", "index_price": 51362.84, "direction": "sell", "amount": 0.2}, {"trade_seq": 2259, "trade_id": "196382637", "timestamp": 1640373448049, "tick_direction": 3, "price": 0.0115, "mark_price": 0.01136208, "iv": 72.34, "instrument_name": "BTC-31DEC21-56000-C", "index_price": 51621.14, "direction": "sell", "amount": 16.7}, {"trade_seq": 2258, "trade_id": "196382416", "timestamp": 1640373424524, "tick_direction": 2, "price": 0.0115, "mark_price": 0.01147773, "iv": 72.2, "instrument_name": "BTC-31DEC21-56000-C", "index_price": 51644.15, "direction": "sell", "amount": 0.2}, {"trade_seq": 2257, "trade_id": "196382022", "timestamp": 1640373383590, "tick_direction": 1, "price": 0.012, "mark_price": 0.01196521, "iv": 72.03, "instrument_name": "BTC-31DEC21-56000-C", "index_price": 51768.87, "direction": "sell", "amount": 2.3}, {"trade_seq": 2256, "trade_id": "196379964", "timestamp": 1640373050978, "tick_direction": 0, "price": 0.012, "mark_price": 0.01180504, "iv": 71.59, "instrument_name": "BTC-31DEC21-56000-C", "index_price": 51833.4, "direction": "buy", "amount": 1.0}, {"trade_seq": 2255, "trade_id": "196375758", "timestamp": 1640371945835, "tick_direction": 0, "price": 0.011, "mark_price": 0.01062054, "iv": 71.2, "instrument_name": "BTC-31DEC21-56000-C", "index_price": 51609.19, "direction": "sell", "amount": 0.2}, {"trade_seq": 2254, "trade_id": "196373751", "timestamp": 1640371758258, "tick_direction": 1, "price": 0.01, "mark_price": 0.01024246, "iv": 69.03, "instrument_name": "BTC-31DEC21-56000-C", "index_price": 51546.01, "direction": "buy", "amount": 0.1}, {"trade_seq": 2253, "trade_id": "196373750", "timestamp": 1640371758247, "tick_direction": 1, "price": 0.01, "mark_price": 0.01024246, "iv": 69.03, "instrument_name": "BTC-31DEC21-56000-C", "index_price": 51546.01, "direction": "buy", "amount": 0.9}, {"trade_seq": 2252, "trade_id": "196373749", "timestamp": 1640371758247, "tick_direction": 1, "price": 0.01, "mark_price": 0.01024246, "iv": 69.03, "instrument_name": "BTC-31DEC21-56000-C", "index_price": 51546.01, "direction": "buy", "amount": 1.4}, {"trade_seq": 2251, "trade_id": "196373748", "timestamp": 1640371758218, "tick_direction": 1, "price": 0.01, "mark_price": 0.01024246, "iv": 69.03, "instrument_name": "BTC-31DEC21-56000-C", "index_price": 51546.01, "direction": "buy", "amount": 5.0}, {"trade_seq": 2250, "trade_id": "196373744", "timestamp": 1640371758011, "tick_direction": 1, "price": 0.01, "mark_price": 0.01023672, "iv": 69.03, "instrument_name": "BTC-31DEC21-56000-C", "index_price": 51546.01, "direction": "buy", "amount": 2.1}, {"trade_seq": 2249, "trade_id": "196373739", "timestamp": 1640371757656, "tick_direction": 0, "price": 0.01, "mark_price": 0.01023672, "iv": 69.05, "instrument_name": "BTC-31DEC21-56000-C", "index_price": 51531.33, "direction": "buy", "amount": 1.5}, {"trade_seq": 2248, "trade_id": "196371278", "timestamp": 1640370486097, "tick_direction": 2, "price": 0.009, "mark_price": 0.00904826, "iv": 69.82, "instrument_name": "BTC-31DEC21-56000-C", "index_price": 51173.36, "direction": "sell", "amount": 0.2}, {"trade_seq": 2247, "trade_id": "196370828", "timestamp": 1640370302078, "tick_direction": 1, "price": 0.0095, "mark_price": 0.00926658, "iv": 70.37, "instrument_name": "BTC-31DEC21-56000-C", "index_price": 51270.68, "direction": "sell", "amount": 2.6}, {"trade_seq": 2246, "trade_id": "196370827", "timestamp": 1640370302074, "tick_direction": 0, "price": 0.0095, "mark_price": 0.00926658, "iv": 70.37, "instrument_name": "BTC-31DEC21-56000-C", "index_price": 51270.68, "direction": "buy", "amount": 2.4}, {"trade_seq": 2245, "trade_id": "196370484", "timestamp": 1640369741540, "tick_direction": 2, "price": 0.0085, "mark_price": 0.00897352, "iv": 68.22, "instrument_name": "BTC-31DEC21-56000-C", "index_price": 51196.68, "direction": "sell", "amount": 0.5}, {"trade_seq": 2244, "trade_id": "196359649", "timestamp": 1640361509042, "tick_direction": 1, "price": 0.009, "mark_price": 0.00849423, "iv": 71.3, "instrument_name": "BTC-31DEC21-56000-C", "index_price": 50961.68, "direction": "buy", "amount": 2.0}, {"trade_seq": 2243, "trade_id": "196359307", "timestamp": 1640361256023, "tick_direction": 0, "price": 0.009, "mark_price": 0.00828599, "iv": 71.82, "instrument_name": "BTC-31DEC21-56000-C", "index_price": 50899.51, "direction": "buy", "amount": 0.2}, {"trade_seq": 2242, "trade_id": "196357498", "timestamp": 1640359035515, "tick_direction": 0, "price": 0.008, "mark_price": 0.00791387, "iv": 69.7, "instrument_name": "BTC-31DEC21-56000-C", "index_price": 50814.41, "direction": "buy", "amount": 0.1}, {"trade_seq": 2241, "trade_id": "196356547", "timestamp": 1640358409775, "tick_direction": 0, "price": 0.0075, "mark_price": 0.00761496, "iv": 69.61, "instrument_name": "BTC-31DEC21-56000-C", "index_price": 50642.95, "direction": "buy", "amount": 0.1}, {"trade_seq": 2240, "trade_id": "196356044", "timestamp": 1640358300557, "tick_direction": 2, "price": 0.007, "mark_price": 0.00709152, "iv": 69.4, "instrument_name": "BTC-31DEC21-56000-C", "index_price": 50519.26, "direction": "sell", "amount": 5.0}, {"trade_seq": 2239, "trade_id": "196353816", "timestamp": 1640358044219, "tick_direction": 3, "price": 0.0075, "mark_price": 0.00758769, "iv": 69.1, "instrument_name": "BTC-31DEC21-56000-C", "index_price": 50690.24, "direction": "sell", "amount": 5.0}, {"trade_seq": 2238, "trade_id": "196353809", "timestamp": 1640358033164, "tick_direction": 3, "price": 0.0075, "mark_price": 0.00761135, "iv": 69.01, "instrument_name": "BTC-31DEC21-56000-C", "index_price": 50698.43, "direction": "sell", "amount": 2.8}, {"trade_seq": 2237, "trade_id": "196353808", "timestamp": 1640358033164, "tick_direction": 2, "price": 0.0075, "mark_price": 0.00761135, "iv": 69.01, "instrument_name": "BTC-31DEC21-56000-C", "index_price": 50698.43, "direction": "sell", "amount": 0.2}, {"trade_seq": 2236, "trade_id": "196349574", "timestamp": 1640356667436, "tick_direction": 2, "price": 0.009, "mark_price": 0.00906135, "iv": 69.53, "instrument_name": "BTC-31DEC21-56000-C", "index_price": 51126.81, "direction": "sell", "amount": 1.1}, {"trade_seq": 2235, "trade_id": "196349025", "timestamp": 1640355765933, "tick_direction": 1, "price": 0.0095, "mark_price": 0.00892645, "iv": 70.16, "instrument_name": "BTC-31DEC21-56000-C", "index_price": 51190.28, "direction": "buy", "amount": 1.6}, {"trade_seq": 2234, "trade_id": "196349024", "timestamp": 1640355765933, "tick_direction": 0, "price": 0.0095, "mark_price": 0.00892645, "iv": 70.16, "instrument_name": "BTC-31DEC21-56000-C", "index_price": 51190.28, "direction": "buy", "amount": 3.4}, {"trade_seq": 2233, "trade_id": "196345169", "timestamp": 1640353483650, "tick_direction": 0, "price": 0.0085, "mark_price": 0.00860395, "iv": 67.68, "instrument_name": "BTC-31DEC21-56000-C", "index_price": 51138.34, "direction": "sell", "amount": 0.5}, {"trade_seq": 2232, "trade_id": "196342187", "timestamp": 1640350778261, "tick_direction": 3, "price": 0.008, "mark_price": 0.00820539, "iv": 67.27, "instrument_name": "BTC-31DEC21-56000-C", "index_price": 51037.91, "direction": "sell", "amount": 5.0}, {"trade_seq": 2231, "trade_id": "196340449", "timestamp": 1640348791074, "tick_direction": 3, "price": 0.008, "mark_price": 0.00821081, "iv": 67.31, "instrument_name": "BTC-31DEC21-56000-C", "index_price": 51019.99, "direction": "sell", "amount": 0.5}, {"trade_seq": 2230, "trade_id": "196340410", "timestamp": 1640348747564, "tick_direction": 3, "price": 0.008, "mark_price": 0.00820259, "iv": 67.32, "instrument_name": "BTC-31DEC21-56000-C", "index_price": 51029.02, "direction": "sell", "amount": 0.1}, {"trade_seq": 2229, "trade_id": "196340256", "timestamp": 1640348610306, "tick_direction": 3, "price": 0.008, "mark_price": 0.00831108, "iv": 66.92, "instrument_name": "BTC-31DEC21-56000-C", "index_price": 51059.07, "direction": "sell", "amount": 2.0}, {"trade_seq": 2228, "trade_id": "196337785", "timestamp": 1640346852829, "tick_direction": 3, "price": 0.008, "mark_price": 0.00816034, "iv": 68.13, "instrument_name": "BTC-31DEC21-56000-C", "index_price": 50925.68, "direction": "sell", "amount": 2.9}, {"trade_seq": 2227, "trade_id": "196337784", "timestamp": 1640346852829, "tick_direction": 3, "price": 0.008, "mark_price": 0.00816034, "iv": 68.13, "instrument_name": "BTC-31DEC21-56000-C", "index_price": 50925.68, "direction": "sell", "amount": 2.1}, {"trade_seq": 2226, "trade_id": "196337479", "timestamp": 1640346711958, "tick_direction": 2, "price": 0.008, "mark_price": 0.00811583, "iv": 68.04, "instrument_name": "BTC-31DEC21-56000-C", "index_price": 50932.5, "direction": "sell", "amount": 0.9}, {"trade_seq": 2225, "trade_id": "196333666", "timestamp": 1640344632712, "tick_direction": 1, "price": 0.0095, "mark_price": 0.00955754, "iv": 67.86, "instrument_name": "BTC-31DEC21-56000-C", "index_price": 51364.96, "direction": "sell", "amount": 0.2}, {"trade_seq": 2224, "trade_id": "196333665", "timestamp": 1640344632712, "tick_direction": 1, "price": 0.0095, "mark_price": 0.00955754, "iv": 67.86, "instrument_name": "BTC-31DEC21-56000-C", "index_price": 51364.96, "direction": "sell", "amount": 4.3}, {"trade_seq": 2223, "trade_id": "196333528", "timestamp": 1640344593592, "tick_direction": 0, "price": 0.0095, "mark_price": 0.0093559, "iv": 68.3, "instrument_name": "BTC-31DEC21-56000-C", "index_price": 51316.48, "direction": "buy", "amount": 0.1}, {"trade_seq": 2222, "trade_id": "196332973", "timestamp": 1640344232294, "tick_direction": 1, "price": 0.009, "mark_price": 0.00901072, "iv": 68.02, "instrument_name": "BTC-31DEC21-56000-C", "index_price": 51206.44, "direction": "buy", "amount": 0.1}, {"trade_seq": 2221, "trade_id": "196331700", "timestamp": 1640342821852, "tick_direction": 1, "price": 0.009, "mark_price": 0.0090896, "iv": 67.67, "instrument_name": "BTC-31DEC21-56000-C", "index_price": 51231.32, "direction": "sell", "amount": 0.2}, {"trade_seq": 2220, "trade_id": "196331678", "timestamp": 1640342769476, "tick_direction": 1, "price": 0.009, "mark_price": 0.00916879, "iv": 67.46, "instrument_name": "BTC-31DEC21-56000-C", "index_price": 51252.8, "direction": "sell", "amount": 0.2}, {"trade_seq": 2219, "trade_id": "196331472", "timestamp": 1640342466042, "tick_direction": 1, "price": 0.009, "mark_price": 0.00910051, "iv": 67.94, "instrument_name": "BTC-31DEC21-56000-C", "index_price": 51195.53, "direction": "sell", "amount": 0.2}, {"trade_seq": 2218, "trade_id": "196331460", "timestamp": 1640342437221, "tick_direction": 1, "price": 0.009, "mark_price": 0.0091267, "iv": 67.9, "instrument_name": "BTC-31DEC21-56000-C", "index_price": 51200.06, "direction": "sell", "amount": 0.2}, {"trade_seq": 2217, "trade_id": "196330531", "timestamp": 1640341327001, "tick_direction": 1, "price": 0.009, "mark_price": 0.00895911, "iv": 68.35, "instrument_name": "BTC-31DEC21-56000-C", "index_price": 51152.62, "direction": "buy", "amount": 0.1}, {"trade_seq": 2216, "trade_id": "196330530", "timestamp": 1640341327001, "tick_direction": 0, "price": 0.009, "mark_price": 0.00895911, "iv": 68.35, "instrument_name": "BTC-31DEC21-56000-C", "index_price": 51152.62, "direction": "buy", "amount": 0.4}, {"trade_seq": 2215, "trade_id": "196330421", "timestamp": 1640341267672, "tick_direction": 2, "price": 0.0085, "mark_price": 0.00897845, "iv": 67.04, "instrument_name": "BTC-31DEC21-56000-C", "index_price": 51138.29, "direction": "sell", "amount": 0.1}, {"trade_seq": 2214, "trade_id": "196330284", "timestamp": 1640341070310, "tick_direction": 0, "price": 0.009, "mark_price": 0.00903702, "iv": 68.62, "instrument_name": "BTC-31DEC21-56000-C", "index_price": 51128.47, "direction": "buy", "amount": 10.0}, {"trade_seq": 2213, "trade_id": "196330238", "timestamp": 1640341051569, "tick_direction": 3, "price": 0.0085, "mark_price": 0.00912147, "iv": 67.02, "instrument_name": "BTC-31DEC21-56000-C", "index_price": 51148.15, "direction": "sell", "amount": 0.4}, {"trade_seq": 2212, "trade_id": "196330237", "timestamp": 1640341051569, "tick_direction": 2, "price": 0.0085, "mark_price": 0.00912147, "iv": 67.02, "instrument_name": "BTC-31DEC21-56000-C", "index_price": 51148.15, "direction": "sell", "amount": 0.1}, {"trade_seq": 2211, "trade_id": "196326395", "timestamp": 1640338388052, "tick_direction": 2, "price": 0.0099, "mark_price": 0.00965213, "iv": 69.41, "instrument_name": "BTC-31DEC21-56000-C", "index_price": 51264.66, "direction": "buy", "block_trade_id": "27996", "amount": 12.5}, {"trade_seq": 2210, "trade_id": "196326136", "timestamp": 1640338197907, "tick_direction": 1, "price": 0.01, "mark_price": 0.00966014, "iv": 69.37, "instrument_name": "BTC-31DEC21-56000-C", "index_price": 51304.35, "direction": "buy", "amount": 0.8}, {"trade_seq": 2209, "trade_id": "196326083", "timestamp": 1640338150885, "tick_direction": 1, "price": 0.01, "mark_price": 0.00960537, "iv": 69.38, "instrument_name": "BTC-31DEC21-56000-C", "index_price": 51294.91, "direction": "buy", "amount": 0.1}, {"trade_seq": 2208, "trade_id": "196326082", "timestamp": 1640338150885, "tick_direction": 1, "price": 0.01, "mark_price": 0.00960537, "iv": 69.38, "instrument_name": "BTC-31DEC21-56000-C", "index_price": 51294.91, "direction": "buy", "amount": 2.3}, {"trade_seq": 2207, "trade_id": "196326081", "timestamp": 1640338150885, "tick_direction": 1, "price": 0.01, "mark_price": 0.00960537, "iv": 69.38, "instrument_name": "BTC-31DEC21-56000-C", "index_price": 51294.91, "direction": "buy", "amount": 0.1}, {"trade_seq": 2206, "trade_id": "196326080", "timestamp": 1640338150885, "tick_direction": 0, "price": 0.01, "mark_price": 0.00960537, "iv": 69.38, "instrument_name": "BTC-31DEC21-56000-C", "index_price": 51294.91, "direction": "buy", "amount": 0.1}, {"trade_seq": 2205, "trade_id": "196323726", "timestamp": 1640336358413, "tick_direction": 0, "price": 0.009, "mark_price": 0.00890021, "iv": 68.37, "instrument_name": "BTC-31DEC21-56000-C", "index_price": 51104.2, "direction": "buy", "amount": 0.1}, {"trade_seq": 2204, "trade_id": "196322770", "timestamp": 1640335989026, "tick_direction": 2, "price": 0.0085, "mark_price": 0.0091369, "iv": 66.52, "instrument_name": "BTC-31DEC21-56000-C", "index_price": 51149.44, "direction": "sell", "amount": 0.1}, {"trade_seq": 2203, "trade_id": "196320086", "timestamp": 1640334779582, "tick_direction": 2, "price": 0.0095, "mark_price": 0.00972562, "iv": 68.74, "instrument_name": "BTC-31DEC21-56000-C", "index_price": 51197.81, "direction": "sell", "amount": 0.1}, {"trade_seq": 2202, "trade_id": "196319869", "timestamp": 1640334584287, "tick_direction": 1, "price": 0.01, "mark_price": 0.0097482, "iv": 70.02, "instrument_name": "BTC-31DEC21-56000-C", "index_price": 51185.25, "direction": "buy", "amount": 1.0}, {"trade_seq": 2201, "trade_id": "196319827", "timestamp": 1640334547109, "tick_direction": 1, "price": 0.01, "mark_price": 0.00973495, "iv": 70.05, "instrument_name": "BTC-31DEC21-56000-C", "index_price": 51183.2, "direction": "buy", "amount": 0.2}, {"trade_seq": 2200, "trade_id": "196319826", "timestamp": 1640334547109, "tick_direction": 0, "price": 0.01, "mark_price": 0.00973495, "iv": 70.05, "instrument_name": "BTC-31DEC21-56000-C", "index_price": 51183.2, "direction": "buy", "amount": 0.8}, {"trade_seq": 2199, "trade_id": "196319702", "timestamp": 1640334507037, "tick_direction": 1, "price": 0.0095, "mark_price": 0.0097098, "iv": 68.79, "instrument_name": "BTC-31DEC21-56000-C", "index_price": 51182.54, "direction": "sell", "amount": 0.1}, {"trade_seq": 2198, "trade_id": "196317846", "timestamp": 1640333566004, "tick_direction": 1, "price": 0.0095, "mark_price": 0.00959345, "iv": 69.73, "instrument_name": "BTC-31DEC21-56000-C", "index_price": 51052.85, "direction": "buy", "amount": 3.0}, {"trade_seq": 2197, "trade_id": "196317058", "timestamp": 1640333188728, "tick_direction": 1, "price": 0.0095, "mark_price": 0.00974629, "iv": 70.46, "instrument_name": "BTC-31DEC21-56000-C", "index_price": 50975.08, "direction": "sell", "amount": 7.0}, {"trade_seq": 2196, "trade_id": "196316999", "timestamp": 1640333159992, "tick_direction": 1, "price": 0.0095, "mark_price": 0.0098045, "iv": 70.28, "instrument_name": "BTC-31DEC21-56000-C", "index_price": 50989.69, "direction": "sell", "amount": 5.0}, {"trade_seq": 2195, "trade_id": "196316401", "timestamp": 1640332932300, "tick_direction": 1, "price": 0.0095, "mark_price": 0.00961567, "iv": 70.44, "instrument_name": "BTC-31DEC21-56000-C", "index_price": 50955.34, "direction": "sell", "amount": 0.1}, {"trade_seq": 2194, "trade_id": "196316281", "timestamp": 1640332916458, "tick_direction": 1, "price": 0.0095, "mark_price": 0.00969118, "iv": 70.22, "instrument_name": "BTC-31DEC21-56000-C", "index_price": 50975.15, "direction": "sell", "amount": 0.5}, {"trade_seq": 2193, "trade_id": "196316111", "timestamp": 1640332857811, "tick_direction": 1, "price": 0.0095, "mark_price": 0.00981646, "iv": 69.92, "instrument_name": "BTC-31DEC21-56000-C", "index_price": 51011.23, "direction": "sell", "amount": 1.1}, {"trade_seq": 2192, "trade_id": "196316110", "timestamp": 1640332857811, "tick_direction": 1, "price": 0.0095, "mark_price": 0.00981646, "iv": 69.92, "instrument_name": "BTC-31DEC21-56000-C", "index_price": 51011.23, "direction": "sell", "amount": 0.9}, {"trade_seq": 2191, "trade_id": "196316068", "timestamp": 1640332819474, "tick_direction": 1, "price": 0.0095, "mark_price": 0.00983846, "iv": 69.88, "instrument_name": "BTC-31DEC21-56000-C", "index_price": 51021.68, "direction": "sell", "amount": 1.2}, {"trade_seq": 2190, "trade_id": "196316067", "timestamp": 1640332819474, "tick_direction": 1, "price": 0.0095, "mark_price": 0.00983846, "iv": 69.88, "instrument_name": "BTC-31DEC21-56000-C", "index_price": 51021.68, "direction": "sell", "amount": 0.2}, {"trade_seq": 2189, "trade_id": "196315894", "timestamp": 1640332748680, "tick_direction": 1, "price": 0.0095, "mark_price": 0.009887, "iv": 69.84, "instrument_name": "BTC-31DEC21-56000-C", "index_price": 51021.25, "direction": "sell", "amount": 0.1}, {"trade_seq": 2188, "trade_id": "196314953", "timestamp": 1640332416653, "tick_direction": 1, "price": 0.0095, "mark_price": 0.00973485, "iv": 70.41, "instrument_name": "BTC-31DEC21-56000-C", "index_price": 50973.91, "direction": "sell", "amount": 3.9}, {"trade_seq": 2187, "trade_id": "196314952", "timestamp": 1640332416653, "tick_direction": 1, "price": 0.0095, "mark_price": 0.00973485, "iv": 70.41, "instrument_name": "BTC-31DEC21-56000-C", "index_price": 50973.91, "direction": "sell", "amount": 1.1}, {"trade_seq": 2186, "trade_id": "196314934", "timestamp": 1640332399420, "tick_direction": 1, "price": 0.0095, "mark_price": 0.00973801, "iv": 70.4, "instrument_name": "BTC-31DEC21-56000-C", "index_price": 50973.65, "direction": "sell", "amount": 0.8}, {"trade_seq": 2185, "trade_id": "196314933", "timestamp": 1640332399420, "tick_direction": 1, "price": 0.0095, "mark_price": 0.00973801, "iv": 70.4, "instrument_name": "BTC-31DEC21-56000-C", "index_price": 50973.65, "direction": "sell", "amount": 0.2}, {"trade_seq": 2184, "trade_id": "196314269", "timestamp": 1640332278543, "tick_direction": 1, "price": 0.0095, "mark_price": 0.00978749, "iv": 70.29, "instrument_name": "BTC-31DEC21-56000-C", "index_price": 50989.62, "direction": "sell", "amount": 3.9}, {"trade_seq": 2183, "trade_id": "196314268", "timestamp": 1640332278543, "tick_direction": 1, "price": 0.0095, "mark_price": 0.00978749, "iv": 70.29, "instrument_name": "BTC-31DEC21-56000-C", "index_price": 50989.62, "direction": "sell", "amount": 0.1}, {"trade_seq": 2182, "trade_id": "196314267", "timestamp": 1640332278543, "tick_direction": 1, "price": 0.0095, "mark_price": 0.00978749, "iv": 70.29, "instrument_name": "BTC-31DEC21-56000-C", "index_price": 50989.62, "direction": "sell", "amount": 1.0}, {"trade_seq": 2181, "trade_id": "196314229", "timestamp": 1640332264843, "tick_direction": 1, "price": 0.0095, "mark_price": 0.00978153, "iv": 70.29, "instrument_name": "BTC-31DEC21-56000-C", "index_price": 50989.63, "direction": "sell", "amount": 2.8}, {"trade_seq": 2180, "trade_id": "196314228", "timestamp": 1640332264843, "tick_direction": 1, "price": 0.0095, "mark_price": 0.00978153, "iv": 70.29, "instrument_name": "BTC-31DEC21-56000-C", "index_price": 50989.63, "direction": "sell", "amount": 0.2}, {"trade_seq": 2179, "trade_id": "196314227", "timestamp": 1640332264843, "tick_direction": 1, "price": 0.0095, "mark_price": 0.00978153, "iv": 70.29, "instrument_name": "BTC-31DEC21-56000-C", "index_price": 50989.63, "direction": "sell", "amount": 2.0}, {"trade_seq": 2178, "trade_id": "196308842", "timestamp": 1640329736756, "tick_direction": 0, "price": 0.0095, "mark_price": 0.00937339, "iv": 70.61, "instrument_name": "BTC-31DEC21-56000-C", "index_price": 50949.22, "direction": "buy", "amount": 3.0}, {"trade_seq": 2177, "trade_id": "196308814", "timestamp": 1640329653012, "tick_direction": 2, "price": 0.009, "mark_price": 0.00935891, "iv": 69.38, "instrument_name": "BTC-31DEC21-56000-C", "index_price": 50942.4, "direction": "sell", "amount": 1.0}, {"trade_seq": 2176, "trade_id": "196302892", "timestamp": 1640324761003, "tick_direction": 1, "price": 0.01, "mark_price": 0.00974898, "iv": 71.08, "instrument_name": "BTC-31DEC21-56000-C", "index_price": 50979.33, "direction": "buy", "amount": 2.0}, {"trade_seq": 2175, "trade_id": "196300437", "timestamp": 1640323283000, "tick_direction": 1, "price": 0.01, "mark_price": 0.00965655, "iv": 70.96, "instrument_name": "BTC-31DEC21-56000-C", "index_price": 51006.64, "direction": "buy", "amount": 1.2}, {"trade_seq": 2174, "trade_id": "196300436", "timestamp": 1640323283000, "tick_direction": 0, "price": 0.01, "mark_price": 0.00965655, "iv": 70.96, "instrument_name": "BTC-31DEC21-56000-C", "index_price": 51006.64, "direction": "buy", "amount": 0.8}, {"trade_seq": 2173, "trade_id": "196298170", "timestamp": 1640322154181, "tick_direction": 2, "price": 0.0095, "mark_price": 0.00942573, "iv": 70.39, "instrument_name": "BTC-31DEC21-56000-C", "index_price": 50903.39, "direction": "sell", "amount": 0.4}, {"trade_seq": 2172, "trade_id": "196296071", "timestamp": 1640320899549, "tick_direction": 3, "price": 0.01, "mark_price": 0.01014784, "iv": 69.89, "instrument_name": "BTC-31DEC21-56000-C", "index_price": 51098.8, "direction": "sell", "amount": 0.2}, {"trade_seq": 2171, "trade_id": "196295744", "timestamp": 1640320635914, "tick_direction": 3, "price": 0.01, "mark_price": 0.01015773, "iv": 70.28, "instrument_name": "BTC-31DEC21-56000-C", "index_price": 51058.41, "direction": "sell", "amount": 0.2}, {"trade_seq": 2170, "trade_id": "196295743", "timestamp": 1640320635914, "tick_direction": 2, "price": 0.01, "mark_price": 0.01015773, "iv": 70.28, "instrument_name": "BTC-31DEC21-56000-C", "index_price": 51058.41, "direction": "sell", "amount": 0.2}, {"trade_seq": 2169, "trade_id": "196294241", "timestamp": 1640317663051, "tick_direction": 1, "price": 0.0105, "mark_price": 0.01057179, "iv": 71.63, "instrument_name": "BTC-31DEC21-56000-C", "index_price": 51050.37, "direction": "sell", "amount": 0.2}, {"trade_seq": 2168, "trade_id": "196292626", "timestamp": 1640315123366, "tick_direction": 0, "price": 0.0105, "mark_price": 0.01040697, "iv": 71.62, "instrument_name": "BTC-31DEC21-56000-C", "index_price": 51051.49, "direction": "sell", "amount": 0.2}, {"trade_seq": 2167, "trade_id": "196292466", "timestamp": 1640315013086, "tick_direction": 3, "price": 0.01, "mark_price": 0.01022476, "iv": 70.51, "instrument_name": "BTC-31DEC21-56000-C", "index_price": 51020.77, "direction": "sell", "amount": 14.5}, {"trade_seq": 2166, "trade_id": "196292465", "timestamp": 1640315013086, "tick_direction": 3, "price": 0.01, "mark_price": 0.01022476, "iv": 70.51, "instrument_name": "BTC-31DEC21-56000-C", "index_price": 51020.77, "direction": "sell", "amount": 0.2}, {"trade_seq": 2165, "trade_id": "196292464", "timestamp": 1640315013086, "tick_direction": 2, "price": 0.01, "mark_price": 0.01022476, "iv": 70.51, "instrument_name": "BTC-31DEC21-56000-C", "index_price": 51020.77, "direction": "sell", "amount": 2.1}, {"trade_seq": 2164, "trade_id": "196292261", "timestamp": 1640314821270, "tick_direction": 1, "price": 0.0105, "mark_price": 0.01058857, "iv": 71.0, "instrument_name": "BTC-31DEC21-56000-C", "index_price": 51102.16, "direction": "buy", "amount": 10.0}, {"trade_seq": 2163, "trade_id": "196292228", "timestamp": 1640314769550, "tick_direction": 1, "price": 0.0105, "mark_price": 0.01065137, "iv": 71.02, "instrument_name": "BTC-31DEC21-56000-C", "index_price": 51092.36, "direction": "buy", "amount": 10.0}, {"trade_seq": 2162, "trade_id": "196292207", "timestamp": 1640314754333, "tick_direction": 0, "price": 0.0105, "mark_price": 0.0106774, "iv": 71.02, "instrument_name": "BTC-31DEC21-56000-C", "index_price": 51096.15, "direction": "sell", "amount": 0.2}, {"trade_seq": 2161, "trade_id": "196291698", "timestamp": 1640314056538, "tick_direction": 3, "price": 0.01, "mark_price": 0.01061437, "iv": 70.14, "instrument_name": "BTC-31DEC21-56000-C", "index_price": 51053.81, "direction": "sell", "amount": 11.3}, {"trade_seq": 2160, "trade_id": "196291697", "timestamp": 1640314056538, "tick_direction": 3, "price": 0.01, "mark_price": 0.01061437, "iv": 70.14, "instrument_name": "BTC-31DEC21-56000-C", "index_price": 51053.81, "direction": "sell", "amount": 12.0}, {"trade_seq": 2159, "trade_id": "196291696", "timestamp": 1640314056538, "tick_direction": 2, "price": 0.01, "mark_price": 0.01061437, "iv": 70.14, "instrument_name": "BTC-31DEC21-56000-C", "index_price": 51053.81, "direction": "sell", "amount": 1.9}, {"trade_seq": 2158, "trade_id": "196291552", "timestamp": 1640313916289, "tick_direction": 3, "price": 0.0105, "mark_price": 0.01096926, "iv": 71.02, "instrument_name": "BTC-31DEC21-56000-C", "index_price": 51093.72, "direction": "buy", "amount": 29.8}, {"trade_seq": 2157, "trade_id": "196291551", "timestamp": 1640313916281, "tick_direction": 2, "price": 0.0105, "mark_price": 0.01096926, "iv": 71.02, "instrument_name": "BTC-31DEC21-56000-C", "index_price": 51093.72, "direction": "sell", "amount": 0.2}, {"trade_seq": 2156, "trade_id": "196291360", "timestamp": 1640313823074, "tick_direction": 3, "price": 0.011, "mark_price": 0.01148129, "iv": 71.44, "instrument_name": "BTC-31DEC21-56000-C", "index_price": 51174.51, "direction": "sell", "amount": 0.2}, {"trade_seq": 2155, "trade_id": "196291278", "timestamp": 1640313739177, "tick_direction": 3, "price": 0.011, "mark_price": 0.01171449, "iv": 71.2, "instrument_name": "BTC-31DEC21-56000-C", "index_price": 51195.43, "direction": "buy", "amount": 0.2}, {"trade_seq": 2154, "trade_id": "196291277", "timestamp": 1640313739170, "tick_direction": 3, "price": 0.011, "mark_price": 0.01171449, "iv": 71.2, "instrument_name": "BTC-31DEC21-56000-C", "index_price": 51195.43, "direction": "sell", "amount": 15.1}, {"trade_seq": 2153, "trade_id": "196291276", "timestamp": 1640313739170, "tick_direction": 3, "price": 0.011, "mark_price": 0.01171449, "iv": 71.2, "instrument_name": "BTC-31DEC21-56000-C", "index_price": 51195.43, "direction": "sell", "amount": 9.6}, {"trade_seq": 2152, "trade_id": "196291275", "timestamp": 1640313739170, "tick_direction": 3, "price": 0.011, "mark_price": 0.01171449, "iv": 71.2, "instrument_name": "BTC-31DEC21-56000-C", "index_price": 51195.43, "direction": "sell", "amount": 0.2}, {"trade_seq": 2151, "trade_id": "196291274", "timestamp": 1640313739170, "tick_direction": 3, "price": 0.011, "mark_price": 0.01171449, "iv": 71.2, "instrument_name": "BTC-31DEC21-56000-C", "index_price": 51195.43, "direction": "sell", "amount": 12.0}, {"trade_seq": 2150, "trade_id": "196291273", "timestamp": 1640313739170, "tick_direction": 3, "price": 0.011, "mark_price": 0.01171449, "iv": 71.2, "instrument_name": "BTC-31DEC21-56000-C", "index_price": 51195.43, "direction": "sell", "amount": 6.9}, {"trade_seq": 2149, "trade_id": "196291272", "timestamp": 1640313739170, "tick_direction": 2, "price": 0.011, "mark_price": 0.01171449, "iv": 71.2, "instrument_name": "BTC-31DEC21-56000-C", "index_price": 51195.43, "direction": "sell", "amount": 26.0}, {"trade_seq": 2148, "trade_id": "196291243", "timestamp": 1640313661634, "tick_direction": 3, "price": 0.0115, "mark_price": 0.01196233, "iv": 72.23, "instrument_name": "BTC-31DEC21-56000-C", "index_price": 51216.07, "direction": "buy", "amount": 0.3}, {"trade_seq": 2147, "trade_id": "196291242", "timestamp": 1640313661521, "tick_direction": 3, "price": 0.0115, "mark_price": 0.01196233, "iv": 72.23, "instrument_name": "BTC-31DEC21-56000-C", "index_price": 51216.07, "direction": "buy", "amount": 16.5}, {"trade_seq": 2146, "trade_id": "196291235", "timestamp": 1640313659969, "tick_direction": 3, "price": 0.0115, "mark_price": 0.01196925, "iv": 72.23, "instrument_name": "BTC-31DEC21-56000-C", "index_price": 51215.93, "direction": "buy", "amount": 4.0}, {"trade_seq": 2145, "trade_id": "196291223", "timestamp": 1640313650121, "tick_direction": 3, "price": 0.0115, "mark_price": 0.0119596, "iv": 72.32, "instrument_name": "BTC-31DEC21-56000-C", "index_price": 51206.6, "direction": "sell", "amount": 3.8}, {"trade_seq": 2144, "trade_id": "196291198", "timestamp": 1640313592586, "tick_direction": 3, "price": 0.0115, "mark_price": 0.01206058, "iv": 72.22, "instrument_name": "BTC-31DEC21-56000-C", "index_price": 51215.89, "direction": "buy", "amount": 3.6}, {"trade_seq": 2143, "trade_id": "196291197", "timestamp": 1640313592582, "tick_direction": 3, "price": 0.0115, "mark_price": 0.01206058, "iv": 72.22, "instrument_name": "BTC-31DEC21-56000-C", "index_price": 51215.89, "direction": "sell", "amount": 26.5}, {"trade_seq": 2142, "trade_id": "196291196", "timestamp": 1640313592582, "tick_direction": 3, "price": 0.0115, "mark_price": 0.01206058, "iv": 72.22, "instrument_name": "BTC-31DEC21-56000-C", "index_price": 51215.89, "direction": "sell", "amount": 0.2}, {"trade_seq": 2141, "trade_id": "196291195", "timestamp": 1640313592582, "tick_direction": 3, "price": 0.0115, "mark_price": 0.01206058, "iv": 72.22, "instrument_name": "BTC-31DEC21-56000-C", "index_price": 51215.89, "direction": "sell", "amount": 0.2}, {"trade_seq": 2140, "trade_id": "196291194", "timestamp": 1640313592582, "tick_direction": 3, "price": 0.0115, "mark_price": 0.01206058, "iv": 72.22, "instrument_name": "BTC-31DEC21-56000-C", "index_price": 51215.89, "direction": "sell", "amount": 12.0}, {"trade_seq": 2139, "trade_id": "196291193", "timestamp": 1640313592582, "tick_direction": 3, "price": 0.0115, "mark_price": 0.01206058, "iv": 72.22, "instrument_name": "BTC-31DEC21-56000-C", "index_price": 51215.89, "direction": "sell", "amount": 2.0}, {"trade_seq": 2138, "trade_id": "196291192", "timestamp": 1640313592582, "tick_direction": 3, "price": 0.0115, "mark_price": 0.01206058, "iv": 72.22, "instrument_name": "BTC-31DEC21-56000-C", "index_price": 51215.89, "direction": "sell", "amount": 2.1}, {"trade_seq": 2137, "trade_id": "196291191", "timestamp": 1640313592582, "tick_direction": 2, "price": 0.0115, "mark_price": 0.01206058, "iv": 72.22, "instrument_name": "BTC-31DEC21-56000-C", "index_price": 51215.89, "direction": "sell", "amount": 3.4}, {"trade_seq": 2136, "trade_id": "196290988", "timestamp": 1640313336985, "tick_direction": 2, "price": 0.012, "mark_price": 0.01206609, "iv": 73.72, "instrument_name": "BTC-31DEC21-56000-C", "index_price": 51187.11, "direction": "sell", "amount": 0.2}, {"trade_seq": 2135, "trade_id": "196289605", "timestamp": 1640311744152, "tick_direction": 1, "price": 0.013, "mark_price": 0.01241257, "iv": 74.72, "instrument_name": "BTC-31DEC21-56000-C", "index_price": 51325.68, "direction": "buy", "amount": 2.2}, {"trade_seq": 2134, "trade_id": "196289604", "timestamp": 1640311744152, "tick_direction": 0, "price": 0.013, "mark_price": 0.01241257, "iv": 74.72, "instrument_name": "BTC-31DEC21-56000-C", "index_price": 51325.68, "direction": "buy", "amount": 2.8}, {"trade_seq": 2133, "trade_id": "196280580", "timestamp": 1640308216774, "tick_direction": 0, "price": 0.0115, "mark_price": 0.01140126, "iv": 73.88, "instrument_name": "BTC-31DEC21-56000-C", "index_price": 51019.25, "direction": "buy", "amount": 0.1}, {"trade_seq": 2132, "trade_id": "196278135", "timestamp": 1640305571842, "tick_direction": 2, "price": 0.0105, "mark_price": 0.01088068, "iv": 73.26, "instrument_name": "BTC-31DEC21-56000-C", "index_price": 50794.22, "direction": "sell", "amount": 0.1}, {"trade_seq": 2131, "trade_id": "196276378", "timestamp": 1640303882689, "tick_direction": 0, "price": 0.011, "mark_price": 0.01097839, "iv": 74.39, "instrument_name": "BTC-31DEC21-56000-C", "index_price": 50793.47, "direction": "sell", "amount": 0.1}, {"trade_seq": 2130, "trade_id": "196275735", "timestamp": 1640303181575, "tick_direction": 2, "price": 0.01, "mark_price": 0.01054438, "iv": 72.93, "instrument_name": "BTC-31DEC21-56000-C", "index_price": 50672.62, "direction": "sell", "amount": 0.1}, {"trade_seq": 2129, "trade_id": "196275043", "timestamp": 1640302566789, "tick_direction": 2, "price": 0.0105, "mark_price": 0.01027358, "iv": 74.77, "instrument_name": "BTC-31DEC21-56000-C", "index_price": 50610.19, "direction": "buy", "amount": 2.4}, {"trade_seq": 2128, "trade_id": "196273250", "timestamp": 1640300959313, "tick_direction": 2, "price": 0.011, "mark_price": 0.01096396, "iv": 74.74, "instrument_name": "BTC-31DEC21-56000-C", "index_price": 50755.52, "direction": "sell", "amount": 0.2}, {"trade_seq": 2127, "trade_id": "196272534", "timestamp": 1640300039034, "tick_direction": 1, "price": 0.0115, "mark_price": 0.01157363, "iv": 74.47, "instrument_name": "BTC-31DEC21-56000-C", "index_price": 50905.36, "direction": "sell", "amount": 0.2}, {"trade_seq": 2126, "trade_id": "196272324", "timestamp": 1640299886041, "tick_direction": 0, "price": 0.0115, "mark_price": 0.01162018, "iv": 74.41, "instrument_name": "BTC-31DEC21-56000-C", "index_price": 50908.41, "direction": "sell", "amount": 0.2}, {"trade_seq": 2125, "trade_id": "196271093", "timestamp": 1640298393585, "tick_direction": 2, "price": 0.0105, "mark_price": 0.01130551, "iv": 72.61, "instrument_name": "BTC-31DEC21-56000-C", "index_price": 50848.24, "direction": "sell", "amount": 0.1}, {"trade_seq": 2124, "trade_id": "196270676", "timestamp": 1640297538460, "tick_direction": 2, "price": 0.011, "mark_price": 0.0108312, "iv": 74.49, "instrument_name": "BTC-31DEC21-56000-C", "index_price": 50785.36, "direction": "buy", "amount": 1.0}, {"trade_seq": 2123, "trade_id": "196270121", "timestamp": 1640296693606, "tick_direction": 1, "price": 0.0115, "mark_price": 0.01130476, "iv": 75.04, "instrument_name": "BTC-31DEC21-56000-C", "index_price": 50841.63, "direction": "buy", "amount": 3.0}, {"trade_seq": 2122, "trade_id": "196270119", "timestamp": 1640296686241, "tick_direction": 0, "price": 0.0115, "mark_price": 0.01131266, "iv": 75.03, "instrument_name": "BTC-31DEC21-56000-C", "index_price": 50840.9, "direction": "buy", "amount": 2.0}, {"trade_seq": 2121, "trade_id": "196269439", "timestamp": 1640295820878, "tick_direction": 3, "price": 0.011, "mark_price": 0.01157499, "iv": 74.09, "instrument_name": "BTC-31DEC21-56000-C", "index_price": 50798.43, "direction": "buy", "amount": 7.8}, {"trade_seq": 2120, "trade_id": "196269406", "timestamp": 1640295817290, "tick_direction": 3, "price": 0.011, "mark_price": 0.01158601, "iv": 74.08, "instrument_name": "BTC-31DEC21-56000-C", "index_price": 50792.52, "direction": "buy", "amount": 2.1}, {"trade_seq": 2119, "trade_id": "196269393", "timestamp": 1640295803970, "tick_direction": 3, "price": 0.011, "mark_price": 0.01163031, "iv": 74.08, "instrument_name": "BTC-31DEC21-56000-C", "index_price": 50793.1, "direction": "buy", "amount": 2.3}, {"trade_seq": 2118, "trade_id": "196269392", "timestamp": 1640295803966, "tick_direction": 3, "price": 0.011, "mark_price": 0.01163031, "iv": 74.08, "instrument_name": "BTC-31DEC21-56000-C", "index_price": 50793.1, "direction": "sell", "amount": 10.4}, {"trade_seq": 2117, "trade_id": "196269391", "timestamp": 1640295803966, "tick_direction": 3, "price": 0.011, "mark_price": 0.01163031, "iv": 74.08, "instrument_name": "BTC-31DEC21-56000-C", "index_price": 50793.1, "direction": "sell", "amount": 0.2}, {"trade_seq": 2116, "trade_id": "196269390", "timestamp": 1640295803966, "tick_direction": 3, "price": 0.011, "mark_price": 0.01163031, "iv": 74.08, "instrument_name": "BTC-31DEC21-56000-C", "index_price": 50793.1, "direction": "sell", "amount": 27.0}, {"trade_seq": 2115, "trade_id": "196269389", "timestamp": 1640295803966, "tick_direction": 2, "price": 0.011, "mark_price": 0.01163031, "iv": 74.08, "instrument_name": "BTC-31DEC21-56000-C", "index_price": 50793.1, "direction": "sell", "amount": 0.2}, {"trade_seq": 2114, "trade_id": "196268632", "timestamp": 1640295100380, "tick_direction": 1, "price": 0.0115, "mark_price": 0.01140691, "iv": 76.09, "instrument_name": "BTC-31DEC21-56000-C", "index_price": 50717.58, "direction": "sell", "amount": 0.2}, {"trade_seq": 2113, "trade_id": "196267506", "timestamp": 1640294601216, "tick_direction": 0, "price": 0.0115, "mark_price": 0.01148794, "iv": 76.13, "instrument_name": "BTC-31DEC21-56000-C", "index_price": 50713.61, "direction": "sell", "amount": 0.2}, {"trade_seq": 2112, "trade_id": "196266682", "timestamp": 1640294033405, "tick_direction": 2, "price": 0.011, "mark_price": 0.01153716, "iv": 74.14, "instrument_name": "BTC-31DEC21-56000-C", "index_price": 50786.75, "direction": "sell", "amount": 1.3}, {"trade_seq": 2111, "trade_id": "196266672", "timestamp": 1640293988128, "tick_direction": 2, "price": 0.0115, "mark_price": 0.01159611, "iv": 75.39, "instrument_name": "BTC-31DEC21-56000-C", "index_price": 50792.9, "direction": "sell", "amount": 0.2}, {"trade_seq": 2110, "trade_id": "196266483", "timestamp": 1640293763541, "tick_direction": 1, "price": 0.012, "mark_price": 0.01185792, "iv": 75.9, "instrument_name": "BTC-31DEC21-56000-C", "index_price": 50877.43, "direction": "buy", "amount": 4.9}, {"trade_seq": 2109, "trade_id": "196266454", "timestamp": 1640293751069, "tick_direction": 0, "price": 0.012, "mark_price": 0.0119659, "iv": 75.65, "instrument_name": "BTC-31DEC21-56000-C", "index_price": 50893.49, "direction": "buy", "amount": 0.1}, {"trade_seq": 2108, "trade_id": "196266406", "timestamp": 1640293630321, "tick_direction": 3, "price": 0.0115, "mark_price": 0.01203183, "iv": 74.32, "instrument_name": "BTC-31DEC21-56000-C", "index_price": 50918.73, "direction": "sell", "amount": 10.0}, {"trade_seq": 2107, "trade_id": "196266289", "timestamp": 1640293521541, "tick_direction": 3, "price": 0.0115, "mark_price": 0.0121588, "iv": 74.1, "instrument_name": "BTC-31DEC21-56000-C", "index_price": 50941.64, "direction": "sell", "amount": 0.1}, {"trade_seq": 2106, "trade_id": "196266193", "timestamp": 1640293463790, "tick_direction": 3, "price": 0.0115, "mark_price": 0.01212534, "iv": 74.27, "instrument_name": "BTC-31DEC21-56000-C", "index_price": 50919.78, "direction": "sell", "amount": 2.5}, {"trade_seq": 2105, "trade_id": "196266192", "timestamp": 1640293463790, "tick_direction": 3, "price": 0.0115, "mark_price": 0.01212534, "iv": 74.27, "instrument_name": "BTC-31DEC21-56000-C", "index_price": 50919.78, "direction": "sell", "amount": 10.5}, {"trade_seq": 2104, "trade_id": "196266191", "timestamp": 1640293463790, "tick_direction": 3, "price": 0.0115, "mark_price": 0.01212534, "iv": 74.27, "instrument_name": "BTC-31DEC21-56000-C", "index_price": 50919.78, "direction": "sell", "amount": 12.0}, {"trade_seq": 2103, "trade_id": "196266190", "timestamp": 1640293463790, "tick_direction": 3, "price": 0.0115, "mark_price": 0.01212534, "iv": 74.27, "instrument_name": "BTC-31DEC21-56000-C", "index_price": 50919.78, "direction": "sell", "amount": 0.1}, {"trade_seq": 2102, "trade_id": "196266189", "timestamp": 1640293463790, "tick_direction": 3, "price": 0.0115, "mark_price": 0.01212534, "iv": 74.27, "instrument_name": "BTC-31DEC21-56000-C", "index_price": 50919.78, "direction": "sell", "amount": 1.9}, {"trade_seq": 2101, "trade_id": "196266188", "timestamp": 1640293463790, "tick_direction": 2, "price": 0.0115, "mark_price": 0.01212534, "iv": 74.27, "instrument_name": "BTC-31DEC21-56000-C", "index_price": 50919.78, "direction": "sell", "amount": 13.0}, {"trade_seq": 2100, "trade_id": "196266124", "timestamp": 1640293360958, "tick_direction": 3, "price": 0.012, "mark_price": 0.01233503, "iv": 75.22, "instrument_name": "BTC-31DEC21-56000-C", "index_price": 50935.1, "direction": "sell", "amount": 1.5}, {"trade_seq": 2099, "trade_id": "196266003", "timestamp": 1640293139646, "tick_direction": 2, "price": 0.012, "mark_price": 0.012673, "iv": 74.56, "instrument_name": "BTC-31DEC21-56000-C", "index_price": 51005.14, "direction": "sell", "amount": 0.1}, {"trade_seq": 2098, "trade_id": "196265848", "timestamp": 1640293085962, "tick_direction": 0, "price": 0.0125, "mark_price": 0.01260394, "iv": 76.02, "instrument_name": "BTC-31DEC21-56000-C", "index_price": 50977.51, "direction": "sell", "amount": 0.2}, {"trade_seq": 2097, "trade_id": "196265835", "timestamp": 1640293079967, "tick_direction": 3, "price": 0.012, "mark_price": 0.01259302, "iv": 74.81, "instrument_name": "BTC-31DEC21-56000-C", "index_price": 50977.93, "direction": "buy", "amount": 0.7}, {"trade_seq": 2096, "trade_id": "196265834", "timestamp": 1640293079964, "tick_direction": 3, "price": 0.012, "mark_price": 0.01259302, "iv": 74.81, "instrument_name": "BTC-31DEC21-56000-C", "index_price": 50977.93, "direction": "sell", "amount": 9.1}, {"trade_seq": 2095, "trade_id": "196265833", "timestamp": 1640293079964, "tick_direction": 2, "price": 0.012, "mark_price": 0.01259302, "iv": 74.81, "instrument_name": "BTC-31DEC21-56000-C", "index_price": 50977.93, "direction": "sell", "amount": 0.2}, {"trade_seq": 2094, "trade_id": "196264742", "timestamp": 1640292244318, "tick_direction": 0, "price": 0.0125, "mark_price": 0.01213976, "iv": 76.07, "instrument_name": "BTC-31DEC21-56000-C", "index_price": 50944.18, "direction": "buy", "amount": 3.0}, {"trade_seq": 2093, "trade_id": "196263391", "timestamp": 1640291038618, "tick_direction": 3, "price": 0.012, "mark_price": 0.01196928, "iv": 75.54, "instrument_name": "BTC-31DEC21-56000-C", "index_price": 50852.7, "direction": "buy", "amount": 1.2}, {"trade_seq": 2092, "trade_id": "196263068", "timestamp": 1640290987281, "tick_direction": 2, "price": 0.012, "mark_price": 0.01192298, "iv": 75.7, "instrument_name": "BTC-31DEC21-56000-C", "index_price": 50837.81, "direction": "sell", "amount": 0.2}, {"trade_seq": 2091, "trade_id": "196261290", "timestamp": 1640289944443, "tick_direction": 2, "price": 0.0125, "mark_price": 0.01233453, "iv": 75.17, "instrument_name": "BTC-31DEC21-56000-C", "index_price": 51003.29, "direction": "buy", "amount": 9.9}, {"trade_seq": 2090, "trade_id": "196259071", "timestamp": 1640289506730, "tick_direction": 0, "price": 0.0135, "mark_price": 0.01345963, "iv": 74.98, "instrument_name": "BTC-31DEC21-56000-C", "index_price": 51265.44, "direction": "sell", "amount": 0.1}, {"trade_seq": 2089, "trade_id": "196251492", "timestamp": 1640288300252, "tick_direction": 0, "price": 0.012, "mark_price": 0.01196761, "iv": 73.88, "instrument_name": "BTC-31DEC21-56000-C", "index_price": 50998.11, "direction": "buy", "amount": 1.0}, {"trade_seq": 2088, "trade_id": "196250959", "timestamp": 1640288008206, "tick_direction": 1, "price": 0.0115, "mark_price": 0.01164779, "iv": 73.75, "instrument_name": "BTC-31DEC21-56000-C", "index_price": 50892.96, "direction": "sell", "amount": 1.0}, {"trade_seq": 2087, "trade_id": "196250031", "timestamp": 1640287563048, "tick_direction": 0, "price": 0.0115, "mark_price": 0.01148492, "iv": 73.92, "instrument_name": "BTC-31DEC21-56000-C", "index_price": 50884.22, "direction": "buy", "amount": 0.3}, {"trade_seq": 2086, "trade_id": "196247147", "timestamp": 1640286668479, "tick_direction": 0, "price": 0.0105, "mark_price": 0.01045533, "iv": 73.69, "instrument_name": "BTC-31DEC21-56000-C", "index_price": 50636.01, "direction": "buy", "amount": 0.1}, {"trade_seq": 2085, "trade_id": "196246902", "timestamp": 1640286349799, "tick_direction": 2, "price": 0.01, "mark_price": 0.01034031, "iv": 72.99, "instrument_name": "BTC-31DEC21-56000-C", "index_price": 50559.14, "direction": "sell", "amount": 1.0}, {"trade_seq": 2084, "trade_id": "196246786", "timestamp": 1640286214736, "tick_direction": 3, "price": 0.0105, "mark_price": 0.01054506, "iv": 74.18, "instrument_name": "BTC-31DEC21-56000-C", "index_price": 50576.1, "direction": "buy", "amount": 0.3}