{"trades": [{"trade_seq": 3734, "trade_id": "248976030", "timestamp": 1680184327626, "tick_direction": 3, "price": 0.0005, "mark_price": 0.00014053, "liquidation": "T", "iv": 126.13, "instrument_name": "BTC-31MAR23-32000-C", "index_price": 28527.16, "direction": "buy", "amount": 0.5}, {"trade_seq": 3733, "trade_id": "248976029", "timestamp": 1680184327626, "tick_direction": 3, "price": 0.0005, "mark_price": 0.00014053, "liquidation": "T", "iv": 126.13, "instrument_name": "BTC-31MAR23-32000-C", "index_price": 28527.16, "direction": "buy", "amount": 0.5}, {"trade_seq": 3732, "trade_id": "248922801", "timestamp": 1680164768793, "tick_direction": 3, "price": 0.0005, "mark_price": 0.0006586, "iv": 104.69, "instrument_name": "BTC-31MAR23-32000-C", "index_price": 28692.17, "direction": "sell", "amount": 0.8}, {"trade_seq": 3731, "trade_id": "248922800", "timestamp": 1680164768790, "tick_direction": 3, "price": 0.0005, "mark_price": 0.0006586, "iv": 104.69, "instrument_name": "BTC-31MAR23-32000-C", "index_price": 28692.17, "direction": "buy", "amount": 0.2}, {"trade_seq": 3730, "trade_id": "248921475", "timestamp": 1680163849599, "tick_direction": 3, "price": 0.0005, "mark_price": 0.00070307, "iv": 103.54, "instrument_name": "BTC-31MAR23-32000-C", "index_price": 28702.81, "direction": "sell", "amount": 9.1}, {"trade_seq": 3729, "trade_id": "248921237", "timestamp": 1680163758400, "tick_direction": 3, "price": 0.0005, "mark_price": 0.00067632, "iv": 103.26, "instrument_name": "BTC-31MAR23-32000-C", "index_price": 28704.37, "direction": "sell", "amount": 0.2}, {"trade_seq": 3728, "trade_id": "248921034", "timestamp": 1680163681873, "tick_direction": 3, "price": 0.0005, "mark_price": 0.00056698, "iv": 102.85, "instrument_name": "BTC-31MAR23-32000-C", "index_price": 28726.49, "direction": "sell", "amount": 0.7}, {"trade_seq": 3727, "trade_id": "248921033", "timestamp": 1680163681873, "tick_direction": 3, "price": 0.0005, "mark_price": 0.00056698, "iv": 102.85, "instrument_name": "BTC-31MAR23-32000-C", "index_price": 28726.49, "direction": "sell", "amount": 0.8}, {"trade_seq": 3726, "trade_id": "248920652", "timestamp": 1680163596735, "tick_direction": 3, "price": 0.0005, "mark_price": 0.00041335, "iv": 102.91, "instrument_name": "BTC-31MAR23-32000-C", "index_price": 28721.2, "direction": "sell", "amount": 1.0}, {"trade_seq": 3725, "trade_id": "248920538", "timestamp": 1680163585903, "tick_direction": 3, "price": 0.0005, "mark_price": 0.00039503, "iv": 103.03, "instrument_name": "BTC-31MAR23-32000-C", "index_price": 28716.84, "direction": "buy", "amount": 0.2}, {"trade_seq": 3724, "trade_id": "248920537", "timestamp": 1680163585903, "tick_direction": 3, "price": 0.0005, "mark_price": 0.00039503, "iv": 103.03, "instrument_name": "BTC-31MAR23-32000-C", "index_price": 28716.84, "direction": "buy", "amount": 2.0}, {"trade_seq": 3723, "trade_id": "248917883", "timestamp": 1680163113235, "tick_direction": 3, "price": 0.0005, "mark_price": 0.00039714, "iv": 102.85, "instrument_name": "BTC-31MAR23-32000-C", "index_price": 28721.88, "direction": "buy", "amount": 0.6}, {"trade_seq": 3722, "trade_id": "248917841", "timestamp": 1680163105085, "tick_direction": 3, "price": 0.0005, "mark_price": 0.00039468, "iv": 102.95, "instrument_name": "BTC-31MAR23-32000-C", "index_price": 28720.55, "direction": "buy", "amount": 1.0}, {"trade_seq": 3721, "trade_id": "248917833", "timestamp": 1680163103052, "tick_direction": 3, "price": 0.0005, "mark_price": 0.00039517, "iv": 102.95, "instrument_name": "BTC-31MAR23-32000-C", "index_price": 28720.44, "direction": "buy", "amount": 1.0}, {"trade_seq": 3720, "trade_id": "248915537", "timestamp": 1680162548861, "tick_direction": 3, "price": 0.0005, "mark_price": 0.00037091, "iv": 103.78, "instrument_name": "BTC-31MAR23-32000-C", "index_price": 28671.03, "direction": "buy", "amount": 3.2}, {"trade_seq": 3719, "trade_id": "248907742", "timestamp": 1680160898829, "tick_direction": 3, "price": 0.0005, "mark_price": 0.00036819, "iv": 103.99, "instrument_name": "BTC-31MAR23-32000-C", "index_price": 28641.17, "direction": "buy", "amount": 1.8}, {"trade_seq": 3718, "trade_id": "248907741", "timestamp": 1680160898829, "tick_direction": 3, "price": 0.0005, "mark_price": 0.00036819, "iv": 103.99, "instrument_name": "BTC-31MAR23-32000-C", "index_price": 28641.17, "direction": "buy", "amount": 1.2}, {"trade_seq": 3717, "trade_id": "248906636", "timestamp": 1680159639038, "tick_direction": 3, "price": 0.0005, "mark_price": 0.00038045, "iv": 103.51, "instrument_name": "BTC-31MAR23-32000-C", "index_price": 28627.12, "direction": "buy", "amount": 8.0}, {"trade_seq": 3716, "trade_id": "248902755", "timestamp": 1680157608035, "tick_direction": 3, "price": 0.0005, "mark_price": 0.00038209, "iv": 103.42, "instrument_name": "BTC-31MAR23-32000-C", "index_price": 28588.99, "direction": "buy", "amount": 0.8}, {"trade_seq": 3715, "trade_id": "248902754", "timestamp": 1680157608035, "tick_direction": 2, "price": 0.0005, "mark_price": 0.00038209, "iv": 103.42, "instrument_name": "BTC-31MAR23-32000-C", "index_price": 28588.99, "direction": "buy", "amount": 0.2}, {"trade_seq": 3714, "trade_id": "248869876", "timestamp": 1680145262426, "tick_direction": 1, "price": 0.001, "mark_price": 0.00105735, "iv": 98.16, "instrument_name": "BTC-31MAR23-32000-C", "index_price": 28970.52, "direction": "sell", "amount": 12.5}, {"trade_seq": 3713, "trade_id": "248869875", "timestamp": 1680145262426, "tick_direction": 1, "price": 0.001, "mark_price": 0.00105735, "iv": 98.16, "instrument_name": "BTC-31MAR23-32000-C", "index_price": 28970.52, "direction": "sell", "amount": 3.0}, {"trade_seq": 3712, "trade_id": "248869260", "timestamp": 1680145108016, "tick_direction": 1, "price": 0.001, "mark_price": 0.00102127, "iv": 98.07, "instrument_name": "BTC-31MAR23-32000-C", "index_price": 28982.91, "direction": "sell", "amount": 1.0}, {"trade_seq": 3711, "trade_id": "248868147", "timestamp": 1680144824342, "tick_direction": 1, "price": 0.001, "mark_price": 0.00089227, "iv": 97.59, "instrument_name": "BTC-31MAR23-32000-C", "index_price": 28998.06, "direction": "sell", "amount": 1.0}, {"trade_seq": 3710, "trade_id": "248866759", "timestamp": 1680144550662, "tick_direction": 1, "price": 0.001, "mark_price": 0.00089259, "iv": 96.74, "instrument_name": "BTC-31MAR23-32000-C", "index_price": 29014.71, "direction": "sell", "amount": 1.0}, {"trade_seq": 3709, "trade_id": "248866378", "timestamp": 1680144473176, "tick_direction": 1, "price": 0.001, "mark_price": 0.0008884, "iv": 95.17, "instrument_name": "BTC-31MAR23-32000-C", "index_price": 29073.12, "direction": "sell", "amount": 0.9}, {"trade_seq": 3708, "trade_id": "248866377", "timestamp": 1680144473176, "tick_direction": 1, "price": 0.001, "mark_price": 0.0008884, "iv": 95.17, "instrument_name": "BTC-31MAR23-32000-C", "index_price": 29073.12, "direction": "sell", "amount": 0.1}, {"trade_seq": 3707, "trade_id": "248860750", "timestamp": 1680143631896, "tick_direction": 0, "price": 0.001, "mark_price": 0.00057614, "iv": 95.59, "instrument_name": "BTC-31MAR23-32000-C", "index_price": 29038.08, "direction": "buy", "amount": 1.0}, {"trade_seq": 3706, "trade_id": "248859292", "timestamp": 1680143528463, "tick_direction": 3, "price": 0.0005, "mark_price": 0.00062884, "iv": 82.59, "instrument_name": "BTC-31MAR23-32000-C", "index_price": 29125.18, "direction": "buy", "amount": 2.0}, {"trade_seq": 3705, "trade_id": "248859291", "timestamp": 1680143528463, "tick_direction": 3, "price": 0.0005, "mark_price": 0.00062884, "iv": 82.59, "instrument_name": "BTC-31MAR23-32000-C", "index_price": 29125.18, "direction": "buy", "amount": 10.0}, {"trade_seq": 3704, "trade_id": "248817017", "timestamp": 1680120299994, "tick_direction": 3, "price": 0.0005, "mark_price": 0.00049488, "iv": 91.72, "instrument_name": "BTC-31MAR23-32000-C", "index_price": 28433.64, "direction": "sell", "amount": 0.4}, {"trade_seq": 3703, "trade_id": "248816719", "timestamp": 1680120233760, "tick_direction": 3, "price": 0.0005, "mark_price": 0.00047189, "iv": 92.45, "instrument_name": "BTC-31MAR23-32000-C", "index_price": 28385.38, "direction": "sell", "amount": 1.0}, {"trade_seq": 3702, "trade_id": "248814631", "timestamp": 1680119523054, "tick_direction": 3, "price": 0.0005, "mark_price": 0.00050916, "iv": 91.31, "instrument_name": "BTC-31MAR23-32000-C", "index_price": 28413.32, "direction": "sell", "amount": 1.0}, {"trade_seq": 3701, "trade_id": "248814554", "timestamp": 1680119496754, "tick_direction": 3, "price": 0.0005, "mark_price": 0.00049233, "iv": 91.63, "instrument_name": "BTC-31MAR23-32000-C", "index_price": 28403.26, "direction": "sell", "amount": 2.6}, {"trade_seq": 3700, "trade_id": "248814531", "timestamp": 1680119480026, "tick_direction": 3, "price": 0.0005, "mark_price": 0.00049051, "iv": 91.66, "instrument_name": "BTC-31MAR23-32000-C", "index_price": 28398.49, "direction": "buy", "amount": 5.0}, {"trade_seq": 3699, "trade_id": "248784399", "timestamp": 1680101531645, "tick_direction": 2, "price": 0.0005, "mark_price": 0.00069717, "iv": 86.64, "instrument_name": "BTC-31MAR23-32000-C", "index_price": 28345.88, "direction": "sell", "amount": 1.0}, {"trade_seq": 3698, "trade_id": "248772349", "timestamp": 1680097093755, "tick_direction": 2, "price": 0.0007, "mark_price": 0.00075432, "iv": 88.3, "instrument_name": "BTC-31MAR23-32000-C", "index_price": 28430.25, "direction": "sell", "combo_id": "BTC-CS-31MAR23-30000_32000", "block_trade_id": "70462", "amount": 25.0}, {"trade_seq": 3697, "trade_id": "248768801", "timestamp": 1680095495596, "tick_direction": 1, "price": 0.001, "mark_price": 0.00077673, "iv": 92.11, "instrument_name": "BTC-31MAR23-32000-C", "index_price": 28487.49, "direction": "buy", "amount": 1.0}, {"trade_seq": 3696, "trade_id": "248766861", "timestamp": 1680094614703, "tick_direction": 0, "price": 0.001, "mark_price": 0.00077327, "iv": 93.07, "instrument_name": "BTC-31MAR23-32000-C", "index_price": 28432.45, "direction": "buy", "amount": 4.0}, {"trade_seq": 3695, "trade_id": "248755242", "timestamp": 1680086913976, "tick_direction": 3, "price": 0.0005, "mark_price": 0.00098111, "iv": 82.57, "instrument_name": "BTC-31MAR23-32000-C", "index_price": 28367.92, "direction": "sell", "amount": 0.1}, {"trade_seq": 3694, "trade_id": "248749931", "timestamp": 1680084181907, "tick_direction": 2, "price": 0.0005, "mark_price": 0.00098551, "iv": 82.54, "instrument_name": "BTC-31MAR23-32000-C", "index_price": 28327.37, "direction": "sell", "amount": 2.5}, {"trade_seq": 3693, "trade_id": "248747247", "timestamp": 1680082515260, "tick_direction": 0, "price": 0.0015, "mark_price": 0.00114301, "iv": 97.62, "instrument_name": "BTC-31MAR23-32000-C", "index_price": 28409.1, "direction": "buy", "amount": 5.0}, {"trade_seq": 3692, "trade_id": "248746827", "timestamp": 1680082295936, "tick_direction": 3, "price": 0.001, "mark_price": 0.00118555, "iv": 89.69, "instrument_name": "BTC-31MAR23-32000-C", "index_price": 28439.5, "direction": "sell", "amount": 1.7}, {"trade_seq": 3691, "trade_id": "248746826", "timestamp": 1680082295936, "tick_direction": 3, "price": 0.001, "mark_price": 0.00118555, "iv": 89.69, "instrument_name": "BTC-31MAR23-32000-C", "index_price": 28439.5, "direction": "sell", "amount": 0.1}, {"trade_seq": 3690, "trade_id": "248746825", "timestamp": 1680082295936, "tick_direction": 2, "price": 0.001, "mark_price": 0.00118555, "iv": 89.69, "instrument_name": "BTC-31MAR23-32000-C", "index_price": 28439.5, "direction": "sell", "amount": 0.2}, {"trade_seq": 3689, "trade_id": "248745891", "timestamp": 1680082024377, "tick_direction": 3, "price": 0.0015, "mark_price": 0.00130264, "iv": 95.06, "instrument_name": "BTC-31MAR23-32000-C", "index_price": 28510.31, "direction": "buy", "amount": 0.1}, {"trade_seq": 3688, "trade_id": "248745329", "timestamp": 1680081637410, "tick_direction": 3, "price": 0.0015, "mark_price": 0.00132779, "iv": 94.7, "instrument_name": "BTC-31MAR23-32000-C", "index_price": 28523.81, "direction": "buy", "amount": 0.3}, {"trade_seq": 3687, "trade_id": "248745325", "timestamp": 1680081636534, "tick_direction": 3, "price": 0.0015, "mark_price": 0.0013276, "iv": 94.73, "instrument_name": "BTC-31MAR23-32000-C", "index_price": 28522.56, "direction": "buy", "amount": 0.5}, {"trade_seq": 3686, "trade_id": "248745323", "timestamp": 1680081634339, "tick_direction": 3, "price": 0.0015, "mark_price": 0.00132436, "iv": 94.73, "instrument_name": "BTC-31MAR23-32000-C", "index_price": 28521.82, "direction": "buy", "amount": 1.8}, {"trade_seq": 3685, "trade_id": "248745321", "timestamp": 1680081624407, "tick_direction": 3, "price": 0.0015, "mark_price": 0.00131979, "iv": 94.81, "instrument_name": "BTC-31MAR23-32000-C", "index_price": 28520.35, "direction": "buy", "amount": 0.1}, {"trade_seq": 3684, "trade_id": "248745320", "timestamp": 1680081624407, "tick_direction": 3, "price": 0.0015, "mark_price": 0.00131979, "iv": 94.81, "instrument_name": "BTC-31MAR23-32000-C", "index_price": 28520.35, "direction": "buy", "amount": 1.0}, {"trade_seq": 3683, "trade_id": "248743041", "timestamp": 1680080467146, "tick_direction": 2, "price": 0.0015, "mark_price": 0.00157808, "iv": 93.82, "instrument_name": "BTC-31MAR23-32000-C", "index_price": 28542.87, "direction": "sell", "amount": 0.1}, {"trade_seq": 3682, "trade_id": "248739438", "timestamp": 1680079375968, "tick_direction": 0, "price": 0.002, "mark_price": 0.00143746, "iv": 100.01, "instrument_name": "BTC-31MAR23-32000-C", "index_price": 28518.38, "direction": "buy", "amount": 0.2}, {"trade_seq": 3681, "trade_id": "248739321", "timestamp": 1680079346669, "tick_direction": 1, "price": 0.0015, "mark_price": 0.00134823, "iv": 94.21, "instrument_name": "BTC-31MAR23-32000-C", "index_price": 28518.2, "direction": "sell", "amount": 0.1}, {"trade_seq": 3680, "trade_id": "248739233", "timestamp": 1680079310285, "tick_direction": 1, "price": 0.0015, "mark_price": 0.00130767, "iv": 94.02, "instrument_name": "BTC-31MAR23-32000-C", "index_price": 28528.74, "direction": "sell", "amount": 2.0}, {"trade_seq": 3679, "trade_id": "248739192", "timestamp": 1680079307264, "tick_direction": 1, "price": 0.0015, "mark_price": 0.00131345, "iv": 93.84, "instrument_name": "BTC-31MAR23-32000-C", "index_price": 28533.11, "direction": "sell", "amount": 3.0}, {"trade_seq": 3678, "trade_id": "248738932", "timestamp": 1680079261427, "tick_direction": 1, "price": 0.0015, "mark_price": 0.00130549, "iv": 93.44, "instrument_name": "BTC-31MAR23-32000-C", "index_price": 28554.27, "direction": "sell", "amount": 1.6}, {"trade_seq": 3677, "trade_id": "248738926", "timestamp": 1680079257035, "tick_direction": 1, "price": 0.0015, "mark_price": 0.0013073, "iv": 93.33, "instrument_name": "BTC-31MAR23-32000-C", "index_price": 28557.93, "direction": "sell", "amount": 3.4}, {"trade_seq": 3676, "trade_id": "248738334", "timestamp": 1680079125221, "tick_direction": 1, "price": 0.0015, "mark_price": 0.00129388, "iv": 92.36, "instrument_name": "BTC-31MAR23-32000-C", "index_price": 28593.09, "direction": "sell", "amount": 1.7}, {"trade_seq": 3675, "trade_id": "248738332", "timestamp": 1680079123868, "tick_direction": 1, "price": 0.0015, "mark_price": 0.00129058, "iv": 92.36, "instrument_name": "BTC-31MAR23-32000-C", "index_price": 28593.58, "direction": "sell", "amount": 2.2}, {"trade_seq": 3674, "trade_id": "248738331", "timestamp": 1680079123865, "tick_direction": 1, "price": 0.0015, "mark_price": 0.00129058, "iv": 92.36, "instrument_name": "BTC-31MAR23-32000-C", "index_price": 28593.58, "direction": "buy", "amount": 1.0}, {"trade_seq": 3673, "trade_id": "248738330", "timestamp": 1680079123865, "tick_direction": 1, "price": 0.0015, "mark_price": 0.00129058, "iv": 92.36, "instrument_name": "BTC-31MAR23-32000-C", "index_price": 28593.58, "direction": "buy", "amount": 0.1}, {"trade_seq": 3672, "trade_id": "248737558", "timestamp": 1680079015872, "tick_direction": 1, "price": 0.0015, "mark_price": 0.00130364, "iv": 92.42, "instrument_name": "BTC-31MAR23-32000-C", "index_price": 28590.97, "direction": "buy", "amount": 0.2}, {"trade_seq": 3671, "trade_id": "248737252", "timestamp": 1680078928367, "tick_direction": 1, "price": 0.0015, "mark_price": 0.00129896, "iv": 92.67, "instrument_name": "BTC-31MAR23-32000-C", "index_price": 28572.48, "direction": "buy", "amount": 0.1}, {"trade_seq": 3670, "trade_id": "248736552", "timestamp": 1680078861107, "tick_direction": 1, "price": 0.0015, "mark_price": 0.00133035, "iv": 92.56, "instrument_name": "BTC-31MAR23-32000-C", "index_price": 28581.13, "direction": "buy", "amount": 3.1}, {"trade_seq": 3669, "trade_id": "248736551", "timestamp": 1680078861107, "tick_direction": 1, "price": 0.0015, "mark_price": 0.00133035, "iv": 92.56, "instrument_name": "BTC-31MAR23-32000-C", "index_price": 28581.13, "direction": "buy", "amount": 0.1}, {"trade_seq": 3668, "trade_id": "248736550", "timestamp": 1680078861107, "tick_direction": 1, "price": 0.0015, "mark_price": 0.00133035, "iv": 92.56, "instrument_name": "BTC-31MAR23-32000-C", "index_price": 28581.13, "direction": "buy", "amount": 13.6}, {"trade_seq": 3667, "trade_id": "248736549", "timestamp": 1680078861107, "tick_direction": 1, "price": 0.0015, "mark_price": 0.00133035, "iv": 92.56, "instrument_name": "BTC-31MAR23-32000-C", "index_price": 28581.13, "direction": "buy", "amount": 1.0}, {"trade_seq": 3666, "trade_id": "248736548", "timestamp": 1680078861107, "tick_direction": 1, "price": 0.0015, "mark_price": 0.00133035, "iv": 92.56, "instrument_name": "BTC-31MAR23-32000-C", "index_price": 28581.13, "direction": "buy", "amount": 3.0}, {"trade_seq": 3665, "trade_id": "248736547", "timestamp": 1680078861107, "tick_direction": 1, "price": 0.0015, "mark_price": 0.00133035, "iv": 92.56, "instrument_name": "BTC-31MAR23-32000-C", "index_price": 28581.13, "direction": "buy", "amount": 0.2}, {"trade_seq": 3664, "trade_id": "248736546", "timestamp": 1680078861107, "tick_direction": 0, "price": 0.0015, "mark_price": 0.00133035, "iv": 92.56, "instrument_name": "BTC-31MAR23-32000-C", "index_price": 28581.13, "direction": "buy", "amount": 1.0}, {"trade_seq": 3663, "trade_id": "248734514", "timestamp": 1680078649624, "tick_direction": 1, "price": 0.001, "mark_price": 0.00120308, "iv": 87.86, "instrument_name": "BTC-31MAR23-32000-C", "index_price": 28476.52, "direction": "sell", "amount": 0.1}, {"trade_seq": 3662, "trade_id": "248730618", "timestamp": 1680078097539, "tick_direction": 1, "price": 0.001, "mark_price": 0.00089017, "iv": 91.28, "instrument_name": "BTC-31MAR23-32000-C", "index_price": 28318.0, "direction": "buy", "amount": 0.1}, {"trade_seq": 3661, "trade_id": "248730617", "timestamp": 1680078097535, "tick_direction": 1, "price": 0.001, "mark_price": 0.00089017, "iv": 91.28, "instrument_name": "BTC-31MAR23-32000-C", "index_price": 28318.0, "direction": "buy", "amount": 1.0}, {"trade_seq": 3660, "trade_id": "248730602", "timestamp": 1680078095957, "tick_direction": 1, "price": 0.001, "mark_price": 0.00089018, "iv": 91.29, "instrument_name": "BTC-31MAR23-32000-C", "index_price": 28317.04, "direction": "buy", "amount": 1.0}, {"trade_seq": 3659, "trade_id": "248728764", "timestamp": 1680077829674, "tick_direction": 1, "price": 0.001, "mark_price": 0.00090605, "iv": 91.0, "instrument_name": "BTC-31MAR23-32000-C", "index_price": 28335.93, "direction": "buy", "amount": 1.0}, {"trade_seq": 3658, "trade_id": "248725742", "timestamp": 1680077552775, "tick_direction": 0, "price": 0.001, "mark_price": 0.00090828, "iv": 90.96, "instrument_name": "BTC-31MAR23-32000-C", "index_price": 28313.28, "direction": "buy", "amount": 3.0}, {"trade_seq": 3657, "trade_id": "248715526", "timestamp": 1680074905947, "tick_direction": 3, "price": 0.0005, "mark_price": 0.00085933, "iv": 85.35, "instrument_name": "BTC-31MAR23-32000-C", "index_price": 28083.69, "direction": "sell", "amount": 0.1}, {"trade_seq": 3656, "trade_id": "248713906", "timestamp": 1680074186687, "tick_direction": 2, "price": 0.0005, "mark_price": 0.00081782, "iv": 86.1, "instrument_name": "BTC-31MAR23-32000-C", "index_price": 28027.38, "direction": "sell", "amount": 0.5}, {"trade_seq": 3655, "trade_id": "248712043", "timestamp": 1680073166442, "tick_direction": 3, "price": 0.001, "mark_price": 0.00080192, "iv": 95.73, "instrument_name": "BTC-31MAR23-32000-C", "index_price": 28045.28, "direction": "sell", "amount": 0.5}, {"trade_seq": 3654, "trade_id": "248711792", "timestamp": 1680073026495, "tick_direction": 3, "price": 0.001, "mark_price": 0.00077627, "iv": 95.33, "instrument_name": "BTC-31MAR23-32000-C", "index_price": 28062.6, "direction": "buy", "amount": 1.0}, {"trade_seq": 3653, "trade_id": "248710834", "timestamp": 1680072606262, "tick_direction": 2, "price": 0.001, "mark_price": 0.00069497, "iv": 95.4, "instrument_name": "BTC-31MAR23-32000-C", "index_price": 28054.99, "direction": "buy", "amount": 2.5}, {"trade_seq": 3652, "trade_id": "248709877", "timestamp": 1680072348644, "tick_direction": 1, "price": 0.0015, "mark_price": 0.00076014, "iv": 101.48, "instrument_name": "BTC-31MAR23-32000-C", "index_price": 28114.82, "direction": "buy", "amount": 15.8}, {"trade_seq": 3651, "trade_id": "248709876", "timestamp": 1680072348644, "tick_direction": 0, "price": 0.0015, "mark_price": 0.00076014, "iv": 101.48, "instrument_name": "BTC-31MAR23-32000-C", "index_price": 28114.82, "direction": "buy", "amount": 9.2}, {"trade_seq": 3650, "trade_id": "248706436", "timestamp": 1680071729878, "tick_direction": 1, "price": 0.001, "mark_price": 0.00077701, "iv": 94.32, "instrument_name": "BTC-31MAR23-32000-C", "index_price": 28108.29, "direction": "buy", "amount": 1.0}, {"trade_seq": 3649, "trade_id": "248701787", "timestamp": 1680071361725, "tick_direction": 1, "price": 0.001, "mark_price": 0.00072599, "iv": 97.17, "instrument_name": "BTC-31MAR23-32000-C", "index_price": 27972.24, "direction": "buy", "amount": 0.5}, {"trade_seq": 3648, "trade_id": "248701786", "timestamp": 1680071361725, "tick_direction": 0, "price": 0.001, "mark_price": 0.00072599, "iv": 97.17, "instrument_name": "BTC-31MAR23-32000-C", "index_price": 27972.24, "direction": "buy", "amount": 0.5}, {"trade_seq": 3647, "trade_id": "248692297", "timestamp": 1680066814151, "tick_direction": 3, "price": 0.0005, "mark_price": 0.00048713, "iv": 93.22, "instrument_name": "BTC-31MAR23-32000-C", "index_price": 27568.48, "direction": "buy", "amount": 1.0}, {"trade_seq": 3646, "trade_id": "248688681", "timestamp": 1680065343433, "tick_direction": 3, "price": 0.0005, "mark_price": 0.0004772, "iv": 93.54, "instrument_name": "BTC-31MAR23-32000-C", "index_price": 27535.79, "direction": "buy", "amount": 1.0}, {"trade_seq": 3645, "trade_id": "248676185", "timestamp": 1680054231409, "tick_direction": 3, "price": 0.0005, "mark_price": 0.00062945, "iv": 93.46, "instrument_name": "BTC-31MAR23-32000-C", "index_price": 27397.32, "direction": "sell", "amount": 3.0}, {"trade_seq": 3644, "trade_id": "248676056", "timestamp": 1680054125647, "tick_direction": 3, "price": 0.0005, "mark_price": 0.00064496, "iv": 93.01, "instrument_name": "BTC-31MAR23-32000-C", "index_price": 27422.05, "direction": "sell", "amount": 7.5}, {"trade_seq": 3643, "trade_id": "248676055", "timestamp": 1680054125644, "tick_direction": 3, "price": 0.0005, "mark_price": 0.00064496, "iv": 93.01, "instrument_name": "BTC-31MAR23-32000-C", "index_price": 27422.05, "direction": "buy", "amount": 0.5}, {"trade_seq": 3642, "trade_id": "248650421", "timestamp": 1680033662805, "tick_direction": 3, "price": 0.0005, "mark_price": 0.00090946, "iv": 88.02, "instrument_name": "BTC-31MAR23-32000-C", "index_price": 27448.35, "direction": "sell", "amount": 0.4}, {"trade_seq": 3641, "trade_id": "248630158", "timestamp": 1680027698515, "tick_direction": 3, "price": 0.0005, "mark_price": 0.00050293, "iv": 96.55, "instrument_name": "BTC-31MAR23-32000-C", "index_price": 26893.83, "direction": "buy", "amount": 1.0}, {"trade_seq": 3640, "trade_id": "248630157", "timestamp": 1680027698515, "tick_direction": 3, "price": 0.0005, "mark_price": 0.00050293, "iv": 96.55, "instrument_name": "BTC-31MAR23-32000-C", "index_price": 26893.83, "direction": "buy", "amount": 1.0}, {"trade_seq": 3639, "trade_id": "248618846", "timestamp": 1680019325028, "tick_direction": 3, "price": 0.0005, "mark_price": 0.00070145, "iv": 93.12, "instrument_name": "BTC-31MAR23-32000-C", "index_price": 26995.15, "direction": "sell", "amount": 1.0}, {"trade_seq": 3638, "trade_id": "248613661", "timestamp": 1680014440519, "tick_direction": 3, "price": 0.0005, "mark_price": 0.00070198, "iv": 93.13, "instrument_name": "BTC-31MAR23-32000-C", "index_price": 26935.69, "direction": "sell", "amount": 0.1}, {"trade_seq": 3637, "trade_id": "248588434", "timestamp": 1680001690537, "tick_direction": 3, "price": 0.0005, "mark_price": 0.00072775, "iv": 93.63, "instrument_name": "BTC-31MAR23-32000-C", "index_price": 26766.37, "direction": "buy", "amount": 4.7}, {"trade_seq": 3636, "trade_id": "248588433", "timestamp": 1680001690534, "tick_direction": 3, "price": 0.0005, "mark_price": 0.00072775, "iv": 93.63, "instrument_name": "BTC-31MAR23-32000-C", "index_price": 26766.37, "direction": "sell", "amount": 57.9}, {"trade_seq": 3635, "trade_id": "248585105", "timestamp": 1680000218441, "tick_direction": 3, "price": 0.0005, "mark_price": 0.00073587, "iv": 93.67, "instrument_name": "BTC-31MAR23-32000-C", "index_price": 26746.12, "direction": "sell", "amount": 1.0}, {"trade_seq": 3634, "trade_id": "248584448", "timestamp": 1680000082645, "tick_direction": 3, "price": 0.0005, "mark_price": 0.00073683, "iv": 93.68, "instrument_name": "BTC-31MAR23-32000-C", "index_price": 26736.36, "direction": "sell", "amount": 0.6}, {"trade_seq": 3633, "trade_id": "248582440", "timestamp": 1679999570324, "tick_direction": 3, "price": 0.0005, "mark_price": 0.00066997, "iv": 93.33, "instrument_name": "BTC-31MAR23-32000-C", "index_price": 26763.04, "direction": "sell", "amount": 0.3}, {"trade_seq": 3632, "trade_id": "248581107", "timestamp": 1679999091524, "tick_direction": 3, "price": 0.0005, "mark_price": 0.00063264, "iv": 93.19, "instrument_name": "BTC-31MAR23-32000-C", "index_price": 26742.85, "direction": "sell", "amount": 20.0}, {"trade_seq": 3631, "trade_id": "248579607", "timestamp": 1679998136539, "tick_direction": 3, "price": 0.0005, "mark_price": 0.00072296, "iv": 90.44, "instrument_name": "BTC-31MAR23-32000-C", "index_price": 26913.9, "direction": "sell", "amount": 1.0}, {"trade_seq": 3630, "trade_id": "248579605", "timestamp": 1679998133606, "tick_direction": 3, "price": 0.0005, "mark_price": 0.00072284, "iv": 90.44, "instrument_name": "BTC-31MAR23-32000-C", "index_price": 26914.23, "direction": "sell", "amount": 1.0}, {"trade_seq": 3629, "trade_id": "248579602", "timestamp": 1679998130850, "tick_direction": 3, "price": 0.0005, "mark_price": 0.00072268, "iv": 90.44, "instrument_name": "BTC-31MAR23-32000-C", "index_price": 26914.22, "direction": "sell", "amount": 1.0}, {"trade_seq": 3628, "trade_id": "248575405", "timestamp": 1679994629985, "tick_direction": 3, "price": 0.0005, "mark_price": 0.00071588, "iv": 88.01, "instrument_name": "BTC-31MAR23-32000-C", "index_price": 27014.21, "direction": "sell", "amount": 8.0}, {"trade_seq": 3627, "trade_id": "248574894", "timestamp": 1679993770174, "tick_direction": 3, "price": 0.0005, "mark_price": 0.00073757, "iv": 87.72, "instrument_name": "BTC-31MAR23-32000-C", "index_price": 27023.2, "direction": "sell", "amount": 20.0}, {"trade_seq": 3626, "trade_id": "248572691", "timestamp": 1679991951897, "tick_direction": 3, "price": 0.0005, "mark_price": 0.00072236, "iv": 88.41, "instrument_name": "BTC-31MAR23-32000-C", "index_price": 26967.49, "direction": "sell", "amount": 10.0}, {"trade_seq": 3625, "trade_id": "248571159", "timestamp": 1679990991515, "tick_direction": 3, "price": 0.0005, "mark_price": 0.00071965, "iv": 88.26, "instrument_name": "BTC-31MAR23-32000-C", "index_price": 26973.65, "direction": "sell", "amount": 0.1}, {"trade_seq": 3624, "trade_id": "248570119", "timestamp": 1679990697027, "tick_direction": 3, "price": 0.0005, "mark_price": 0.0006907, "iv": 88.77, "instrument_name": "BTC-31MAR23-32000-C", "index_price": 26944.36, "direction": "sell", "amount": 1.0}, {"trade_seq": 3623, "trade_id": "248569874", "timestamp": 1679990617293, "tick_direction": 3, "price": 0.0005, "mark_price": 0.00069416, "iv": 88.56, "instrument_name": "BTC-31MAR23-32000-C", "index_price": 26950.85, "direction": "sell", "amount": 1.3}, {"trade_seq": 3622, "trade_id": "248557917", "timestamp": 1679981888070, "tick_direction": 3, "price": 0.0005, "mark_price": 0.00073489, "iv": 86.91, "instrument_name": "BTC-31MAR23-32000-C", "index_price": 26955.3, "direction": "sell", "amount": 0.2}, {"trade_seq": 3621, "trade_id": "248557078", "timestamp": 1679981063998, "tick_direction": 3, "price": 0.0005, "mark_price": 0.00071254, "iv": 87.03, "instrument_name": "BTC-31MAR23-32000-C", "index_price": 26942.02, "direction": "sell", "amount": 0.3}, {"trade_seq": 3620, "trade_id": "248556483", "timestamp": 1679980066752, "tick_direction": 3, "price": 0.0005, "mark_price": 0.00072172, "iv": 86.4, "instrument_name": "BTC-31MAR23-32000-C", "index_price": 26964.36, "direction": "sell", "amount": 0.6}, {"trade_seq": 3619, "trade_id": "248556223", "timestamp": 1679979721669, "tick_direction": 3, "price": 0.0005, "mark_price": 0.00075068, "iv": 86.08, "instrument_name": "BTC-31MAR23-32000-C", "index_price": 26983.22, "direction": "sell", "amount": 2.7}, {"trade_seq": 3618, "trade_id": "248556182", "timestamp": 1679979652617, "tick_direction": 3, "price": 0.0005, "mark_price": 0.00074525, "iv": 86.26, "instrument_name": "BTC-31MAR23-32000-C", "index_price": 26968.73, "direction": "sell", "amount": 0.3}, {"trade_seq": 3617, "trade_id": "248552773", "timestamp": 1679975614547, "tick_direction": 3, "price": 0.0005, "mark_price": 0.00072446, "iv": 85.35, "instrument_name": "BTC-31MAR23-32000-C", "index_price": 26982.2, "direction": "sell", "amount": 0.5}, {"trade_seq": 3616, "trade_id": "248552324", "timestamp": 1679974927305, "tick_direction": 3, "price": 0.0005, "mark_price": 0.00072238, "iv": 85.47, "instrument_name": "BTC-31MAR23-32000-C", "index_price": 26972.11, "direction": "sell", "amount": 0.2}, {"trade_seq": 3615, "trade_id": "248551811", "timestamp": 1679974517295, "tick_direction": 3, "price": 0.0005, "mark_price": 0.00069435, "iv": 85.77, "instrument_name": "BTC-31MAR23-32000-C", "index_price": 26944.62, "direction": "sell", "amount": 0.1}, {"trade_seq": 3614, "trade_id": "248551779", "timestamp": 1679974464812, "tick_direction": 3, "price": 0.0005, "mark_price": 0.00070092, "iv": 85.6, "instrument_name": "BTC-31MAR23-32000-C", "index_price": 26955.92, "direction": "sell", "amount": 0.2}, {"trade_seq": 3613, "trade_id": "248551744", "timestamp": 1679974431259, "tick_direction": 3, "price": 0.0005, "mark_price": 0.00069528, "iv": 85.67, "instrument_name": "BTC-31MAR23-32000-C", "index_price": 26955.55, "direction": "sell", "amount": 0.5}, {"trade_seq": 3612, "trade_id": "248551737", "timestamp": 1679974409489, "tick_direction": 3, "price": 0.0005, "mark_price": 0.00069736, "iv": 85.61, "instrument_name": "BTC-31MAR23-32000-C", "index_price": 26955.97, "direction": "sell", "amount": 1.0}, {"trade_seq": 3611, "trade_id": "248551736", "timestamp": 1679974408885, "tick_direction": 3, "price": 0.0005, "mark_price": 0.00069731, "iv": 85.61, "instrument_name": "BTC-31MAR23-32000-C", "index_price": 26955.97, "direction": "sell", "amount": 0.2}, {"trade_seq": 3610, "trade_id": "248551735", "timestamp": 1679974408885, "tick_direction": 3, "price": 0.0005, "mark_price": 0.00069731, "iv": 85.61, "instrument_name": "BTC-31MAR23-32000-C", "index_price": 26955.97, "direction": "sell", "amount": 0.3}, {"trade_seq": 3609, "trade_id": "248551234", "timestamp": 1679973702344, "tick_direction": 3, "price": 0.0005, "mark_price": 0.00069893, "iv": 84.93, "instrument_name": "BTC-31MAR23-32000-C", "index_price": 26995.52, "direction": "sell", "amount": 0.5}, {"trade_seq": 3608, "trade_id": "248550144", "timestamp": 1679971894501, "tick_direction": 2, "price": 0.0005, "mark_price": 0.0007135, "iv": 84.36, "instrument_name": "BTC-31MAR23-32000-C", "index_price": 27012.45, "direction": "sell", "amount": 0.2}, {"trade_seq": 3607, "trade_id": "248538279", "timestamp": 1679962710773, "tick_direction": 2, "price": 0.0007, "mark_price": 0.00070437, "iv": 86.0, "instrument_name": "BTC-31MAR23-32000-C", "index_price": 27098.39, "direction": "buy", "combo_id": "BTC-CS-31MAR23-30000_32000", "block_trade_id": "70201", "amount": 25.0}, {"trade_seq": 3606, "trade_id": "248513947", "timestamp": 1679942749781, "tick_direction": 2, "price": 0.0009, "mark_price": 0.00073083, "iv": 86.27, "instrument_name": "BTC-31MAR23-32000-C", "index_price": 27115.15, "direction": "buy", "combo_id": "BTC-CS-31MAR23-30000_32000", "block_trade_id": "70179", "amount": 12.5}, {"trade_seq": 3605, "trade_id": "248504628", "timestamp": 1679937947448, "tick_direction": 0, "price": 0.001, "mark_price": 0.00075861, "iv": 87.45, "instrument_name": "BTC-31MAR23-32000-C", "index_price": 27104.57, "direction": "buy", "amount": 9.8}, {"trade_seq": 3604, "trade_id": "248493574", "timestamp": 1679935496017, "tick_direction": 3, "price": 0.0005, "mark_price": 0.00086052, "iv": 77.0, "instrument_name": "BTC-31MAR23-32000-C", "index_price": 27161.61, "direction": "sell", "amount": 4.8}, {"trade_seq": 3603, "trade_id": "248493573", "timestamp": 1679935496017, "tick_direction": 3, "price": 0.0005, "mark_price": 0.00086052, "iv": 77.0, "instrument_name": "BTC-31MAR23-32000-C", "index_price": 27161.61, "direction": "sell", "amount": 43.5}, {"trade_seq": 3602, "trade_id": "248493572", "timestamp": 1679935496017, "tick_direction": 3, "price": 0.0005, "mark_price": 0.00086052, "iv": 77.0, "instrument_name": "BTC-31MAR23-32000-C", "index_price": 27161.61, "direction": "sell", "amount": 1.0}, {"trade_seq": 3601, "trade_id": "248493571", "timestamp": 1679935496017, "tick_direction": 3, "price": 0.0005, "mark_price": 0.00086052, "iv": 77.0, "instrument_name": "BTC-31MAR23-32000-C", "index_price": 27161.61, "direction": "sell", "amount": 0.3}, {"trade_seq": 3600, "trade_id": "248493570", "timestamp": 1679935496017, "tick_direction": 2, "price": 0.0005, "mark_price": 0.00086052, "iv": 77.0, "instrument_name": "BTC-31MAR23-32000-C", "index_price": 27161.61, "direction": "sell", "amount": 0.4}, {"trade_seq": 3599, "trade_id": "248480495", "timestamp": 1679932744058, "tick_direction": 3, "price": 0.001, "mark_price": 0.00072894, "iv": 89.28, "instrument_name": "BTC-31MAR23-32000-C", "index_price": 26926.68, "direction": "sell", "amount": 1.0}, {"trade_seq": 3598, "trade_id": "248480494", "timestamp": 1679932742203, "tick_direction": 3, "price": 0.001, "mark_price": 0.00072697, "iv": 89.27, "instrument_name": "BTC-31MAR23-32000-C", "index_price": 26926.51, "direction": "sell", "amount": 1.0}, {"trade_seq": 3597, "trade_id": "248480493", "timestamp": 1679932741089, "tick_direction": 3, "price": 0.001, "mark_price": 0.00072697, "iv": 89.31, "instrument_name": "BTC-31MAR23-32000-C", "index_price": 26924.56, "direction": "sell", "amount": 0.2}, {"trade_seq": 3596, "trade_id": "248480492", "timestamp": 1679932741086, "tick_direction": 3, "price": 0.001, "mark_price": 0.00072697, "iv": 89.31, "instrument_name": "BTC-31MAR23-32000-C", "index_price": 26924.56, "direction": "buy", "amount": 0.1}, {"trade_seq": 3595, "trade_id": "248480491", "timestamp": 1679932741086, "tick_direction": 3, "price": 0.001, "mark_price": 0.00072697, "iv": 89.31, "instrument_name": "BTC-31MAR23-32000-C", "index_price": 26924.56, "direction": "buy", "amount": 0.7}, {"trade_seq": 3594, "trade_id": "248480447", "timestamp": 1679932726033, "tick_direction": 3, "price": 0.001, "mark_price": 0.00072846, "iv": 89.24, "instrument_name": "BTC-31MAR23-32000-C", "index_price": 26930.75, "direction": "buy", "amount": 1.0}, {"trade_seq": 3593, "trade_id": "248480446", "timestamp": 1679932724845, "tick_direction": 3, "price": 0.001, "mark_price": 0.00072574, "iv": 89.24, "instrument_name": "BTC-31MAR23-32000-C", "index_price": 26929.68, "direction": "buy", "amount": 1.0}, {"trade_seq": 3592, "trade_id": "248480445", "timestamp": 1679932723591, "tick_direction": 3, "price": 0.001, "mark_price": 0.00072575, "iv": 89.27, "instrument_name": "BTC-31MAR23-32000-C", "index_price": 26927.65, "direction": "buy", "amount": 1.0}, {"trade_seq": 3591, "trade_id": "248480330", "timestamp": 1679932666394, "tick_direction": 3, "price": 0.001, "mark_price": 0.00073089, "iv": 89.15, "instrument_name": "BTC-31MAR23-32000-C", "index_price": 26932.46, "direction": "buy", "amount": 1.0}, {"trade_seq": 3590, "trade_id": "248480328", "timestamp": 1679932665238, "tick_direction": 3, "price": 0.001, "mark_price": 0.00073195, "iv": 89.14, "instrument_name": "BTC-31MAR23-32000-C", "index_price": 26933.51, "direction": "buy", "amount": 1.0}, {"trade_seq": 3589, "trade_id": "248480327", "timestamp": 1679932664154, "tick_direction": 3, "price": 0.001, "mark_price": 0.00073229, "iv": 89.14, "instrument_name": "BTC-31MAR23-32000-C", "index_price": 26933.01, "direction": "buy", "amount": 1.0}, {"trade_seq": 3588, "trade_id": "248473490", "timestamp": 1679931149080, "tick_direction": 3, "price": 0.001, "mark_price": 0.00075457, "iv": 89.36, "instrument_name": "BTC-31MAR23-32000-C", "index_price": 26931.1, "direction": "buy", "amount": 3.0}, {"trade_seq": 3587, "trade_id": "248445468", "timestamp": 1679929156438, "tick_direction": 3, "price": 0.001, "mark_price": 0.00059075, "iv": 87.73, "instrument_name": "BTC-31MAR23-32000-C", "index_price": 27011.68, "direction": "buy", "amount": 0.5}, {"trade_seq": 3586, "trade_id": "248438724", "timestamp": 1679927579178, "tick_direction": 2, "price": 0.001, "mark_price": 0.00086075, "iv": 82.72, "instrument_name": "BTC-31MAR23-32000-C", "index_price": 27308.06, "direction": "buy", "amount": 3.5}, {"trade_seq": 3585, "trade_id": "248428057", "timestamp": 1679926288394, "tick_direction": 1, "price": 0.0015, "mark_price": 0.00087965, "iv": 81.68, "instrument_name": "BTC-31MAR23-32000-C", "index_price": 27728.77, "direction": "sell", "amount": 8.0}, {"trade_seq": 3584, "trade_id": "248428056", "timestamp": 1679926288388, "tick_direction": 1, "price": 0.0015, "mark_price": 0.00087965, "iv": 81.68, "instrument_name": "BTC-31MAR23-32000-C", "index_price": 27728.77, "direction": "buy", "amount": 34.7}, {"trade_seq": 3583, "trade_id": "248428055", "timestamp": 1679926288388, "tick_direction": 1, "price": 0.0015, "mark_price": 0.00087965, "iv": 81.68, "instrument_name": "BTC-31MAR23-32000-C", "index_price": 27728.77, "direction": "buy", "amount": 0.1}, {"trade_seq": 3582, "trade_id": "248428054", "timestamp": 1679926288388, "tick_direction": 1, "price": 0.0015, "mark_price": 0.00087965, "iv": 81.68, "instrument_name": "BTC-31MAR23-32000-C", "index_price": 27728.77, "direction": "buy", "amount": 19.9}, {"trade_seq": 3581, "trade_id": "248428053", "timestamp": 1679926288388, "tick_direction": 1, "price": 0.0015, "mark_price": 0.00087965, "iv": 81.68, "instrument_name": "BTC-31MAR23-32000-C", "index_price": 27728.77, "direction": "buy", "amount": 15.0}, {"trade_seq": 3580, "trade_id": "248428052", "timestamp": 1679926288388, "tick_direction": 1, "price": 0.0015, "mark_price": 0.00087965, "iv": 81.68, "instrument_name": "BTC-31MAR23-32000-C", "index_price": 27728.77, "direction": "buy", "amount": 5.0}, {"trade_seq": 3579, "trade_id": "248428051", "timestamp": 1679926288388, "tick_direction": 1, "price": 0.0015, "mark_price": 0.00087965, "iv": 81.68, "instrument_name": "BTC-31MAR23-32000-C", "index_price": 27728.77, "direction": "buy", "amount": 2.0}, {"trade_seq": 3578, "trade_id": "248428050", "timestamp": 1679926288388, "tick_direction": 1, "price": 0.0015, "mark_price": 0.00087965, "iv": 81.68, "instrument_name": "BTC-31MAR23-32000-C", "index_price": 27728.77, "direction": "buy", "amount": 20.0}, {"trade_seq": 3577, "trade_id": "248428049", "timestamp": 1679926288388, "tick_direction": 1, "price": 0.0015, "mark_price": 0.00087965, "iv": 81.68, "instrument_name": "BTC-31MAR23-32000-C", "index_price": 27728.77, "direction": "buy", "amount": 15.0}, {"trade_seq": 3576, "trade_id": "248428048", "timestamp": 1679926288388, "tick_direction": 1, "price": 0.0015, "mark_price": 0.00087965, "iv": 81.68, "instrument_name": "BTC-31MAR23-32000-C", "index_price": 27728.77, "direction": "buy", "amount": 4.5}, {"trade_seq": 3575, "trade_id": "248428047", "timestamp": 1679926288388, "tick_direction": 1, "price": 0.0015, "mark_price": 0.00087965, "iv": 81.68, "instrument_name": "BTC-31MAR23-32000-C", "index_price": 27728.77, "direction": "buy", "amount": 0.1}, {"trade_seq": 3574, "trade_id": "248428046", "timestamp": 1679926288388, "tick_direction": 1, "price": 0.0015, "mark_price": 0.00087965, "iv": 81.68, "instrument_name": "BTC-31MAR23-32000-C", "index_price": 27728.77, "direction": "buy", "amount": 8.6}, {"trade_seq": 3573, "trade_id": "248428045", "timestamp": 1679926288388, "tick_direction": 0, "price": 0.0015, "mark_price": 0.00087965, "iv": 81.68, "instrument_name": "BTC-31MAR23-32000-C", "index_price": 27728.77, "direction": "buy", "amount": 15.0}, {"trade_seq": 3572, "trade_id": "248427987", "timestamp": 1679926239402, "tick_direction": 3, "price": 0.001, "mark_price": 0.00087131, "iv": 75.7, "instrument_name": "BTC-31MAR23-32000-C", "index_price": 27743.01, "direction": "buy", "amount": 0.3}, {"trade_seq": 3571, "trade_id": "248426900", "timestamp": 1679925935399, "tick_direction": 3, "price": 0.001, "mark_price": 0.00080903, "iv": 75.96, "instrument_name": "BTC-31MAR23-32000-C", "index_price": 27719.37, "direction": "buy", "amount": 1.5}, {"trade_seq": 3570, "trade_id": "248426715", "timestamp": 1679925846317, "tick_direction": 3, "price": 0.001, "mark_price": 0.00084026, "iv": 75.72, "instrument_name": "BTC-31MAR23-32000-C", "index_price": 27736.84, "direction": "buy", "amount": 6.0}, {"trade_seq": 3569, "trade_id": "248426696", "timestamp": 1679925833942, "tick_direction": 3, "price": 0.001, "mark_price": 0.00083713, "iv": 75.82, "instrument_name": "BTC-31MAR23-32000-C", "index_price": 27730.56, "direction": "buy", "amount": 2.0}, {"trade_seq": 3568, "trade_id": "248426394", "timestamp": 1679925669761, "tick_direction": 3, "price": 0.001, "mark_price": 0.00071513, "iv": 76.26, "instrument_name": "BTC-31MAR23-32000-C", "index_price": 27702.06, "direction": "sell", "amount": 0.1}, {"trade_seq": 3567, "trade_id": "248426393", "timestamp": 1679925669754, "tick_direction": 3, "price": 0.001, "mark_price": 0.00071513, "iv": 76.26, "instrument_name": "BTC-31MAR23-32000-C", "index_price": 27702.06, "direction": "buy", "amount": 0.1}, {"trade_seq": 3566, "trade_id": "248426392", "timestamp": 1679925669754, "tick_direction": 3, "price": 0.001, "mark_price": 0.00071513, "iv": 76.26, "instrument_name": "BTC-31MAR23-32000-C", "index_price": 27702.06, "direction": "buy", "amount": 1.8}, {"trade_seq": 3565, "trade_id": "248426319", "timestamp": 1679925629913, "tick_direction": 3, "price": 0.001, "mark_price": 0.00071563, "iv": 76.21, "instrument_name": "BTC-31MAR23-32000-C", "index_price": 27703.87, "direction": "buy", "amount": 4.0}, {"trade_seq": 3564, "trade_id": "248426238", "timestamp": 1679925606282, "tick_direction": 3, "price": 0.001, "mark_price": 0.00072548, "iv": 76.05, "instrument_name": "BTC-31MAR23-32000-C", "index_price": 27712.37, "direction": "buy", "amount": 2.0}, {"trade_seq": 3563, "trade_id": "248426007", "timestamp": 1679925528605, "tick_direction": 3, "price": 0.001, "mark_price": 0.00070769, "iv": 76.23, "instrument_name": "BTC-31MAR23-32000-C", "index_price": 27700.22, "direction": "buy", "amount": 2.0}, {"trade_seq": 3562, "trade_id": "248413543", "timestamp": 1679921403699, "tick_direction": 2, "price": 0.001, "mark_price": 0.0011736, "iv": 74.91, "instrument_name": "BTC-31MAR23-32000-C", "index_price": 27750.36, "direction": "sell", "amount": 5.0}, {"trade_seq": 3561, "trade_id": "248412480", "timestamp": 1679920966410, "tick_direction": 1, "price": 0.0015, "mark_price": 0.00119893, "iv": 79.69, "instrument_name": "BTC-31MAR23-32000-C", "index_price": 27804.89, "direction": "buy", "amount": 0.1}, {"trade_seq": 3560, "trade_id": "248412453", "timestamp": 1679920952981, "tick_direction": 1, "price": 0.0015, "mark_price": 0.0012076, "iv": 79.59, "instrument_name": "BTC-31MAR23-32000-C", "index_price": 27810.57, "direction": "buy", "amount": 7.4}, {"trade_seq": 3559, "trade_id": "248412452", "timestamp": 1679920952981, "tick_direction": 0, "price": 0.0015, "mark_price": 0.0012076, "iv": 79.59, "instrument_name": "BTC-31MAR23-32000-C", "index_price": 27810.57, "direction": "buy", "amount": 2.6}, {"trade_seq": 3558, "trade_id": "248410107", "timestamp": 1679920145341, "tick_direction": 3, "price": 0.001, "mark_price": 0.00117412, "iv": 73.46, "instrument_name": "BTC-31MAR23-32000-C", "index_price": 27833.57, "direction": "sell", "amount": 0.3}, {"trade_seq": 3557, "trade_id": "248410100", "timestamp": 1679920143271, "tick_direction": 3, "price": 0.001, "mark_price": 0.00117379, "iv": 73.47, "instrument_name": "BTC-31MAR23-32000-C", "index_price": 27833.23, "direction": "sell", "amount": 0.8}, {"trade_seq": 3556, "trade_id": "248409948", "timestamp": 1679920092696, "tick_direction": 3, "price": 0.001, "mark_price": 0.00118578, "iv": 73.25, "instrument_name": "BTC-31MAR23-32000-C", "index_price": 27846.06, "direction": "sell", "amount": 0.6}, {"trade_seq": 3555, "trade_id": "248409947", "timestamp": 1679920092579, "tick_direction": 3, "price": 0.001, "mark_price": 0.00118578, "iv": 73.25, "instrument_name": "BTC-31MAR23-32000-C", "index_price": 27846.06, "direction": "sell", "amount": 0.1}, {"trade_seq": 3554, "trade_id": "248405045", "timestamp": 1679917751744, "tick_direction": 2, "price": 0.001, "mark_price": 0.00116784, "iv": 72.59, "instrument_name": "BTC-31MAR23-32000-C", "index_price": 27870.34, "direction": "sell", "amount": 3.2}, {"trade_seq": 3553, "trade_id": "248399966", "timestamp": 1679914405437, "tick_direction": 1, "price": 0.0015, "mark_price": 0.00123073, "iv": 76.7, "instrument_name": "BTC-31MAR23-32000-C", "index_price": 27926.92, "direction": "buy", "amount": 0.1}, {"trade_seq": 3552, "trade_id": "248399791", "timestamp": 1679914073332, "tick_direction": 1, "price": 0.0015, "mark_price": 0.0012628, "iv": 76.35, "instrument_name": "BTC-31MAR23-32000-C", "index_price": 27947.9, "direction": "buy", "amount": 0.3}, {"trade_seq": 3551, "trade_id": "248395532", "timestamp": 1679911158510, "tick_direction": 1, "price": 0.0015, "mark_price": 0.00127626, "iv": 75.69, "instrument_name": "BTC-31MAR23-32000-C", "index_price": 27970.88, "direction": "buy", "amount": 2.3}, {"trade_seq": 3550, "trade_id": "248395531", "timestamp": 1679911158510, "tick_direction": 1, "price": 0.0015, "mark_price": 0.00127626, "iv": 75.69, "instrument_name": "BTC-31MAR23-32000-C", "index_price": 27970.88, "direction": "buy", "amount": 1.8}, {"trade_seq": 3549, "trade_id": "248389913", "timestamp": 1679908062336, "tick_direction": 0, "price": 0.0015, "mark_price": 0.001214, "iv": 77.51, "instrument_name": "BTC-31MAR23-32000-C", "index_price": 27852.49, "direction": "buy", "amount": 0.2}, {"trade_seq": 3548, "trade_id": "248387000", "timestamp": 1679904666529, "tick_direction": 0, "price": 0.0014, "mark_price": 0.0012597, "iv": 75.92, "instrument_name": "BTC-31MAR23-32000-C", "index_price": 27843.31, "direction": "buy", "combo_id": "BTC-CS-31MAR23-30000_32000", "block_trade_id": "70087", "amount": 25.0}, {"trade_seq": 3547, "trade_id": "248374466", "timestamp": 1679897896781, "tick_direction": 3, "price": 0.001, "mark_price": 0.00124815, "iv": 72.11, "instrument_name": "BTC-31MAR23-32000-C", "index_price": 27765.58, "direction": "sell", "amount": 4.9}, {"trade_seq": 3546, "trade_id": "248374465", "timestamp": 1679897896781, "tick_direction": 3, "price": 0.001, "mark_price": 0.00124815, "iv": 72.11, "instrument_name": "BTC-31MAR23-32000-C", "index_price": 27765.58, "direction": "sell", "amount": 12.9}, {"trade_seq": 3545, "trade_id": "248374050", "timestamp": 1679897588809, "tick_direction": 3, "price": 0.001, "mark_price": 0.00124531, "iv": 72.26, "instrument_name": "BTC-31MAR23-32000-C", "index_price": 27756.92, "direction": "sell", "amount": 5.0}, {"trade_seq": 3544, "trade_id": "248374020", "timestamp": 1679897577794, "tick_direction": 3, "price": 0.001, "mark_price": 0.00124928, "iv": 72.21, "instrument_name": "BTC-31MAR23-32000-C", "index_price": 27756.29, "direction": "sell", "amount": 1.0}, {"trade_seq": 3543, "trade_id": "248373818", "timestamp": 1679897502885, "tick_direction": 3, "price": 0.001, "mark_price": 0.00123908, "iv": 72.35, "instrument_name": "BTC-31MAR23-32000-C", "index_price": 27744.78, "direction": "sell", "amount": 6.1}, {"trade_seq": 3542, "trade_id": "248373817", "timestamp": 1679897502885, "tick_direction": 3, "price": 0.001, "mark_price": 0.00123908, "iv": 72.35, "instrument_name": "BTC-31MAR23-32000-C", "index_price": 27744.78, "direction": "sell", "amount": 3.8}, {"trade_seq": 3541, "trade_id": "248373816", "timestamp": 1679897502885, "tick_direction": 3, "price": 0.001, "mark_price": 0.00123908, "iv": 72.35, "instrument_name": "BTC-31MAR23-32000-C", "index_price": 27744.78, "direction": "sell", "amount": 0.1}, {"trade_seq": 3540, "trade_id": "248367453", "timestamp": 1679894931631, "tick_direction": 2, "price": 0.001, "mark_price": 0.00123565, "iv": 69.92, "instrument_name": "BTC-31MAR23-32000-C", "index_price": 27891.09, "direction": "sell", "amount": 0.1}, {"trade_seq": 3539, "trade_id": "248342625", "timestamp": 1679879578306, "tick_direction": 1, "price": 0.0015, "mark_price": 0.00161653, "iv": 72.54, "instrument_name": "BTC-31MAR23-32000-C", "index_price": 27979.17, "direction": "buy", "amount": 1.1}, {"trade_seq": 3538, "trade_id": "248342623", "timestamp": 1679879578023, "tick_direction": 1, "price": 0.0015, "mark_price": 0.0016173, "iv": 72.63, "instrument_name": "BTC-31MAR23-32000-C", "index_price": 27975.58, "direction": "buy", "amount": 2.9}, {"trade_seq": 3537, "trade_id": "248342607", "timestamp": 1679879577730, "tick_direction": 1, "price": 0.0015, "mark_price": 0.0016173, "iv": 72.63, "instrument_name": "BTC-31MAR23-32000-C", "index_price": 27975.58, "direction": "buy", "amount": 3.4}, {"trade_seq": 3536, "trade_id": "248342605", "timestamp": 1679879568065, "tick_direction": 0, "price": 0.0015, "mark_price": 0.0016285, "iv": 72.58, "instrument_name": "BTC-31MAR23-32000-C", "index_price": 27973.95, "direction": "sell", "amount": 0.6}, {"trade_seq": 3535, "trade_id": "248342600", "timestamp": 1679879535147, "tick_direction": 2, "price": 0.0013, "mark_price": 0.00163662, "iv": 70.62, "instrument_name": "BTC-31MAR23-32000-C", "index_price": 27976.79, "direction": "sell", "block_trade_id": "70069", "amount": 60.0}, {"trade_seq": 3534, "trade_id": "248342397", "timestamp": 1679879386107, "tick_direction": 3, "price": 0.0015, "mark_price": 0.00164252, "iv": 72.78, "instrument_name": "BTC-31MAR23-32000-C", "index_price": 27957.47, "direction": "sell", "amount": 4.0}, {"trade_seq": 3533, "trade_id": "248340869", "timestamp": 1679878613347, "tick_direction": 3, "price": 0.0015, "mark_price": 0.00175116, "iv": 71.72, "instrument_name": "BTC-31MAR23-32000-C", "index_price": 28025.52, "direction": "sell", "amount": 9.6}, {"trade_seq": 3532, "trade_id": "248340868", "timestamp": 1679878613347, "tick_direction": 3, "price": 0.0015, "mark_price": 0.00175116, "iv": 71.72, "instrument_name": "BTC-31MAR23-32000-C", "index_price": 28025.52, "direction": "sell", "amount": 0.1}, {"trade_seq": 3531, "trade_id": "248340867", "timestamp": 1679878613347, "tick_direction": 3, "price": 0.0015, "mark_price": 0.00175116, "iv": 71.72, "instrument_name": "BTC-31MAR23-32000-C", "index_price": 28025.52, "direction": "sell", "amount": 3.4}, {"trade_seq": 3530, "trade_id": "248340866", "timestamp": 1679878613347, "tick_direction": 3, "price": 0.0015, "mark_price": 0.00175116, "iv": 71.72, "instrument_name": "BTC-31MAR23-32000-C", "index_price": 28025.52, "direction": "sell", "amount": 32.0}, {"trade_seq": 3529, "trade_id": "248340865", "timestamp": 1679878613347, "tick_direction": 3, "price": 0.0015, "mark_price": 0.00175116, "iv": 71.72, "instrument_name": "BTC-31MAR23-32000-C", "index_price": 28025.52, "direction": "sell", "amount": 0.2}, {"trade_seq": 3528, "trade_id": "248340864", "timestamp": 1679878613347, "tick_direction": 3, "price": 0.0015, "mark_price": 0.00175116, "iv": 71.72, "instrument_name": "BTC-31MAR23-32000-C", "index_price": 28025.52, "direction": "sell", "amount": 4.7}, {"trade_seq": 3527, "trade_id": "248339995", "timestamp": 1679878085167, "tick_direction": 3, "price": 0.0015, "mark_price": 0.00173862, "iv": 72.2, "instrument_name": "BTC-31MAR23-32000-C", "index_price": 27989.05, "direction": "sell", "amount": 3.9}, {"trade_seq": 3526, "trade_id": "248339994", "timestamp": 1679878085167, "tick_direction": 3, "price": 0.0015, "mark_price": 0.00173862, "iv": 72.2, "instrument_name": "BTC-31MAR23-32000-C", "index_price": 27989.05, "direction": "sell", "amount": 3.8}, {"trade_seq": 3525, "trade_id": "248339993", "timestamp": 1679878085167, "tick_direction": 3, "price": 0.0015, "mark_price": 0.00173862, "iv": 72.2, "instrument_name": "BTC-31MAR23-32000-C", "index_price": 27989.05, "direction": "sell", "amount": 0.2}, {"trade_seq": 3524, "trade_id": "248339992", "timestamp": 1679878085167, "tick_direction": 3, "price": 0.0015, "mark_price": 0.00173862, "iv": 72.2, "instrument_name": "BTC-31MAR23-32000-C", "index_price": 27989.05, "direction": "sell", "amount": 0.2}, {"trade_seq": 3523, "trade_id": "248339991", "timestamp": 1679878085167, "tick_direction": 3, "price": 0.0015, "mark_price": 0.00173862, "iv": 72.2, "instrument_name": "BTC-31MAR23-32000-C", "index_price": 27989.05, "direction": "sell", "amount": 1.8}, {"trade_seq": 3522, "trade_id": "248339990", "timestamp": 1679878085167, "tick_direction": 3, "price": 0.0015, "mark_price": 0.00173862, "iv": 72.2, "instrument_name": "BTC-31MAR23-32000-C", "index_price": 27989.05, "direction": "sell", "amount": 0.1}, {"trade_seq": 3521, "trade_id": "248338640", "timestamp": 1679877249667, "tick_direction": 2, "price": 0.0015, "mark_price": 0.0017535, "iv": 72.44, "instrument_name": "BTC-31MAR23-32000-C", "index_price": 27962.89, "direction": "sell", "block_trade_id": "70065", "amount": 25.0}, {"trade_seq": 3520, "trade_id": "248338459", "timestamp": 1679877166137, "tick_direction": 0, "price": 0.0016, "mark_price": 0.00179172, "iv": 73.06, "instrument_name": "BTC-31MAR23-32000-C", "index_price": 27977.72, "direction": "sell", "block_trade_id": "70064", "amount": 25.0}, {"trade_seq": 3519, "trade_id": "248335642", "timestamp": 1679875265782, "tick_direction": 2, "price": 0.0015, "mark_price": 0.0019002, "iv": 71.76, "instrument_name": "BTC-31MAR23-32000-C", "index_price": 27982.75, "direction": "sell", "amount": 7.5}, {"trade_seq": 3518, "trade_id": "248327106", "timestamp": 1679871334958, "tick_direction": 3, "price": 0.002, "mark_price": 0.00204021, "iv": 73.96, "instrument_name": "BTC-31MAR23-32000-C", "index_price": 28072.23, "direction": "buy", "amount": 1.0}, {"trade_seq": 3517, "trade_id": "248304638", "timestamp": 1679860847789, "tick_direction": 3, "price": 0.002, "mark_price": 0.00170961, "iv": 76.96, "instrument_name": "BTC-31MAR23-32000-C", "index_price": 27839.28, "direction": "buy", "amount": 1.7}, {"trade_seq": 3516, "trade_id": "248304637", "timestamp": 1679860847789, "tick_direction": 3, "price": 0.002, "mark_price": 0.00170961, "iv": 76.96, "instrument_name": "BTC-31MAR23-32000-C", "index_price": 27839.28, "direction": "buy", "amount": 2.7}, {"trade_seq": 3515, "trade_id": "248304636", "timestamp": 1679860847789, "tick_direction": 3, "price": 0.002, "mark_price": 0.00170961, "iv": 76.96, "instrument_name": "BTC-31MAR23-32000-C", "index_price": 27839.28, "direction": "buy", "amount": 0.1}, {"trade_seq": 3514, "trade_id": "248304635", "timestamp": 1679860847789, "tick_direction": 3, "price": 0.002, "mark_price": 0.00170961, "iv": 76.96, "instrument_name": "BTC-31MAR23-32000-C", "index_price": 27839.28, "direction": "buy", "amount": 0.5}, {"trade_seq": 3513, "trade_id": "248292170", "timestamp": 1679851560891, "tick_direction": 3, "price": 0.002, "mark_price": 0.0022977, "iv": 75.91, "instrument_name": "BTC-31MAR23-32000-C", "index_price": 27826.53, "direction": "sell", "amount": 1.0}, {"trade_seq": 3512, "trade_id": "248292169", "timestamp": 1679851560891, "tick_direction": 3, "price": 0.002, "mark_price": 0.0022977, "iv": 75.91, "instrument_name": "BTC-31MAR23-32000-C", "index_price": 27826.53, "direction": "sell", "amount": 1.0}, {"trade_seq": 3511, "trade_id": "248292168", "timestamp": 1679851560891, "tick_direction": 2, "price": 0.002, "mark_price": 0.0022977, "iv": 75.91, "instrument_name": "BTC-31MAR23-32000-C", "index_price": 27826.53, "direction": "sell", "amount": 1.0}, {"trade_seq": 3510, "trade_id": "248287624", "timestamp": 1679849067253, "tick_direction": 1, "price": 0.0025, "mark_price": 0.00223368, "iv": 79.2, "instrument_name": "BTC-31MAR23-32000-C", "index_price": 27830.03, "direction": "buy", "amount": 1.0}, {"trade_seq": 3509, "trade_id": "248287623", "timestamp": 1679849066171, "tick_direction": 1, "price": 0.0025, "mark_price": 0.00223156, "iv": 79.21, "instrument_name": "BTC-31MAR23-32000-C", "index_price": 27828.99, "direction": "buy", "amount": 1.0}, {"trade_seq": 3508, "trade_id": "248287622", "timestamp": 1679849064998, "tick_direction": 1, "price": 0.0025, "mark_price": 0.00223182, "iv": 79.21, "instrument_name": "BTC-31MAR23-32000-C", "index_price": 27828.97, "direction": "buy", "amount": 1.0}, {"trade_seq": 3507, "trade_id": "248287341", "timestamp": 1679848801372, "tick_direction": 1, "price": 0.0025, "mark_price": 0.00221663, "iv": 79.29, "instrument_name": "BTC-31MAR23-32000-C", "index_price": 27828.62, "direction": "buy", "amount": 4.9}, {"trade_seq": 3506, "trade_id": "248287340", "timestamp": 1679848801372, "tick_direction": 0, "price": 0.0025, "mark_price": 0.00221663, "iv": 79.29, "instrument_name": "BTC-31MAR23-32000-C", "index_price": 27828.62, "direction": "buy", "amount": 2.6}, {"trade_seq": 3505, "trade_id": "248285371", "timestamp": 1679847639615, "tick_direction": 3, "price": 0.0015, "mark_price": 0.00194831, "iv": 71.91, "instrument_name": "BTC-31MAR23-32000-C", "index_price": 27814.02, "direction": "sell", "amount": 0.6}, {"trade_seq": 3504, "trade_id": "248285370", "timestamp": 1679847609738, "tick_direction": 3, "price": 0.0015, "mark_price": 0.00195711, "iv": 71.85, "instrument_name": "BTC-31MAR23-32000-C", "index_price": 27818.25, "direction": "sell", "amount": 1.8}, {"trade_seq": 3503, "trade_id": "248285369", "timestamp": 1679847609738, "tick_direction": 2, "price": 0.0015, "mark_price": 0.00195711, "iv": 71.85, "instrument_name": "BTC-31MAR23-32000-C", "index_price": 27818.25, "direction": "sell", "amount": 0.5}, {"trade_seq": 3502, "trade_id": "248271334", "timestamp": 1679841137730, "tick_direction": 3, "price": 0.002, "mark_price": 0.00193828, "iv": 74.56, "instrument_name": "BTC-31MAR23-32000-C", "index_price": 27875.36, "direction": "sell", "amount": 0.1}, {"trade_seq": 3501, "trade_id": "248271333", "timestamp": 1679841137730, "tick_direction": 3, "price": 0.002, "mark_price": 0.00193828, "iv": 74.56, "instrument_name": "BTC-31MAR23-32000-C", "index_price": 27875.36, "direction": "sell", "amount": 0.1}, {"trade_seq": 3500, "trade_id": "248271332", "timestamp": 1679841137730, "tick_direction": 3, "price": 0.002, "mark_price": 0.00193828, "iv": 74.56, "instrument_name": "BTC-31MAR23-32000-C", "index_price": 27875.36, "direction": "sell", "amount": 0.1}, {"trade_seq": 3499, "trade_id": "248271331", "timestamp": 1679841137730, "tick_direction": 2, "price": 0.002, "mark_price": 0.00193828, "iv": 74.56, "instrument_name": "BTC-31MAR23-32000-C", "index_price": 27875.36, "direction": "sell", "amount": 0.1}, {"trade_seq": 3498, "trade_id": "248268724", "timestamp": 1679840402716, "tick_direction": 0, "price": 0.0025, "mark_price": 0.00214512, "iv": 75.55, "instrument_name": "BTC-31MAR23-32000-C", "index_price": 28026.59, "direction": "buy", "amount": 2.0}, {"trade_seq": 3497, "trade_id": "248261573", "timestamp": 1679838080385, "tick_direction": 3, "price": 0.002, "mark_price": 0.0022195, "iv": 70.53, "instrument_name": "BTC-31MAR23-32000-C", "index_price": 28107.76, "direction": "sell", "amount": 0.1}, {"trade_seq": 3496, "trade_id": "248257189", "timestamp": 1679835854874, "tick_direction": 3, "price": 0.002, "mark_price": 0.00202681, "iv": 73.08, "instrument_name": "BTC-31MAR23-32000-C", "index_price": 27932.97, "direction": "sell", "amount": 0.5}, {"trade_seq": 3495, "trade_id": "248255214", "timestamp": 1679833617244, "tick_direction": 2, "price": 0.002, "mark_price": 0.00215881, "iv": 73.35, "instrument_name": "BTC-31MAR23-32000-C", "index_price": 27892.58, "direction": "sell", "amount": 1.0}, {"trade_seq": 3494, "trade_id": "248251593", "timestamp": 1679832088166, "tick_direction": 1, "price": 0.0025, "mark_price": 0.00234925, "iv": 75.91, "instrument_name": "BTC-31MAR23-32000-C", "index_price": 27962.29, "direction": "buy", "amount": 2.9}, {"trade_seq": 3493, "trade_id": "248251592", "timestamp": 1679832088166, "tick_direction": 1, "price": 0.0025, "mark_price": 0.00234925, "iv": 75.91, "instrument_name": "BTC-31MAR23-32000-C", "index_price": 27962.29, "direction": "buy", "amount": 4.8}, {"trade_seq": 3492, "trade_id": "248251591", "timestamp": 1679832088166, "tick_direction": 0, "price": 0.0025, "mark_price": 0.00234925, "iv": 75.91, "instrument_name": "BTC-31MAR23-32000-C", "index_price": 27962.29, "direction": "buy", "amount": 0.3}, {"trade_seq": 3491, "trade_id": "248245459", "timestamp": 1679828197715, "tick_direction": 3, "price": 0.002, "mark_price": 0.00207513, "iv": 75.69, "instrument_name": "BTC-31MAR23-32000-C", "index_price": 27717.51, "direction": "sell", "amount": 1.3}, {"trade_seq": 3490, "trade_id": "248245396", "timestamp": 1679827856744, "tick_direction": 3, "price": 0.002, "mark_price": 0.00212354, "iv": 75.78, "instrument_name": "BTC-31MAR23-32000-C", "index_price": 27707.81, "direction": "sell", "amount": 1.0}, {"trade_seq": 3489, "trade_id": "248245194", "timestamp": 1679827285048, "tick_direction": 3, "price": 0.002, "mark_price": 0.00221315, "iv": 75.95, "instrument_name": "BTC-31MAR23-32000-C", "index_price": 27688.49, "direction": "buy", "amount": 0.8}, {"trade_seq": 3488, "trade_id": "248245193", "timestamp": 1679827285045, "tick_direction": 3, "price": 0.002, "mark_price": 0.00221315, "iv": 75.95, "instrument_name": "BTC-31MAR23-32000-C", "index_price": 27688.49, "direction": "sell", "amount": 1.0}, {"trade_seq": 3487, "trade_id": "248245188", "timestamp": 1679827255927, "tick_direction": 3, "price": 0.002, "mark_price": 0.00222344, "iv": 75.96, "instrument_name": "BTC-31MAR23-32000-C", "index_price": 27689.77, "direction": "sell", "amount": 1.4}, {"trade_seq": 3486, "trade_id": "248245187", "timestamp": 1679827255927, "tick_direction": 3, "price": 0.002, "mark_price": 0.00222344, "iv": 75.96, "instrument_name": "BTC-31MAR23-32000-C", "index_price": 27689.77, "direction": "sell", "amount": 6.9}, {"trade_seq": 3485, "trade_id": "248232921", "timestamp": 1679818157737, "tick_direction": 3, "price": 0.002, "mark_price": 0.00225916, "iv": 77.37, "instrument_name": "BTC-31MAR23-32000-C", "index_price": 27544.24, "direction": "sell", "amount": 0.2}, {"trade_seq": 3484, "trade_id": "248232738", "timestamp": 1679817994355, "tick_direction": 3, "price": 0.002, "mark_price": 0.00223532, "iv": 77.55, "instrument_name": "BTC-31MAR23-32000-C", "index_price": 27530.86, "direction": "sell", "amount": 0.3}, {"trade_seq": 3483, "trade_id": "248232713", "timestamp": 1679817973445, "tick_direction": 3, "price": 0.002, "mark_price": 0.00223262, "iv": 77.57, "instrument_name": "BTC-31MAR23-32000-C", "index_price": 27529.72, "direction": "sell", "amount": 0.2}, {"trade_seq": 3482, "trade_id": "248227666", "timestamp": 1679811088689, "tick_direction": 3, "price": 0.002, "mark_price": 0.00223189, "iv": 76.61, "instrument_name": "BTC-31MAR23-32000-C", "index_price": 27560.99, "direction": "sell", "amount": 0.2}, {"trade_seq": 3481, "trade_id": "248221747", "timestamp": 1679798811784, "tick_direction": 3, "price": 0.002, "mark_price": 0.0022144, "iv": 75.03, "instrument_name": "BTC-31MAR23-32000-C", "index_price": 27594.37, "direction": "sell", "amount": 0.1}, {"trade_seq": 3480, "trade_id": "248218396", "timestamp": 1679792642501, "tick_direction": 3, "price": 0.002, "mark_price": 0.00218041, "iv": 75.09, "instrument_name": "BTC-31MAR23-32000-C", "index_price": 27553.66, "direction": "sell", "amount": 1.0}, {"trade_seq": 3479, "trade_id": "248218395", "timestamp": 1679792639193, "tick_direction": 3, "price": 0.002, "mark_price": 0.00217985, "iv": 75.09, "instrument_name": "BTC-31MAR23-32000-C", "index_price": 27553.6, "direction": "sell", "amount": 1.0}, {"trade_seq": 3478, "trade_id": "248213486", "timestamp": 1679786947766, "tick_direction": 3, "price": 0.002, "mark_price": 0.00172317, "iv": 75.95, "instrument_name": "BTC-31MAR23-32000-C", "index_price": 27459.01, "direction": "buy", "amount": 1.9}, {"trade_seq": 3477, "trade_id": "248212293", "timestamp": 1679784377288, "tick_direction": 3, "price": 0.002, "mark_price": 0.00180073, "iv": 74.93, "instrument_name": "BTC-31MAR23-32000-C", "index_price": 27516.33, "direction": "buy", "amount": 0.1}, {"trade_seq": 3476, "trade_id": "248212288", "timestamp": 1679784377255, "tick_direction": 3, "price": 0.002, "mark_price": 0.00180073, "iv": 74.93, "instrument_name": "BTC-31MAR23-32000-C", "index_price": 27516.33, "direction": "buy", "amount": 0.1}, {"trade_seq": 3475, "trade_id": "248212287", "timestamp": 1679784377246, "tick_direction": 3, "price": 0.002, "mark_price": 0.00180073, "iv": 74.93, "instrument_name": "BTC-31MAR23-32000-C", "index_price": 27516.33, "direction": "buy", "amount": 0.2}, {"trade_seq": 3474, "trade_id": "248212270", "timestamp": 1679784377167, "tick_direction": 3, "price": 0.002, "mark_price": 0.00180073, "iv": 74.93, "instrument_name": "BTC-31MAR23-32000-C", "index_price": 27516.33, "direction": "buy", "amount": 0.6}, {"trade_seq": 3473, "trade_id": "248206266", "timestamp": 1679779194330, "tick_direction": 3, "price": 0.002, "mark_price": 0.00177478, "iv": 75.54, "instrument_name": "BTC-31MAR23-32000-C", "index_price": 27449.16, "direction": "buy", "amount": 3.0}, {"trade_seq": 3472, "trade_id": "248197643", "timestamp": 1679773104449, "tick_direction": 3, "price": 0.002, "mark_price": 0.00220644, "iv": 77.35, "instrument_name": "BTC-31MAR23-32000-C", "index_price": 27281.1, "direction": "sell", "amount": 2.0}, {"trade_seq": 3471, "trade_id": "248197642", "timestamp": 1679773104440, "tick_direction": 3, "price": 0.002, "mark_price": 0.00220644, "iv": 77.35, "instrument_name": "BTC-31MAR23-32000-C", "index_price": 27281.1, "direction": "sell", "amount": 8.0}, {"trade_seq": 3470, "trade_id": "248197641", "timestamp": 1679773104440, "tick_direction": 2, "price": 0.002, "mark_price": 0.00220644, "iv": 77.35, "instrument_name": "BTC-31MAR23-32000-C", "index_price": 27281.1, "direction": "sell", "amount": 10.0}, {"trade_seq": 3469, "trade_id": "248184068", "timestamp": 1679765991187, "tick_direction": 1, "price": 0.0025, "mark_price": 0.0022925, "iv": 77.27, "instrument_name": "BTC-31MAR23-32000-C", "index_price": 27501.68, "direction": "buy", "amount": 0.5}, {"trade_seq": 3468, "trade_id": "248181823", "timestamp": 1679765246222, "tick_direction": 1, "price": 0.0025, "mark_price": 0.00251955, "iv": 76.99, "instrument_name": "BTC-31MAR23-32000-C", "index_price": 27497.59, "direction": "sell", "amount": 0.1}, {"trade_seq": 3467, "trade_id": "248181822", "timestamp": 1679765246217, "tick_direction": 1, "price": 0.0025, "mark_price": 0.00251955, "iv": 76.99, "instrument_name": "BTC-31MAR23-32000-C", "index_price": 27497.59, "direction": "sell", "amount": 0.3}, {"trade_seq": 3466, "trade_id": "248181803", "timestamp": 1679765246078, "tick_direction": 1, "price": 0.0025, "mark_price": 0.00251955, "iv": 76.99, "instrument_name": "BTC-31MAR23-32000-C", "index_price": 27518.04, "direction": "sell", "amount": 0.1}, {"trade_seq": 3465, "trade_id": "248181785", "timestamp": 1679765246007, "tick_direction": 1, "price": 0.0025, "mark_price": 0.00251955, "iv": 76.99, "instrument_name": "BTC-31MAR23-32000-C", "index_price": 27518.04, "direction": "sell", "amount": 0.2}, {"trade_seq": 3464, "trade_id": "248181777", "timestamp": 1679765245983, "tick_direction": 1, "price": 0.0025, "mark_price": 0.00251955, "iv": 76.99, "instrument_name": "BTC-31MAR23-32000-C", "index_price": 27518.04, "direction": "sell", "amount": 0.1}, {"trade_seq": 3463, "trade_id": "248181776", "timestamp": 1679765245977, "tick_direction": 1, "price": 0.0025, "mark_price": 0.00251955, "iv": 76.99, "instrument_name": "BTC-31MAR23-32000-C", "index_price": 27518.04, "direction": "sell", "amount": 0.1}, {"trade_seq": 3462, "trade_id": "248181775", "timestamp": 1679765245973, "tick_direction": 1, "price": 0.0025, "mark_price": 0.00251955, "iv": 76.99, "instrument_name": "BTC-31MAR23-32000-C", "index_price": 27518.04, "direction": "sell", "amount": 0.1}, {"trade_seq": 3461, "trade_id": "248181773", "timestamp": 1679765245963, "tick_direction": 1, "price": 0.0025, "mark_price": 0.00251955, "iv": 76.99, "instrument_name": "BTC-31MAR23-32000-C", "index_price": 27518.04, "direction": "sell", "amount": 0.1}, {"trade_seq": 3460, "trade_id": "248181762", "timestamp": 1679765245927, "tick_direction": 1, "price": 0.0025, "mark_price": 0.00251795, "iv": 76.99, "instrument_name": "BTC-31MAR23-32000-C", "index_price": 27518.04, "direction": "sell", "amount": 0.1}, {"trade_seq": 3459, "trade_id": "248180807", "timestamp": 1679764801166, "tick_direction": 1, "price": 0.0025, "mark_price": 0.00262617, "iv": 76.23, "instrument_name": "BTC-31MAR23-32000-C", "index_price": 27566.91, "direction": "sell", "amount": 0.1}, {"trade_seq": 3458, "trade_id": "248180806", "timestamp": 1679764801132, "tick_direction": 1, "price": 0.0025, "mark_price": 0.00262617, "iv": 76.23, "instrument_name": "BTC-31MAR23-32000-C", "index_price": 27566.91, "direction": "sell", "amount": 0.1}, {"trade_seq": 3457, "trade_id": "248180794", "timestamp": 1679764801007, "tick_direction": 1, "price": 0.0025, "mark_price": 0.00262617, "iv": 76.23, "instrument_name": "BTC-31MAR23-32000-C", "index_price": 27566.91, "direction": "sell", "amount": 0.1}, {"trade_seq": 3456, "trade_id": "248180792", "timestamp": 1679764799716, "tick_direction": 1, "price": 0.0025, "mark_price": 0.0026297, "iv": 76.2, "instrument_name": "BTC-31MAR23-32000-C", "index_price": 27567.23, "direction": "sell", "amount": 0.1}, {"trade_seq": 3455, "trade_id": "248180772", "timestamp": 1679764796490, "tick_direction": 1, "price": 0.0025, "mark_price": 0.00264503, "iv": 76.18, "instrument_name": "BTC-31MAR23-32000-C", "index_price": 27569.59, "direction": "sell", "amount": 0.6}, {"trade_seq": 3454, "trade_id": "248180554", "timestamp": 1679764735096, "tick_direction": 1, "price": 0.0025, "mark_price": 0.00257993, "iv": 76.07, "instrument_name": "BTC-31MAR23-32000-C", "index_price": 27579.69, "direction": "sell", "amount": 0.1}, {"trade_seq": 3453, "trade_id": "248180189", "timestamp": 1679764615609, "tick_direction": 1, "price": 0.0025, "mark_price": 0.00262609, "iv": 75.44, "instrument_name": "BTC-31MAR23-32000-C", "index_price": 27618.6, "direction": "sell", "amount": 0.1}, {"trade_seq": 3452, "trade_id": "248179932", "timestamp": 1679764589618, "tick_direction": 1, "price": 0.0025, "mark_price": 0.00266415, "iv": 75.11, "instrument_name": "BTC-31MAR23-32000-C", "index_price": 27640.62, "direction": "sell", "amount": 0.1}, {"trade_seq": 3451, "trade_id": "248179928", "timestamp": 1679764589473, "tick_direction": 1, "price": 0.0025, "mark_price": 0.00266415, "iv": 75.11, "instrument_name": "BTC-31MAR23-32000-C", "index_price": 27640.62, "direction": "sell", "amount": 0.2}, {"trade_seq": 3450, "trade_id": "248179904", "timestamp": 1679764589241, "tick_direction": 1, "price": 0.0025, "mark_price": 0.00268401, "iv": 74.99, "instrument_name": "BTC-31MAR23-32000-C", "index_price": 27648.47, "direction": "sell", "amount": 0.1}, {"trade_seq": 3449, "trade_id": "248179897", "timestamp": 1679764589229, "tick_direction": 1, "price": 0.0025, "mark_price": 0.00268401, "iv": 74.99, "instrument_name": "BTC-31MAR23-32000-C", "index_price": 27648.47, "direction": "sell", "amount": 0.2}, {"trade_seq": 3448, "trade_id": "248179878", "timestamp": 1679764588966, "tick_direction": 1, "price": 0.0025, "mark_price": 0.00268401, "iv": 74.99, "instrument_name": "BTC-31MAR23-32000-C", "index_price": 27648.47, "direction": "sell", "amount": 0.1}, {"trade_seq": 3447, "trade_id": "248179877", "timestamp": 1679764588946, "tick_direction": 1, "price": 0.0025, "mark_price": 0.00268401, "iv": 74.99, "instrument_name": "BTC-31MAR23-32000-C", "index_price": 27648.47, "direction": "sell", "amount": 0.1}, {"trade_seq": 3446, "trade_id": "248179180", "timestamp": 1679763255515, "tick_direction": 1, "price": 0.0025, "mark_price": 0.00268827, "iv": 74.59, "instrument_name": "BTC-31MAR23-32000-C", "index_price": 27670.82, "direction": "sell", "amount": 0.5}, {"trade_seq": 3445, "trade_id": "248177616", "timestamp": 1679761193144, "tick_direction": 0, "price": 0.0025, "mark_price": 0.0026806, "iv": 74.42, "instrument_name": "BTC-31MAR23-32000-C", "index_price": 27659.59, "direction": "sell", "amount": 0.8}, {"trade_seq": 3444, "trade_id": "248167127", "timestamp": 1679756137649, "tick_direction": 2, "price": 0.002, "mark_price": 0.00248012, "iv": 71.53, "instrument_name": "BTC-31MAR23-32000-C", "index_price": 27589.52, "direction": "sell", "amount": 0.1}, {"trade_seq": 3443, "trade_id": "248162573", "timestamp": 1679752410605, "tick_direction": 0, "price": 0.0025, "mark_price": 0.00230396, "iv": 75.07, "instrument_name": "BTC-31MAR23-32000-C", "index_price": 27580.08, "direction": "buy", "amount": 2.0}, {"trade_seq": 3442, "trade_id": "248155389", "timestamp": 1679746448556, "tick_direction": 3, "price": 0.002, "mark_price": 0.00225226, "iv": 72.44, "instrument_name": "BTC-31MAR23-32000-C", "index_price": 27485.35, "direction": "sell", "amount": 2.0}, {"trade_seq": 3441, "trade_id": "248143051", "timestamp": 1679732824490, "tick_direction": 3, "price": 0.002, "mark_price": 0.00210956, "iv": 71.76, "instrument_name": "BTC-31MAR23-32000-C", "index_price": 27459.46, "direction": "sell", "amount": 0.1}, {"trade_seq": 3440, "trade_id": "248141423", "timestamp": 1679731448507, "tick_direction": 3, "price": 0.002, "mark_price": 0.00206196, "iv": 71.11, "instrument_name": "BTC-31MAR23-32000-C", "index_price": 27495.87, "direction": "sell", "amount": 1.1}, {"trade_seq": 3439, "trade_id": "248139741", "timestamp": 1679730624444, "tick_direction": 3, "price": 0.002, "mark_price": 0.00222393, "iv": 70.02, "instrument_name": "BTC-31MAR23-32000-C", "index_price": 27571.05, "direction": "sell", "amount": 1.0}, {"trade_seq": 3438, "trade_id": "248138580", "timestamp": 1679729709909, "tick_direction": 3, "price": 0.002, "mark_price": 0.00223905, "iv": 69.98, "instrument_name": "BTC-31MAR23-32000-C", "index_price": 27572.73, "direction": "sell", "amount": 1.0}, {"trade_seq": 3437, "trade_id": "248136912", "timestamp": 1679727618616, "tick_direction": 3, "price": 0.002, "mark_price": 0.00223459, "iv": 70.25, "instrument_name": "BTC-31MAR23-32000-C", "index_price": 27533.52, "direction": "sell", "amount": 2.0}, {"trade_seq": 3436, "trade_id": "248136759", "timestamp": 1679727369701, "tick_direction": 2, "price": 0.002, "mark_price": 0.00222795, "iv": 70.27, "instrument_name": "BTC-31MAR23-32000-C", "index_price": 27529.75, "direction": "sell", "amount": 0.2}, {"trade_seq": 3435, "trade_id": "248125428", "timestamp": 1679713394473, "tick_direction": 3, "price": 0.0025, "mark_price": 0.00274921, "iv": 71.42, "instrument_name": "BTC-31MAR23-32000-C", "index_price": 27625.96, "direction": "sell", "amount": 3.0}, {"trade_seq": 3434, "trade_id": "248121599", "timestamp": 1679709921393, "tick_direction": 3, "price": 0.0025, "mark_price": 0.00272429, "iv": 73.01, "instrument_name": "BTC-31MAR23-32000-C", "index_price": 27514.12, "direction": "sell", "amount": 2.9}, {"trade_seq": 3433, "trade_id": "248121527", "timestamp": 1679709757610, "tick_direction": 2, "price": 0.0025, "mark_price": 0.00276578, "iv": 72.76, "instrument_name": "BTC-31MAR23-32000-C", "index_price": 27528.32, "direction": "sell", "amount": 0.1}, {"trade_seq": 3432, "trade_id": "248114169", "timestamp": 1679700394985, "tick_direction": 1, "price": 0.003, "mark_price": 0.00284293, "iv": 75.39, "instrument_name": "BTC-31MAR23-32000-C", "index_price": 27497.75, "direction": "buy", "amount": 4.0}, {"trade_seq": 3431, "trade_id": "248114168", "timestamp": 1679700394985, "tick_direction": 1, "price": 0.003, "mark_price": 0.00284293, "iv": 75.39, "instrument_name": "BTC-31MAR23-32000-C", "index_price": 27497.75, "direction": "buy", "amount": 0.1}, {"trade_seq": 3430, "trade_id": "248109271", "timestamp": 1679696788615, "tick_direction": 1, "price": 0.003, "mark_price": 0.00268308, "iv": 76.38, "instrument_name": "BTC-31MAR23-32000-C", "index_price": 27419.17, "direction": "buy", "amount": 4.0}, {"trade_seq": 3429, "trade_id": "248108468", "timestamp": 1679696345913, "tick_direction": 1, "price": 0.003, "mark_price": 0.00264435, "iv": 75.86, "instrument_name": "BTC-31MAR23-32000-C", "index_price": 27455.16, "direction": "buy", "amount": 4.5}, {"trade_seq": 3428, "trade_id": "248108390", "timestamp": 1679696289642, "tick_direction": 1, "price": 0.003, "mark_price": 0.00259192, "iv": 76.04, "instrument_name": "BTC-31MAR23-32000-C", "index_price": 27436.36, "direction": "buy", "amount": 5.0}, {"trade_seq": 3427, "trade_id": "248108350", "timestamp": 1679696270007, "tick_direction": 1, "price": 0.003, "mark_price": 0.00259252, "iv": 75.96, "instrument_name": "BTC-31MAR23-32000-C", "index_price": 27444.16, "direction": "buy", "amount": 3.6}, {"trade_seq": 3426, "trade_id": "248108041", "timestamp": 1679696173900, "tick_direction": 1, "price": 0.003, "mark_price": 0.00245885, "iv": 76.52, "instrument_name": "BTC-31MAR23-32000-C", "index_price": 27400.3, "direction": "buy", "amount": 5.0}, {"trade_seq": 3425, "trade_id": "248107540", "timestamp": 1679696072862, "tick_direction": 1, "price": 0.003, "mark_price": 0.00251628, "iv": 75.75, "instrument_name": "BTC-31MAR23-32000-C", "index_price": 27461.79, "direction": "buy", "amount": 0.7}, {"trade_seq": 3424, "trade_id": "248107423", "timestamp": 1679696061505, "tick_direction": 1, "price": 0.003, "mark_price": 0.00247318, "iv": 75.97, "instrument_name": "BTC-31MAR23-32000-C", "index_price": 27444.15, "direction": "buy", "amount": 0.8}, {"trade_seq": 3423, "trade_id": "248107422", "timestamp": 1679696061505, "tick_direction": 0, "price": 0.003, "mark_price": 0.00247318, "iv": 75.97, "instrument_name": "BTC-31MAR23-32000-C", "index_price": 27444.15, "direction": "buy", "amount": 4.2}, {"trade_seq": 3422, "trade_id": "248107000", "timestamp": 1679695937862, "tick_direction": 3, "price": 0.0025, "mark_price": 0.00229142, "iv": 73.64, "instrument_name": "BTC-31MAR23-32000-C", "index_price": 27395.24, "direction": "sell", "amount": 5.0}, {"trade_seq": 3421, "trade_id": "248106935", "timestamp": 1679695915882, "tick_direction": 3, "price": 0.0025, "mark_price": 0.0022739, "iv": 73.64, "instrument_name": "BTC-31MAR23-32000-C", "index_price": 27392.24, "direction": "buy", "amount": 0.1}, {"trade_seq": 3420, "trade_id": "248106934", "timestamp": 1679695910158, "tick_direction": 3, "price": 0.0025, "mark_price": 0.00227395, "iv": 73.62, "instrument_name": "BTC-31MAR23-32000-C", "index_price": 27391.95, "direction": "buy", "amount": 5.0}, {"trade_seq": 3419, "trade_id": "248098297", "timestamp": 1679693807728, "tick_direction": 2, "price": 0.0025, "mark_price": 0.00217347, "iv": 77.01, "instrument_name": "BTC-31MAR23-32000-C", "index_price": 27151.97, "direction": "buy", "amount": 2.0}, {"trade_seq": 3418, "trade_id": "248084839", "timestamp": 1679690973932, "tick_direction": 3, "price": 0.0035, "mark_price": 0.00314075, "iv": 75.91, "instrument_name": "BTC-31MAR23-32000-C", "index_price": 27598.73, "direction": "buy", "amount": 2.0}, {"trade_seq": 3417, "trade_id": "248080070", "timestamp": 1679689463118, "tick_direction": 2, "price": 0.0035, "mark_price": 0.00362851, "iv": 72.53, "instrument_name": "BTC-31MAR23-32000-C", "index_price": 27831.74, "direction": "sell", "amount": 2.2}, {"trade_seq": 3416, "trade_id": "248080069", "timestamp": 1679689444633, "tick_direction": 1, "price": 0.004, "mark_price": 0.00363072, "iv": 74.9, "instrument_name": "BTC-31MAR23-32000-C", "index_price": 27831.53, "direction": "buy", "amount": 17.6}, {"trade_seq": 3415, "trade_id": "248080068", "timestamp": 1679689444633, "tick_direction": 1, "price": 0.004, "mark_price": 0.00363072, "iv": 74.9, "instrument_name": "BTC-31MAR23-32000-C", "index_price": 27831.53, "direction": "buy", "amount": 3.2}, {"trade_seq": 3414, "trade_id": "248080067", "timestamp": 1679689444633, "tick_direction": 1, "price": 0.004, "mark_price": 0.00363072, "iv": 74.9, "instrument_name": "BTC-31MAR23-32000-C", "index_price": 27831.53, "direction": "buy", "amount": 2.6}, {"trade_seq": 3413, "trade_id": "248080066", "timestamp": 1679689444633, "tick_direction": 1, "price": 0.004, "mark_price": 0.00363072, "iv": 74.9, "instrument_name": "BTC-31MAR23-32000-C", "index_price": 27831.53, "direction": "buy", "amount": 9.9}, {"trade_seq": 3412, "trade_id": "248080065", "timestamp": 1679689444633, "tick_direction": 1, "price": 0.004, "mark_price": 0.00363072, "iv": 74.9, "instrument_name": "BTC-31MAR23-32000-C", "index_price": 27831.53, "direction": "buy", "amount": 0.2}, {"trade_seq": 3411, "trade_id": "248080064", "timestamp": 1679689444633, "tick_direction": 1, "price": 0.004, "mark_price": 0.00363072, "iv": 74.9, "instrument_name": "BTC-31MAR23-32000-C", "index_price": 27831.53, "direction": "buy", "amount": 0.1}, {"trade_seq": 3410, "trade_id": "248080063", "timestamp": 1679689444633, "tick_direction": 1, "price": 0.004, "mark_price": 0.00363072, "iv": 74.9, "instrument_name": "BTC-31MAR23-32000-C", "index_price": 27831.53, "direction": "buy", "amount": 3.4}, {"trade_seq": 3409, "trade_id": "248080062", "timestamp": 1679689444633, "tick_direction": 0, "price": 0.004, "mark_price": 0.00363072, "iv": 74.9, "instrument_name": "BTC-31MAR23-32000-C", "index_price": 27831.53, "direction": "buy", "amount": 5.0}, {"trade_seq": 3408, "trade_id": "248079934", "timestamp": 1679689241642, "tick_direction": 3, "price": 0.0035, "mark_price": 0.00378637, "iv": 72.33, "instrument_name": "BTC-31MAR23-32000-C", "index_price": 27843.71, "direction": "sell", "amount": 30.0}, {"trade_seq": 3407, "trade_id": "248079907", "timestamp": 1679689206584, "tick_direction": 3, "price": 0.0035, "mark_price": 0.00376641, "iv": 72.48, "instrument_name": "BTC-31MAR23-32000-C", "index_price": 27835.48, "direction": "sell", "amount": 4.5}, {"trade_seq": 3406, "trade_id": "248064180", "timestamp": 1679680701217, "tick_direction": 3, "price": 0.0035, "mark_price": 0.00360098, "iv": 74.72, "instrument_name": "BTC-31MAR23-32000-C", "index_price": 27633.27, "direction": "sell", "amount": 1.0}, {"trade_seq": 3405, "trade_id": "248060406", "timestamp": 1679680222233, "tick_direction": 3, "price": 0.0035, "mark_price": 0.00345336, "iv": 75.15, "instrument_name": "BTC-31MAR23-32000-C", "index_price": 27599.29, "direction": "buy", "amount": 0.1}, {"trade_seq": 3404, "trade_id": "248059880", "timestamp": 1679680142494, "tick_direction": 3, "price": 0.0035, "mark_price": 0.00370758, "iv": 73.86, "instrument_name": "BTC-31MAR23-32000-C", "index_price": 27696.34, "direction": "sell", "amount": 0.6}, {"trade_seq": 3403, "trade_id": "248059879", "timestamp": 1679680142494, "tick_direction": 2, "price": 0.0035, "mark_price": 0.00370758, "iv": 73.86, "instrument_name": "BTC-31MAR23-32000-C", "index_price": 27696.34, "direction": "sell", "amount": 0.4}, {"trade_seq": 3402, "trade_id": "248052702", "timestamp": 1679678648967, "tick_direction": 2, "price": 0.004, "mark_price": 0.00374506, "iv": 76.75, "instrument_name": "BTC-31MAR23-32000-C", "index_price": 27652.65, "direction": "sell", "amount": 1.0}, {"trade_seq": 3401, "trade_id": "248046145", "timestamp": 1679677245031, "tick_direction": 1, "price": 0.0045, "mark_price": 0.00405997, "iv": 75.45, "instrument_name": "BTC-31MAR23-32000-C", "index_price": 27890.52, "direction": "sell", "amount": 7.5}, {"trade_seq": 3400, "trade_id": "248046144", "timestamp": 1679677245026, "tick_direction": 1, "price": 0.0045, "mark_price": 0.00405997, "iv": 75.45, "instrument_name": "BTC-31MAR23-32000-C", "index_price": 27890.52, "direction": "sell", "amount": 0.1}, {"trade_seq": 3399, "trade_id": "248046143", "timestamp": 1679677245022, "tick_direction": 1, "price": 0.0045, "mark_price": 0.00405997, "iv": 75.45, "instrument_name": "BTC-31MAR23-32000-C", "index_price": 27890.52, "direction": "sell", "amount": 13.3}, {"trade_seq": 3398, "trade_id": "248046142", "timestamp": 1679677245015, "tick_direction": 1, "price": 0.0045, "mark_price": 0.00405997, "iv": 75.45, "instrument_name": "BTC-31MAR23-32000-C", "index_price": 27890.52, "direction": "buy", "amount": 3.5}, {"trade_seq": 3397, "trade_id": "248046141", "timestamp": 1679677245015, "tick_direction": 1, "price": 0.0045, "mark_price": 0.00405997, "iv": 75.45, "instrument_name": "BTC-31MAR23-32000-C", "index_price": 27890.52, "direction": "buy", "amount": 4.0}, {"trade_seq": 3396, "trade_id": "248046140", "timestamp": 1679677245015, "tick_direction": 1, "price": 0.0045, "mark_price": 0.00405997, "iv": 75.45, "instrument_name": "BTC-31MAR23-32000-C", "index_price": 27890.52, "direction": "buy", "amount": 3.2}, {"trade_seq": 3395, "trade_id": "248046139", "timestamp": 1679677245015, "tick_direction": 1, "price": 0.0045, "mark_price": 0.00405997, "iv": 75.45, "instrument_name": "BTC-31MAR23-32000-C", "index_price": 27890.52, "direction": "buy", "amount": 4.5}, {"trade_seq": 3394, "trade_id": "248046138", "timestamp": 1679677245015, "tick_direction": 1, "price": 0.0045, "mark_price": 0.00405997, "iv": 75.45, "instrument_name": "BTC-31MAR23-32000-C", "index_price": 27890.52, "direction": "buy", "amount": 6.0}, {"trade_seq": 3393, "trade_id": "248046137", "timestamp": 1679677245015, "tick_direction": 1, "price": 0.0045, "mark_price": 0.00405997, "iv": 75.45, "instrument_name": "BTC-31MAR23-32000-C", "index_price": 27890.52, "direction": "buy", "amount": 0.1}, {"trade_seq": 3392, "trade_id": "248039918", "timestamp": 1679673585093, "tick_direction": 1, "price": 0.0045, "mark_price": 0.00474813, "iv": 72.87, "instrument_name": "BTC-31MAR23-32000-C", "index_price": 28056.45, "direction": "buy", "amount": 0.2}, {"trade_seq": 3391, "trade_id": "248039902", "timestamp": 1679673569762, "tick_direction": 1, "price": 0.0045, "mark_price": 0.00477492, "iv": 72.8, "instrument_name": "BTC-31MAR23-32000-C", "index_price": 28062.34, "direction": "sell", "amount": 1.0}, {"trade_seq": 3390, "trade_id": "248039874", "timestamp": 1679673521504, "tick_direction": 1, "price": 0.0045, "mark_price": 0.00477647, "iv": 72.84, "instrument_name": "BTC-31MAR23-32000-C", "index_price": 28061.42, "direction": "sell", "amount": 5.0}, {"trade_seq": 3389, "trade_id": "248039871", "timestamp": 1679673517807, "tick_direction": 1, "price": 0.0045, "mark_price": 0.00478957, "iv": 72.79, "instrument_name": "BTC-31MAR23-32000-C", "index_price": 28064.33, "direction": "sell", "amount": 5.0}, {"trade_seq": 3388, "trade_id": "248039870", "timestamp": 1679673517807, "tick_direction": 1, "price": 0.0045, "mark_price": 0.00478957, "iv": 72.79, "instrument_name": "BTC-31MAR23-32000-C", "index_price": 28064.33, "direction": "sell", "amount": 1.9}, {"trade_seq": 3387, "trade_id": "248035351", "timestamp": 1679671472818, "tick_direction": 0, "price": 0.0045, "mark_price": 0.00461836, "iv": 73.93, "instrument_name": "BTC-31MAR23-32000-C", "index_price": 27978.16, "direction": "sell", "amount": 0.1}, {"trade_seq": 3386, "trade_id": "248034913", "timestamp": 1679671282201, "tick_direction": 2, "price": 0.004, "mark_price": 0.00467966, "iv": 71.79, "instrument_name": "BTC-31MAR23-32000-C", "index_price": 27967.89, "direction": "sell", "amount": 1.0}, {"trade_seq": 3385, "trade_id": "248029629", "timestamp": 1679669488937, "tick_direction": 0, "price": 0.005, "mark_price": 0.00469266, "iv": 75.03, "instrument_name": "BTC-31MAR23-32000-C", "index_price": 28027.39, "direction": "buy", "combo_id": "BTC-STRG-31MAR23-25000_32000", "block_trade_id": "69978", "amount": 100.0}, {"trade_seq": 3384, "trade_id": "248026697", "timestamp": 1679668842157, "tick_direction": 2, "price": 0.0045, "mark_price": 0.00467488, "iv": 72.75, "instrument_name": "BTC-31MAR23-32000-C", "index_price": 28044.05, "direction": "sell", "amount": 3.0}, {"trade_seq": 3383, "trade_id": "248026532", "timestamp": 1679668786026, "tick_direction": 1, "price": 0.005, "mark_price": 0.00470866, "iv": 74.56, "instrument_name": "BTC-31MAR23-32000-C", "index_price": 28061.56, "direction": "buy", "amount": 4.7}, {"trade_seq": 3382, "trade_id": "248026531", "timestamp": 1679668786026, "tick_direction": 1, "price": 0.005, "mark_price": 0.00470866, "iv": 74.56, "instrument_name": "BTC-31MAR23-32000-C", "index_price": 28061.56, "direction": "buy", "amount": 4.7}, {"trade_seq": 3381, "trade_id": "248026530", "timestamp": 1679668786026, "tick_direction": 1, "price": 0.005, "mark_price": 0.00470866, "iv": 74.56, "instrument_name": "BTC-31MAR23-32000-C", "index_price": 28061.56, "direction": "buy", "amount": 2.1}, {"trade_seq": 3380, "trade_id": "248026093", "timestamp": 1679668727416, "tick_direction": 1, "price": 0.005, "mark_price": 0.00476332, "iv": 74.3, "instrument_name": "BTC-31MAR23-32000-C", "index_price": 28079.68, "direction": "buy", "amount": 7.6}, {"trade_seq": 3379, "trade_id": "248026092", "timestamp": 1679668727416, "tick_direction": 1, "price": 0.005, "mark_price": 0.00476332, "iv": 74.3, "instrument_name": "BTC-31MAR23-32000-C", "index_price": 28079.68, "direction": "buy", "amount": 4.5}, {"trade_seq": 3378, "trade_id": "248026091", "timestamp": 1679668727416, "tick_direction": 1, "price": 0.005, "mark_price": 0.00476332, "iv": 74.3, "instrument_name": "BTC-31MAR23-32000-C", "index_price": 28079.68, "direction": "buy", "amount": 3.1}, {"trade_seq": 3377, "trade_id": "248025577", "timestamp": 1679668582678, "tick_direction": 0, "price": 0.005, "mark_price": 0.00483282, "iv": 73.99, "instrument_name": "BTC-31MAR23-32000-C", "index_price": 28096.09, "direction": "buy", "combo_id": "BTC-CSR12-31MAR23-28000_32000", "block_trade_id": "69977", "amount": 200.0}, {"trade_seq": 3376, "trade_id": "248010636", "timestamp": 1679665949692, "tick_direction": 3, "price": 0.004, "mark_price": 0.00380064, "iv": 73.69, "instrument_name": "BTC-31MAR23-32000-C", "index_price": 27808.1, "direction": "buy", "amount": 4.5}, {"trade_seq": 3375, "trade_id": "248010635", "timestamp": 1679665949692, "tick_direction": 3, "price": 0.004, "mark_price": 0.00380064, "iv": 73.69, "instrument_name": "BTC-31MAR23-32000-C", "index_price": 27808.1, "direction": "buy", "amount": 3.3}, {"trade_seq": 3374, "trade_id": "248001202", "timestamp": 1679663431209, "tick_direction": 2, "price": 0.004, "mark_price": 0.00476509, "iv": 71.41, "instrument_name": "BTC-31MAR23-32000-C", "index_price": 27970.24, "direction": "sell", "amount": 1.0}, {"trade_seq": 3373, "trade_id": "247999985", "timestamp": 1679662589983, "tick_direction": 1, "price": 0.005, "mark_price": 0.00506061, "iv": 74.62, "instrument_name": "BTC-31MAR23-32000-C", "index_price": 28046.41, "direction": "buy", "amount": 1.0}, {"trade_seq": 3372, "trade_id": "247997762", "timestamp": 1679661430596, "tick_direction": 1, "price": 0.005, "mark_price": 0.00495071, "iv": 74.8, "instrument_name": "BTC-31MAR23-32000-C", "index_price": 28006.33, "direction": "buy", "amount": 0.1}, {"trade_seq": 3371, "trade_id": "247997096", "timestamp": 1679661253303, "tick_direction": 1, "price": 0.005, "mark_price": 0.00467091, "iv": 75.78, "instrument_name": "BTC-31MAR23-32000-C", "index_price": 27933.43, "direction": "buy", "combo_id": "BTC-STRG-31MAR23-24500_32000", "block_trade_id": "69956", "amount": 125.0}, {"trade_seq": 3370, "trade_id": "247993197", "timestamp": 1679660428753, "tick_direction": 0, "price": 0.005, "mark_price": 0.00500866, "iv": 73.63, "instrument_name": "BTC-31MAR23-32000-C", "index_price": 28078.58, "direction": "buy", "amount": 0.2}, {"trade_seq": 3369, "trade_id": "247992234", "timestamp": 1679660339355, "tick_direction": 1, "price": 0.0045, "mark_price": 0.00440711, "iv": 73.78, "instrument_name": "BTC-31MAR23-32000-C", "index_price": 27935.35, "direction": "buy", "amount": 53.2}, {"trade_seq": 3368, "trade_id": "247992122", "timestamp": 1679660313528, "tick_direction": 1, "price": 0.0045, "mark_price": 0.00459551, "iv": 73.29, "instrument_name": "BTC-31MAR23-32000-C", "index_price": 27963.02, "direction": "buy", "amount": 5.0}, {"trade_seq": 3367, "trade_id": "247992088", "timestamp": 1679660311853, "tick_direction": 1, "price": 0.0045, "mark_price": 0.00459806, "iv": 73.09, "instrument_name": "BTC-31MAR23-32000-C", "index_price": 27977.36, "direction": "buy", "amount": 4.0}, {"trade_seq": 3366, "trade_id": "247992065", "timestamp": 1679660311219, "tick_direction": 1, "price": 0.0045, "mark_price": 0.00459806, "iv": 73.13, "instrument_name": "BTC-31MAR23-32000-C", "index_price": 27974.51, "direction": "buy", "amount": 10.1}, {"trade_seq": 3365, "trade_id": "247992040", "timestamp": 1679660306903, "tick_direction": 0, "price": 0.0045, "mark_price": 0.00451183, "iv": 73.57, "instrument_name": "BTC-31MAR23-32000-C", "index_price": 27954.92, "direction": "buy", "amount": 4.8}, {"trade_seq": 3364, "trade_id": "247991004", "timestamp": 1679659926291, "tick_direction": 0, "price": 0.004, "mark_price": 0.00419187, "iv": 72.96, "instrument_name": "BTC-31MAR23-32000-C", "index_price": 27833.02, "direction": "sell", "amount": 0.1}, {"trade_seq": 3363, "trade_id": "247985374", "timestamp": 1679658764598, "tick_direction": 2, "price": 0.0035, "mark_price": 0.00354782, "iv": 72.88, "instrument_name": "BTC-31MAR23-32000-C", "index_price": 27664.68, "direction": "sell", "amount": 0.2}, {"trade_seq": 3362, "trade_id": "247973767", "timestamp": 1679655570191, "tick_direction": 2, "price": 0.004, "mark_price": 0.00425742, "iv": 69.41, "instrument_name": "BTC-31MAR23-32000-C", "index_price": 28065.19, "direction": "sell", "amount": 0.8}, {"trade_seq": 3361, "trade_id": "247973578", "timestamp": 1679655382513, "tick_direction": 3, "price": 0.0045, "mark_price": 0.00431041, "iv": 71.35, "instrument_name": "BTC-31MAR23-32000-C", "index_price": 28077.08, "direction": "buy", "amount": 1.0}, {"trade_seq": 3360, "trade_id": "247972586", "timestamp": 1679654461750, "tick_direction": 3, "price": 0.0045, "mark_price": 0.00476688, "iv": 71.89, "instrument_name": "BTC-31MAR23-32000-C", "index_price": 28030.5, "direction": "buy", "amount": 4.4}, {"trade_seq": 3359, "trade_id": "247972585", "timestamp": 1679654461045, "tick_direction": 3, "price": 0.0045, "mark_price": 0.00477767, "iv": 71.89, "instrument_name": "BTC-31MAR23-32000-C", "index_price": 28030.5, "direction": "sell", "amount": 13.0}, {"trade_seq": 3358, "trade_id": "247972584", "timestamp": 1679654461045, "tick_direction": 3, "price": 0.0045, "mark_price": 0.00477767, "iv": 71.89, "instrument_name": "BTC-31MAR23-32000-C", "index_price": 28030.5, "direction": "sell", "amount": 4.5}, {"trade_seq": 3357, "trade_id": "247970946", "timestamp": 1679653606969, "tick_direction": 3, "price": 0.0045, "mark_price": 0.00460572, "iv": 71.72, "instrument_name": "BTC-31MAR23-32000-C", "index_price": 28049.92, "direction": "sell", "amount": 0.3}, {"trade_seq": 3356, "trade_id": "247970014", "timestamp": 1679653215621, "tick_direction": 3, "price": 0.0045, "mark_price": 0.00460671, "iv": 71.13, "instrument_name": "BTC-31MAR23-32000-C", "index_price": 28095.91, "direction": "sell", "amount": 22.4}, {"trade_seq": 3355, "trade_id": "247970013", "timestamp": 1679653215621, "tick_direction": 3, "price": 0.0045, "mark_price": 0.00460671, "iv": 71.13, "instrument_name": "BTC-31MAR23-32000-C", "index_price": 28095.91, "direction": "sell", "amount": 3.0}, {"trade_seq": 3354, "trade_id": "247970012", "timestamp": 1679653215621, "tick_direction": 3, "price": 0.0045, "mark_price": 0.00460671, "iv": 71.13, "instrument_name": "BTC-31MAR23-32000-C", "index_price": 28095.91, "direction": "sell", "amount": 4.6}, {"trade_seq": 3353, "trade_id": "247969981", "timestamp": 1679653209983, "tick_direction": 2, "price": 0.0045, "mark_price": 0.00456127, "iv": 71.27, "instrument_name": "BTC-31MAR23-32000-C", "index_price": 28086.7, "direction": "buy", "amount": 0.6}, {"trade_seq": 3352, "trade_id": "247967313", "timestamp": 1679652443032, "tick_direction": 0, "price": 0.005, "mark_price": 0.00460067, "iv": 73.37, "instrument_name": "BTC-31MAR23-32000-C", "index_price": 28057.73, "direction": "buy", "amount": 1.0}, {"trade_seq": 3351, "trade_id": "247967255", "timestamp": 1679652441191, "tick_direction": 3, "price": 0.0045, "mark_price": 0.00463161, "iv": 71.21, "instrument_name": "BTC-31MAR23-32000-C", "index_price": 28068.6, "direction": "sell", "amount": 0.1}, {"trade_seq": 3350, "trade_id": "247967209", "timestamp": 1679652404832, "tick_direction": 3, "price": 0.0045, "mark_price": 0.00468362, "iv": 70.98, "instrument_name": "BTC-31MAR23-32000-C", "index_price": 28081.17, "direction": "sell", "amount": 0.5}, {"trade_seq": 3349, "trade_id": "247959091", "timestamp": 1679648121202, "tick_direction": 2, "price": 0.0045, "mark_price": 0.0047976, "iv": 70.97, "instrument_name": "BTC-31MAR23-32000-C", "index_price": 28073.71, "direction": "sell", "amount": 0.1}, {"trade_seq": 3348, "trade_id": "247959055", "timestamp": 1679648104102, "tick_direction": 1, "price": 0.005, "mark_price": 0.00483177, "iv": 72.84, "instrument_name": "BTC-31MAR23-32000-C", "index_price": 28081.01, "direction": "buy", "amount": 1.1}, {"trade_seq": 3347, "trade_id": "247959054", "timestamp": 1679648104102, "tick_direction": 1, "price": 0.005, "mark_price": 0.00483177, "iv": 72.84, "instrument_name": "BTC-31MAR23-32000-C", "index_price": 28081.01, "direction": "buy", "amount": 2.8}, {"trade_seq": 3346, "trade_id": "247959053", "timestamp": 1679648104102, "tick_direction": 0, "price": 0.005, "mark_price": 0.00483177, "iv": 72.84, "instrument_name": "BTC-31MAR23-32000-C", "index_price": 28081.01, "direction": "buy", "amount": 0.1}, {"trade_seq": 3345, "trade_id": "247959048", "timestamp": 1679648092786, "tick_direction": 3, "price": 0.0045, "mark_price": 0.00484966, "iv": 70.78, "instrument_name": "BTC-31MAR23-32000-C", "index_price": 28087.1, "direction": "sell", "amount": 0.3}, {"trade_seq": 3344, "trade_id": "247955500", "timestamp": 1679647209442, "tick_direction": 3, "price": 0.0045, "mark_price": 0.00472357, "iv": 70.86, "instrument_name": "BTC-31MAR23-32000-C", "index_price": 28078.67, "direction": "sell", "amount": 0.3}, {"trade_seq": 3343, "trade_id": "247955440", "timestamp": 1679647195429, "tick_direction": 2, "price": 0.0045, "mark_price": 0.00468744, "iv": 71.01, "instrument_name": "BTC-31MAR23-32000-C", "index_price": 28070.66, "direction": "sell", "amount": 0.3}