{"trades": [{"trade_seq": 150, "trade_id": "136818663", "timestamp": 1616025652379, "tick_direction": 0, "price": 0.85, "mark_price": 0.848553, "iv": 500.0, "instrument_name": "BTC-26MAR21-9000-C", "index_price": 59209.13, "direction": "buy", "amount": 1.0}, {"trade_seq": 149, "trade_id": "133173286", "timestamp": 1614761535278, "tick_direction": 1, "price": 0.825, "mark_price": 0.82553805, "iv": 0.0, "instrument_name": "BTC-26MAR21-9000-C", "index_price": 50819.96, "direction": "buy", "amount": 0.4}, {"trade_seq": 148, "trade_id": "133169375", "timestamp": 1614760526506, "tick_direction": 0, "price": 0.825, "mark_price": 0.82515441, "iv": 0.0, "instrument_name": "BTC-26MAR21-9000-C", "index_price": 50713.09, "direction": "buy", "amount": 0.1}, {"trade_seq": 147, "trade_id": "128052974", "timestamp": 1613442698115, "tick_direction": 0, "price": 0.8145, "mark_price": 0.82164641, "iv": 0.0, "instrument_name": "BTC-26MAR21-9000-C", "index_price": 48485.94, "direction": "sell", "amount": 3.8}, {"trade_seq": 146, "trade_id": "127775565", "timestamp": 1613355768439, "tick_direction": 2, "price": 0.812, "mark_price": 0.81033674, "iv": 242.68, "instrument_name": "BTC-26MAR21-9000-C", "index_price": 45955.96, "direction": "sell", "amount": 0.1}, {"trade_seq": 145, "trade_id": "127765707", "timestamp": 1613355581942, "tick_direction": 2, "price": 0.8155, "mark_price": 0.81433431, "iv": 238.24, "instrument_name": "BTC-26MAR21-9000-C", "index_price": 46835.4, "direction": "sell", "amount": 0.1}, {"trade_seq": 144, "trade_id": "127147168", "timestamp": 1613124810655, "tick_direction": 2, "price": 0.817, "mark_price": 0.81822788, "iv": 0.0, "instrument_name": "BTC-26MAR21-9000-C", "index_price": 47462.22, "direction": "sell", "amount": 0.1}, {"trade_seq": 143, "trade_id": "127133407", "timestamp": 1613119157577, "tick_direction": 0, "price": 0.818, "mark_price": 0.81841838, "iv": 165.14, "instrument_name": "BTC-26MAR21-9000-C", "index_price": 47509.61, "direction": "sell", "amount": 0.1}, {"trade_seq": 142, "trade_id": "118499040", "timestamp": 1610726615585, "tick_direction": 3, "price": 0.76, "mark_price": 0.75973721, "iv": 173.48, "instrument_name": "BTC-26MAR21-9000-C", "index_price": 35000.74, "direction": "sell", "amount": 0.1}, {"trade_seq": 141, "trade_id": "118499039", "timestamp": 1610726615585, "tick_direction": 2, "price": 0.76, "mark_price": 0.75973721, "iv": 173.48, "instrument_name": "BTC-26MAR21-9000-C", "index_price": 35000.74, "direction": "sell", "amount": 0.1}, {"trade_seq": 140, "trade_id": "118489905", "timestamp": 1610726147793, "tick_direction": 1, "price": 0.764, "mark_price": 0.76215401, "iv": 183.21, "instrument_name": "BTC-26MAR21-9000-C", "index_price": 35401.85, "direction": "sell", "amount": 0.1}, {"trade_seq": 139, "trade_id": "118489866", "timestamp": 1610726144111, "tick_direction": 1, "price": 0.764, "mark_price": 0.76197642, "iv": 183.47, "instrument_name": "BTC-26MAR21-9000-C", "index_price": 35396.43, "direction": "sell", "amount": 0.1}, {"trade_seq": 138, "trade_id": "118489770", "timestamp": 1610726141535, "tick_direction": 1, "price": 0.764, "mark_price": 0.76180351, "iv": 184.91, "instrument_name": "BTC-26MAR21-9000-C", "index_price": 35358.61, "direction": "sell", "amount": 0.1}, {"trade_seq": 137, "trade_id": "118489513", "timestamp": 1610726135114, "tick_direction": 1, "price": 0.764, "mark_price": 0.76183381, "iv": 185.03, "instrument_name": "BTC-26MAR21-9000-C", "index_price": 35353.1, "direction": "sell", "amount": 0.1}, {"trade_seq": 136, "trade_id": "118488987", "timestamp": 1610726122015, "tick_direction": 0, "price": 0.764, "mark_price": 0.76224358, "iv": 182.55, "instrument_name": "BTC-26MAR21-9000-C", "index_price": 35414.33, "direction": "sell", "amount": 0.1}, {"trade_seq": 135, "trade_id": "118488885", "timestamp": 1610726116424, "tick_direction": 3, "price": 0.7635, "mark_price": 0.76227619, "iv": 179.08, "instrument_name": "BTC-26MAR21-9000-C", "index_price": 35430.05, "direction": "sell", "amount": 0.1}, {"trade_seq": 134, "trade_id": "118488865", "timestamp": 1610726113178, "tick_direction": 2, "price": 0.7635, "mark_price": 0.76227135, "iv": 179.16, "instrument_name": "BTC-26MAR21-9000-C", "index_price": 35428.65, "direction": "sell", "amount": 0.1}, {"trade_seq": 133, "trade_id": "118228950", "timestamp": 1610659137512, "tick_direction": 1, "price": 0.7815, "mark_price": 0.78124485, "iv": 177.19, "instrument_name": "BTC-26MAR21-9000-C", "index_price": 38755.89, "direction": "sell", "amount": 0.1}, {"trade_seq": 132, "trade_id": "118228949", "timestamp": 1610659137512, "tick_direction": 0, "price": 0.7815, "mark_price": 0.78124485, "iv": 177.19, "instrument_name": "BTC-26MAR21-9000-C", "index_price": 38755.89, "direction": "sell", "amount": 0.1}, {"trade_seq": 131, "trade_id": "118111274", "timestamp": 1610631261085, "tick_direction": 0, "price": 0.7765, "mark_price": 0.77949446, "iv": 124.74, "instrument_name": "BTC-26MAR21-9000-C", "index_price": 38465.68, "direction": "buy", "amount": 0.1}, {"trade_seq": 130, "trade_id": "117569507", "timestamp": 1610497617428, "tick_direction": 2, "price": 0.744, "mark_price": 0.74357105, "iv": 169.26, "instrument_name": "BTC-26MAR21-9000-C", "index_price": 33001.33, "direction": "sell", "amount": 0.1}, {"trade_seq": 129, "trade_id": "114444786", "timestamp": 1610031669599, "tick_direction": 0, "price": 0.775, "mark_price": 0.77688275, "iv": 0.0, "instrument_name": "BTC-26MAR21-9000-C", "index_price": 38515.95, "direction": "buy", "amount": 0.4}, {"trade_seq": 128, "trade_id": "112811198", "timestamp": 1609678098107, "tick_direction": 0, "price": 0.7425, "mark_price": 0.74899455, "iv": 0.0, "instrument_name": "BTC-26MAR21-9000-C", "index_price": 34230.2, "direction": "sell", "amount": 0.1}, {"trade_seq": 127, "trade_id": "112587882", "timestamp": 1609621301536, "tick_direction": 0, "price": 0.721, "mark_price": 0.72191452, "iv": 99.22, "instrument_name": "BTC-26MAR21-9000-C", "index_price": 30755.12, "direction": "buy", "amount": 0.1}, {"trade_seq": 126, "trade_id": "109214307", "timestamp": 1608309454631, "tick_direction": 0, "price": 0.621, "mark_price": 0.62179488, "iv": 82.78, "instrument_name": "BTC-26MAR21-9000-C", "index_price": 22676.5, "direction": "buy", "amount": 2.0}, {"trade_seq": 125, "trade_id": "109184825", "timestamp": 1608301061804, "tick_direction": 2, "price": 0.6195, "mark_price": 0.6192191, "iv": 90.47, "instrument_name": "BTC-26MAR21-9000-C", "index_price": 22507.92, "direction": "sell", "amount": 1.0}, {"trade_seq": 124, "trade_id": "109178685", "timestamp": 1608299942000, "tick_direction": 0, "price": 0.6205, "mark_price": 0.6205879, "iv": 90.54, "instrument_name": "BTC-26MAR21-9000-C", "index_price": 22572.19, "direction": "sell", "amount": 1.0}, {"trade_seq": 123, "trade_id": "108728885", "timestamp": 1608191867303, "tick_direction": 0, "price": 0.615, "mark_price": 0.61726783, "iv": 0.0, "instrument_name": "BTC-26MAR21-9000-C", "index_price": 22445.03, "direction": "sell", "amount": 0.1}, {"trade_seq": 122, "trade_id": "108570002", "timestamp": 1608155173184, "tick_direction": 0, "price": 0.5935, "mark_price": 0.59401246, "iv": 80.34, "instrument_name": "BTC-26MAR21-9000-C", "index_price": 21086.67, "direction": "buy", "amount": 0.2}, {"trade_seq": 121, "trade_id": "106985507", "timestamp": 1607461695790, "tick_direction": 2, "price": 0.543, "mark_price": 0.5404688, "iv": 88.91, "instrument_name": "BTC-26MAR21-9000-C", "index_price": 18797.46, "direction": "buy", "amount": 0.1}, {"trade_seq": 120, "trade_id": "106089087", "timestamp": 1606979993293, "tick_direction": 0, "price": 0.549, "mark_price": 0.54755878, "iv": 87.82, "instrument_name": "BTC-26MAR21-9000-C", "index_price": 19010.25, "direction": "sell", "amount": 1.6}, {"trade_seq": 119, "trade_id": "105139755", "timestamp": 1606742037488, "tick_direction": 0, "price": 0.545, "mark_price": 0.54598956, "iv": 82.42, "instrument_name": "BTC-26MAR21-9000-C", "index_price": 18900.91, "direction": "buy", "amount": 0.2}, {"trade_seq": 118, "trade_id": "104836363", "timestamp": 1606611680254, "tick_direction": 0, "price": 0.51, "mark_price": 0.51424704, "iv": 72.43, "instrument_name": "BTC-26MAR21-9000-C", "index_price": 17651.5, "direction": "sell", "amount": 1.2}, {"trade_seq": 117, "trade_id": "104545784", "timestamp": 1606493058842, "tick_direction": 0, "price": 0.4905, "mark_price": 0.48616323, "iv": 87.11, "instrument_name": "BTC-26MAR21-9000-C", "index_price": 16622.05, "direction": "buy", "amount": 0.1}, {"trade_seq": 116, "trade_id": "104544635", "timestamp": 1606492963838, "tick_direction": 2, "price": 0.487, "mark_price": 0.48269242, "iv": 86.87, "instrument_name": "BTC-26MAR21-9000-C", "index_price": 16503.43, "direction": "buy", "amount": 0.1}, {"trade_seq": 115, "trade_id": "102188302", "timestamp": 1605792403498, "tick_direction": 0, "price": 0.52, "mark_price": 0.52068936, "iv": 77.19, "instrument_name": "BTC-26MAR21-9000-C", "index_price": 17941.17, "direction": "buy", "amount": 0.1}, {"trade_seq": 114, "trade_id": "102125207", "timestamp": 1605769581366, "tick_direction": 0, "price": 0.5165, "mark_price": 0.5124612, "iv": 85.63, "instrument_name": "BTC-26MAR21-9000-C", "index_price": 17683.15, "direction": "sell", "amount": 1.5}, {"trade_seq": 113, "trade_id": "100886256", "timestamp": 1605260221313, "tick_direction": 0, "price": 0.472, "mark_price": 0.47444, "iv": 66.65, "instrument_name": "BTC-26MAR21-9000-C", "index_price": 16315.85, "direction": "buy", "amount": 0.1}, {"trade_seq": 112, "trade_id": "100642127", "timestamp": 1605175508409, "tick_direction": 0, "price": 0.47, "mark_price": 0.47195246, "iv": 67.11, "instrument_name": "BTC-26MAR21-9000-C", "index_price": 16158.46, "direction": "buy", "amount": 0.1}, {"trade_seq": 111, "trade_id": "100629230", "timestamp": 1605174658447, "tick_direction": 0, "price": 0.465, "mark_price": 0.46601106, "iv": 68.39, "instrument_name": "BTC-26MAR21-9000-C", "index_price": 15995.69, "direction": "buy", "amount": 0.1}, {"trade_seq": 110, "trade_id": "97946386", "timestamp": 1604138736456, "tick_direction": 0, "price": 0.399, "mark_price": 0.39970888, "iv": 65.11, "instrument_name": "BTC-26MAR21-9000-C", "index_price": 14015.45, "direction": "buy", "amount": 0.1}, {"trade_seq": 109, "trade_id": "97680625", "timestamp": 1604037239778, "tick_direction": 2, "price": 0.3635, "mark_price": 0.36669764, "iv": 61.0, "instrument_name": "BTC-26MAR21-9000-C", "index_price": 13256.02, "direction": "sell", "amount": 5.9}, {"trade_seq": 108, "trade_id": "97130192", "timestamp": 1603813507980, "tick_direction": 0, "price": 0.382, "mark_price": 0.38253333, "iv": 64.51, "instrument_name": "BTC-26MAR21-9000-C", "index_price": 13538.68, "direction": "buy", "amount": 0.1}, {"trade_seq": 107, "trade_id": "96710724", "timestamp": 1603551760320, "tick_direction": 0, "price": 0.37, "mark_price": 0.37240157, "iv": 64.47, "instrument_name": "BTC-26MAR21-9000-C", "index_price": 13140.95, "direction": "buy", "amount": 0.1}, {"trade_seq": 106, "trade_id": "96590025", "timestamp": 1603448072951, "tick_direction": 2, "price": 0.3645, "mark_price": 0.3654807, "iv": 64.74, "instrument_name": "BTC-26MAR21-9000-C", "index_price": 13014.48, "direction": "buy", "amount": 0.8}, {"trade_seq": 105, "trade_id": "96221891", "timestamp": 1603305508073, "tick_direction": 0, "price": 0.3715, "mark_price": 0.37086282, "iv": 75.34, "instrument_name": "BTC-26MAR21-9000-C", "index_price": 12773.58, "direction": "buy", "amount": 1.3}, {"trade_seq": 104, "trade_id": "96198535", "timestamp": 1603297602096, "tick_direction": 0, "price": 0.367, "mark_price": 0.36733611, "iv": 68.6, "instrument_name": "BTC-26MAR21-9000-C", "index_price": 12901.22, "direction": "buy", "amount": 5.3}, {"trade_seq": 103, "trade_id": "95996673", "timestamp": 1603225325494, "tick_direction": 0, "price": 0.316, "mark_price": 0.30722214, "iv": 63.88, "instrument_name": "BTC-26MAR21-9000-C", "index_price": 11892.68, "direction": "buy", "amount": 0.1}, {"trade_seq": 102, "trade_id": "95702213", "timestamp": 1602997785536, "tick_direction": 2, "price": 0.2825, "mark_price": 0.28603158, "iv": 57.84, "instrument_name": "BTC-26MAR21-9000-C", "index_price": 11386.76, "direction": "sell", "amount": 0.1}, {"trade_seq": 101, "trade_id": "95156968", "timestamp": 1602519574118, "tick_direction": 0, "price": 0.309, "mark_price": 0.30454136, "iv": 66.0, "instrument_name": "BTC-26MAR21-9000-C", "index_price": 11572.74, "direction": "sell", "amount": 1.2}, {"trade_seq": 100, "trade_id": "94723933", "timestamp": 1602167885109, "tick_direction": 0, "price": 0.2745, "mark_price": 0.27498815, "iv": 65.39, "instrument_name": "BTC-26MAR21-9000-C", "index_price": 10869.2, "direction": "buy", "amount": 0.1}, {"trade_seq": 99, "trade_id": "94637435", "timestamp": 1602066166300, "tick_direction": 3, "price": 0.2625, "mark_price": 0.26047543, "iv": 66.0, "instrument_name": "BTC-26MAR21-9000-C", "index_price": 10591.75, "direction": "buy", "amount": 1.8}, {"trade_seq": 98, "trade_id": "94637434", "timestamp": 1602066166300, "tick_direction": 3, "price": 0.2625, "mark_price": 0.26047543, "iv": 66.0, "instrument_name": "BTC-26MAR21-9000-C", "index_price": 10591.75, "direction": "buy", "amount": 0.1}, {"trade_seq": 97, "trade_id": "94637347", "timestamp": 1602066024479, "tick_direction": 2, "price": 0.2625, "mark_price": 0.26069354, "iv": 65.88, "instrument_name": "BTC-26MAR21-9000-C", "index_price": 10596.91, "direction": "buy", "amount": 0.1}, {"trade_seq": 96, "trade_id": "94526558", "timestamp": 1601987651911, "tick_direction": 0, "price": 0.268, "mark_price": 0.2678587, "iv": 65.44, "instrument_name": "BTC-26MAR21-9000-C", "index_price": 10719.91, "direction": "sell", "amount": 1.3}, {"trade_seq": 95, "trade_id": "94465789", "timestamp": 1601929708769, "tick_direction": 0, "price": 0.2675, "mark_price": 0.26832632, "iv": 64.29, "instrument_name": "BTC-26MAR21-9000-C", "index_price": 10754.04, "direction": "buy", "amount": 0.5}, {"trade_seq": 94, "trade_id": "94465418", "timestamp": 1601929549972, "tick_direction": 3, "price": 0.267, "mark_price": 0.26831212, "iv": 64.14, "instrument_name": "BTC-26MAR21-9000-C", "index_price": 10750.12, "direction": "buy", "amount": 0.1}, {"trade_seq": 93, "trade_id": "94465314", "timestamp": 1601929532696, "tick_direction": 2, "price": 0.267, "mark_price": 0.26806411, "iv": 64.27, "instrument_name": "BTC-26MAR21-9000-C", "index_price": 10745.9, "direction": "buy", "amount": 0.1}, {"trade_seq": 92, "trade_id": "93833013", "timestamp": 1601272235641, "tick_direction": 0, "price": 0.276, "mark_price": 0.27877652, "iv": 63.44, "instrument_name": "BTC-26MAR21-9000-C", "index_price": 10871.78, "direction": "sell", "amount": 1.0}, {"trade_seq": 91, "trade_id": "93428006", "timestamp": 1600894011137, "tick_direction": 2, "price": 0.25, "mark_price": 0.25055298, "iv": 65.37, "instrument_name": "BTC-26MAR21-9000-C", "index_price": 10215.81, "direction": "sell", "amount": 0.1}, {"trade_seq": 90, "trade_id": "93352039", "timestamp": 1600842005384, "tick_direction": 2, "price": 0.26, "mark_price": 0.26099214, "iv": 65.6, "instrument_name": "BTC-26MAR21-9000-C", "index_price": 10418.97, "direction": "sell", "amount": 5.0}, {"trade_seq": 89, "trade_id": "93277692", "timestamp": 1600765868042, "tick_direction": 2, "price": 0.2695, "mark_price": 0.26907713, "iv": 68.55, "instrument_name": "BTC-26MAR21-9000-C", "index_price": 10456.68, "direction": "sell", "amount": 0.1}, {"trade_seq": 88, "trade_id": "93208369", "timestamp": 1600703054665, "tick_direction": 3, "price": 0.27, "mark_price": 0.2664797, "iv": 69.02, "instrument_name": "BTC-26MAR21-9000-C", "index_price": 10406.16, "direction": "buy", "amount": 1.0}, {"trade_seq": 87, "trade_id": "93179486", "timestamp": 1600698254026, "tick_direction": 2, "price": 0.27, "mark_price": 0.27025737, "iv": 66.45, "instrument_name": "BTC-26MAR21-9000-C", "index_price": 10528.72, "direction": "sell", "amount": 0.2}, {"trade_seq": 86, "trade_id": "93148319", "timestamp": 1600687255128, "tick_direction": 2, "price": 0.275, "mark_price": 0.2755369, "iv": 66.36, "instrument_name": "BTC-26MAR21-9000-C", "index_price": 10638.79, "direction": "sell", "amount": 0.2}, {"trade_seq": 85, "trade_id": "93048686", "timestamp": 1600607002692, "tick_direction": 2, "price": 0.29, "mark_price": 0.29117678, "iv": 68.23, "instrument_name": "BTC-26MAR21-9000-C", "index_price": 10837.02, "direction": "sell", "amount": 0.1}, {"trade_seq": 84, "trade_id": "92999698", "timestamp": 1600553313633, "tick_direction": 2, "price": 0.3, "mark_price": 0.3003214, "iv": 68.35, "instrument_name": "BTC-26MAR21-9000-C", "index_price": 11043.31, "direction": "sell", "amount": 0.1}, {"trade_seq": 83, "trade_id": "92991689", "timestamp": 1600538851329, "tick_direction": 2, "price": 0.3025, "mark_price": 0.30245075, "iv": 68.97, "instrument_name": "BTC-26MAR21-9000-C", "index_price": 11055.05, "direction": "sell", "amount": 0.1}, {"trade_seq": 82, "trade_id": "92979129", "timestamp": 1600519397973, "tick_direction": 2, "price": 0.305, "mark_price": 0.30462895, "iv": 69.26, "instrument_name": "BTC-26MAR21-9000-C", "index_price": 11107.56, "direction": "sell", "amount": 0.1}, {"trade_seq": 81, "trade_id": "92979128", "timestamp": 1600519389322, "tick_direction": 0, "price": 0.31, "mark_price": 0.3045904, "iv": 71.58, "instrument_name": "BTC-26MAR21-9000-C", "index_price": 11107.33, "direction": "sell", "amount": 0.1}, {"trade_seq": 80, "trade_id": "91790014", "timestamp": 1599492497305, "tick_direction": 2, "price": 0.2795, "mark_price": 0.28188384, "iv": 75.12, "instrument_name": "BTC-26MAR21-9000-C", "index_price": 10125.11, "direction": "buy", "amount": 0.1}, {"trade_seq": 79, "trade_id": "91669799", "timestamp": 1599428376191, "tick_direction": 1, "price": 0.291, "mark_price": 0.28821574, "iv": 77.09, "instrument_name": "BTC-26MAR21-9000-C", "index_price": 10323.67, "direction": "sell", "amount": 1.8}, {"trade_seq": 78, "trade_id": "91622832", "timestamp": 1599379871270, "tick_direction": 0, "price": 0.291, "mark_price": 0.29165102, "iv": 78.29, "instrument_name": "BTC-26MAR21-9000-C", "index_price": 10219.42, "direction": "sell", "amount": 0.1}, {"trade_seq": 77, "trade_id": "91542887", "timestamp": 1599337257218, "tick_direction": 0, "price": 0.2755, "mark_price": 0.27594852, "iv": 74.99, "instrument_name": "BTC-26MAR21-9000-C", "index_price": 10055.74, "direction": "buy", "amount": 0.1}, {"trade_seq": 76, "trade_id": "91542874", "timestamp": 1599337254635, "tick_direction": 0, "price": 0.275, "mark_price": 0.27603753, "iv": 74.78, "instrument_name": "BTC-26MAR21-9000-C", "index_price": 10056.16, "direction": "buy", "amount": 0.1}, {"trade_seq": 75, "trade_id": "91542067", "timestamp": 1599337054279, "tick_direction": 0, "price": 0.274, "mark_price": 0.27383938, "iv": 74.85, "instrument_name": "BTC-26MAR21-9000-C", "index_price": 10035.86, "direction": "buy", "amount": 0.1}, {"trade_seq": 74, "trade_id": "91540895", "timestamp": 1599336910880, "tick_direction": 1, "price": 0.2685, "mark_price": 0.27106997, "iv": 73.74, "instrument_name": "BTC-26MAR21-9000-C", "index_price": 9969.9, "direction": "buy", "amount": 0.1}, {"trade_seq": 73, "trade_id": "91540894", "timestamp": 1599336910880, "tick_direction": 0, "price": 0.2685, "mark_price": 0.27106997, "iv": 73.74, "instrument_name": "BTC-26MAR21-9000-C", "index_price": 9969.9, "direction": "buy", "amount": 0.1}, {"trade_seq": 72, "trade_id": "91539920", "timestamp": 1599336690651, "tick_direction": 0, "price": 0.266, "mark_price": 0.26920879, "iv": 73.54, "instrument_name": "BTC-26MAR21-9000-C", "index_price": 9926.93, "direction": "buy", "amount": 0.1}, {"trade_seq": 71, "trade_id": "91539919", "timestamp": 1599336690648, "tick_direction": 0, "price": 0.2655, "mark_price": 0.26920879, "iv": 73.35, "instrument_name": "BTC-26MAR21-9000-C", "index_price": 9926.93, "direction": "buy", "amount": 0.1}, {"trade_seq": 70, "trade_id": "91538070", "timestamp": 1599336234085, "tick_direction": 2, "price": 0.2645, "mark_price": 0.26935391, "iv": 73.14, "instrument_name": "BTC-26MAR21-9000-C", "index_price": 9910.46, "direction": "buy", "amount": 0.1}, {"trade_seq": 69, "trade_id": "91426414", "timestamp": 1599321146326, "tick_direction": 2, "price": 0.275, "mark_price": 0.28644086, "iv": 70.73, "instrument_name": "BTC-26MAR21-9000-C", "index_price": 10276.39, "direction": "buy", "amount": 1.0}, {"trade_seq": 68, "trade_id": "91052690", "timestamp": 1599207581790, "tick_direction": 3, "price": 0.2795, "mark_price": 0.29945622, "iv": 71.09, "instrument_name": "BTC-26MAR21-9000-C", "index_price": 10395.36, "direction": "sell", "amount": 0.9}, {"trade_seq": 67, "trade_id": "91052689", "timestamp": 1599207581790, "tick_direction": 2, "price": 0.2795, "mark_price": 0.29945622, "iv": 71.09, "instrument_name": "BTC-26MAR21-9000-C", "index_price": 10395.36, "direction": "sell", "amount": 0.1}, {"trade_seq": 66, "trade_id": "90687010", "timestamp": 1599136013907, "tick_direction": 2, "price": 0.3, "mark_price": 0.29925426, "iv": 73.76, "instrument_name": "BTC-26MAR21-9000-C", "index_price": 10709.34, "direction": "sell", "amount": 0.2}, {"trade_seq": 65, "trade_id": "90015441", "timestamp": 1598687171902, "tick_direction": 1, "price": 0.338, "mark_price": 0.33915679, "iv": 71.62, "instrument_name": "BTC-26MAR21-9000-C", "index_price": 11579.0, "direction": "buy", "amount": 0.1}, {"trade_seq": 64, "trade_id": "90015231", "timestamp": 1598686928331, "tick_direction": 0, "price": 0.338, "mark_price": 0.33891294, "iv": 71.73, "instrument_name": "BTC-26MAR21-9000-C", "index_price": 11569.49, "direction": "buy", "amount": 0.1}, {"trade_seq": 63, "trade_id": "89984531", "timestamp": 1598637168378, "tick_direction": 0, "price": 0.3335, "mark_price": 0.33575119, "iv": 71.31, "instrument_name": "BTC-26MAR21-9000-C", "index_price": 11478.51, "direction": "sell", "amount": 1.0}, {"trade_seq": 62, "trade_id": "89587818", "timestamp": 1598378242792, "tick_direction": 2, "price": 0.328, "mark_price": 0.32921846, "iv": 73.42, "instrument_name": "BTC-26MAR21-9000-C", "index_price": 11218.62, "direction": "sell", "amount": 0.1}, {"trade_seq": 61, "trade_id": "89347097", "timestamp": 1598175961568, "tick_direction": 2, "price": 0.3465, "mark_price": 0.34915526, "iv": 73.13, "instrument_name": "BTC-26MAR21-9000-C", "index_price": 11601.06, "direction": "sell", "amount": 2.5}, {"trade_seq": 60, "trade_id": "89293978", "timestamp": 1598082915347, "tick_direction": 2, "price": 0.3485, "mark_price": 0.34972178, "iv": 73.54, "instrument_name": "BTC-26MAR21-9000-C", "index_price": 11583.16, "direction": "buy", "amount": 1.0}, {"trade_seq": 59, "trade_id": "89136232", "timestamp": 1597949171650, "tick_direction": 1, "price": 0.3755, "mark_price": 0.36491389, "iv": 80.02, "instrument_name": "BTC-26MAR21-9000-C", "index_price": 11870.7, "direction": "buy", "amount": 0.5}, {"trade_seq": 58, "trade_id": "89136231", "timestamp": 1597949171650, "tick_direction": 0, "price": 0.3755, "mark_price": 0.36491389, "iv": 80.02, "instrument_name": "BTC-26MAR21-9000-C", "index_price": 11870.7, "direction": "buy", "amount": 4.0}, {"trade_seq": 57, "trade_id": "89021089", "timestamp": 1597849818194, "tick_direction": 2, "price": 0.362, "mark_price": 0.36251608, "iv": 75.5, "instrument_name": "BTC-26MAR21-9000-C", "index_price": 11729.8, "direction": "sell", "amount": 0.2}, {"trade_seq": 56, "trade_id": "88980478", "timestamp": 1597818836376, "tick_direction": 2, "price": 0.371, "mark_price": 0.36223865, "iv": 80.14, "instrument_name": "BTC-26MAR21-9000-C", "index_price": 11693.49, "direction": "buy", "amount": 1.0}, {"trade_seq": 55, "trade_id": "88734772", "timestamp": 1597696215185, "tick_direction": 1, "price": 0.39, "mark_price": 0.39569578, "iv": 75.6, "instrument_name": "BTC-26MAR21-9000-C", "index_price": 12335.24, "direction": "buy", "amount": 3.8}, {"trade_seq": 54, "trade_id": "88734771", "timestamp": 1597696215185, "tick_direction": 0, "price": 0.39, "mark_price": 0.39569578, "iv": 75.6, "instrument_name": "BTC-26MAR21-9000-C", "index_price": 12335.24, "direction": "buy", "amount": 1.0}, {"trade_seq": 53, "trade_id": "88432757", "timestamp": 1597498780053, "tick_direction": 2, "price": 0.3595, "mark_price": 0.36252278, "iv": 71.56, "instrument_name": "BTC-26MAR21-9000-C", "index_price": 11783.54, "direction": "sell", "amount": 0.1}, {"trade_seq": 52, "trade_id": "88432736", "timestamp": 1597498721505, "tick_direction": 0, "price": 0.36, "mark_price": 0.36247387, "iv": 71.81, "instrument_name": "BTC-26MAR21-9000-C", "index_price": 11784.95, "direction": "sell", "amount": 0.1}, {"trade_seq": 51, "trade_id": "88432513", "timestamp": 1597498510241, "tick_direction": 2, "price": 0.359, "mark_price": 0.36210069, "iv": 71.51, "instrument_name": "BTC-26MAR21-9000-C", "index_price": 11777.01, "direction": "sell", "amount": 0.1}, {"trade_seq": 50, "trade_id": "88432480", "timestamp": 1597498461907, "tick_direction": 3, "price": 0.3595, "mark_price": 0.3621182, "iv": 71.73, "instrument_name": "BTC-26MAR21-9000-C", "index_price": 11780.92, "direction": "sell", "amount": 0.1}, {"trade_seq": 49, "trade_id": "88432455", "timestamp": 1597498434233, "tick_direction": 2, "price": 0.3595, "mark_price": 0.36217606, "iv": 71.7, "instrument_name": "BTC-26MAR21-9000-C", "index_price": 11782.41, "direction": "sell", "amount": 0.1}, {"trade_seq": 48, "trade_id": "88432354", "timestamp": 1597498404315, "tick_direction": 0, "price": 0.3655, "mark_price": 0.36227338, "iv": 74.44, "instrument_name": "BTC-26MAR21-9000-C", "index_price": 11782.58, "direction": "sell", "amount": 0.1}, {"trade_seq": 47, "trade_id": "88337749", "timestamp": 1597420137353, "tick_direction": 1, "price": 0.3525, "mark_price": 0.35300636, "iv": 69.78, "instrument_name": "BTC-26MAR21-9000-C", "index_price": 11706.26, "direction": "buy", "amount": 0.1}, {"trade_seq": 46, "trade_id": "88337471", "timestamp": 1597419654864, "tick_direction": 0, "price": 0.3525, "mark_price": 0.35296391, "iv": 69.73, "instrument_name": "BTC-26MAR21-9000-C", "index_price": 11710.11, "direction": "buy", "amount": 0.1}, {"trade_seq": 45, "trade_id": "87113990", "timestamp": 1596625258311, "tick_direction": 1, "price": 0.34, "mark_price": 0.3381151, "iv": 69.41, "instrument_name": "BTC-26MAR21-9000-C", "index_price": 11401.84, "direction": "sell", "amount": 5.7}, {"trade_seq": 44, "trade_id": "87113989", "timestamp": 1596625258310, "tick_direction": 1, "price": 0.34, "mark_price": 0.3381151, "iv": 69.41, "instrument_name": "BTC-26MAR21-9000-C", "index_price": 11401.84, "direction": "sell", "amount": 1.3}, {"trade_seq": 43, "trade_id": "87113988", "timestamp": 1596625258309, "tick_direction": 1, "price": 0.34, "mark_price": 0.3381151, "iv": 69.41, "instrument_name": "BTC-26MAR21-9000-C", "index_price": 11401.84, "direction": "sell", "amount": 3.0}, {"trade_seq": 42, "trade_id": "87113987", "timestamp": 1596625258308, "tick_direction": 1, "price": 0.34, "mark_price": 0.3381151, "iv": 69.41, "instrument_name": "BTC-26MAR21-9000-C", "index_price": 11401.84, "direction": "sell", "amount": 10.0}, {"trade_seq": 41, "trade_id": "87113986", "timestamp": 1596625258308, "tick_direction": 0, "price": 0.34, "mark_price": 0.3381151, "iv": 69.41, "instrument_name": "BTC-26MAR21-9000-C", "index_price": 11401.84, "direction": "sell", "amount": 10.0}, {"trade_seq": 40, "trade_id": "86186022", "timestamp": 1596095866329, "tick_direction": 1, "price": 0.321, "mark_price": 0.32190128, "iv": 67.03, "instrument_name": "BTC-26MAR21-9000-C", "index_price": 10938.45, "direction": "sell", "amount": 0.8}, {"trade_seq": 39, "trade_id": "86185852", "timestamp": 1596095601000, "tick_direction": 1, "price": 0.321, "mark_price": 0.32154589, "iv": 67.14, "instrument_name": "BTC-26MAR21-9000-C", "index_price": 10947.22, "direction": "sell", "amount": 2.0}, {"trade_seq": 38, "trade_id": "86185695", "timestamp": 1596095418198, "tick_direction": 0, "price": 0.321, "mark_price": 0.32129286, "iv": 67.25, "instrument_name": "BTC-26MAR21-9000-C", "index_price": 10946.19, "direction": "buy", "amount": 2.0}, {"trade_seq": 37, "trade_id": "85557109", "timestamp": 1595860722700, "tick_direction": 0, "price": 0.295, "mark_price": 0.30009441, "iv": 65.97, "instrument_name": "BTC-26MAR21-9000-C", "index_price": 10368.31, "direction": "buy", "amount": 1.0}, {"trade_seq": 36, "trade_id": "85553987", "timestamp": 1595859799109, "tick_direction": 2, "price": 0.2945, "mark_price": 0.29904438, "iv": 65.87, "instrument_name": "BTC-26MAR21-9000-C", "index_price": 10363.48, "direction": "buy", "amount": 2.0}, {"trade_seq": 35, "trade_id": "85528110", "timestamp": 1595853939821, "tick_direction": 2, "price": 0.298, "mark_price": 0.30495633, "iv": 67.79, "instrument_name": "BTC-26MAR21-9000-C", "index_price": 10309.48, "direction": "sell", "amount": 0.1}, {"trade_seq": 34, "trade_id": "85527911", "timestamp": 1595853887890, "tick_direction": 2, "price": 0.3, "mark_price": 0.30567421, "iv": 68.69, "instrument_name": "BTC-26MAR21-9000-C", "index_price": 10300.24, "direction": "sell", "amount": 0.1}, {"trade_seq": 33, "trade_id": "85527790", "timestamp": 1595853842444, "tick_direction": 0, "price": 0.3025, "mark_price": 0.30612574, "iv": 69.6, "instrument_name": "BTC-26MAR21-9000-C", "index_price": 10301.59, "direction": "sell", "amount": 0.1}, {"trade_seq": 32, "trade_id": "85327140", "timestamp": 1595760898790, "tick_direction": 0, "price": 0.271, "mark_price": 0.28199474, "iv": 64.8, "instrument_name": "BTC-26MAR21-9000-C", "index_price": 9999.31, "direction": "sell", "amount": 1.0}, {"trade_seq": 31, "trade_id": "85324671", "timestamp": 1595759894405, "tick_direction": 0, "price": 0.2675, "mark_price": 0.28145292, "iv": 63.74, "instrument_name": "BTC-26MAR21-9000-C", "index_price": 9987.79, "direction": "sell", "amount": 0.5}, {"trade_seq": 30, "trade_id": "85103264", "timestamp": 1595524085821, "tick_direction": 2, "price": 0.252, "mark_price": 0.27255181, "iv": 64.87, "instrument_name": "BTC-26MAR21-9000-C", "index_price": 9632.77, "direction": "sell", "amount": 1.0}, {"trade_seq": 29, "trade_id": "85057651", "timestamp": 1595492814441, "tick_direction": 0, "price": 0.266, "mark_price": 0.26915451, "iv": 71.18, "instrument_name": "BTC-26MAR21-9000-C", "index_price": 9509.2, "direction": "sell", "amount": 1.0}, {"trade_seq": 28, "trade_id": "85048331", "timestamp": 1595479505696, "tick_direction": 2, "price": 0.265, "mark_price": 0.2693161, "iv": 70.91, "instrument_name": "BTC-26MAR21-9000-C", "index_price": 9511.57, "direction": "sell", "amount": 0.1}, {"trade_seq": 27, "trade_id": "85042079", "timestamp": 1595465843533, "tick_direction": 0, "price": 0.2675, "mark_price": 0.27132942, "iv": 71.58, "instrument_name": "BTC-26MAR21-9000-C", "index_price": 9529.74, "direction": "sell", "amount": 3.0}, {"trade_seq": 26, "trade_id": "84881325", "timestamp": 1595234240054, "tick_direction": 2, "price": 0.2565, "mark_price": 0.25475263, "iv": 72.95, "instrument_name": "BTC-26MAR21-9000-C", "index_price": 9186.37, "direction": "buy", "amount": 0.1}, {"trade_seq": 25, "trade_id": "84756462", "timestamp": 1594893758930, "tick_direction": 3, "price": 0.26, "mark_price": 0.26081735, "iv": 75.99, "instrument_name": "BTC-26MAR21-9000-C", "index_price": 9040.14, "direction": "sell", "amount": 0.1}, {"trade_seq": 24, "trade_id": "84756461", "timestamp": 1594893758930, "tick_direction": 2, "price": 0.26, "mark_price": 0.26081735, "iv": 75.99, "instrument_name": "BTC-26MAR21-9000-C", "index_price": 9040.14, "direction": "sell", "amount": 0.5}, {"trade_seq": 23, "trade_id": "84670889", "timestamp": 1594734010666, "tick_direction": 2, "price": 0.264, "mark_price": 0.26655408, "iv": 74.41, "instrument_name": "BTC-26MAR21-9000-C", "index_price": 9214.58, "direction": "buy", "amount": 1.0}, {"trade_seq": 22, "trade_id": "84534622", "timestamp": 1594510552814, "tick_direction": 2, "price": 0.2645, "mark_price": 0.26652701, "iv": 74.29, "instrument_name": "BTC-26MAR21-9000-C", "index_price": 9240.26, "direction": "sell", "amount": 0.2}, {"trade_seq": 21, "trade_id": "84353214", "timestamp": 1594216296934, "tick_direction": 0, "price": 0.2755, "mark_price": 0.27727886, "iv": 74.69, "instrument_name": "BTC-26MAR21-9000-C", "index_price": 9437.55, "direction": "buy", "amount": 0.5}, {"trade_seq": 20, "trade_id": "84333034", "timestamp": 1594191603151, "tick_direction": 3, "price": 0.2665, "mark_price": 0.2682614, "iv": 74.1, "instrument_name": "BTC-26MAR21-9000-C", "index_price": 9264.68, "direction": "buy", "amount": 1.0}, {"trade_seq": 19, "trade_id": "84332949", "timestamp": 1594191256942, "tick_direction": 2, "price": 0.2665, "mark_price": 0.26814461, "iv": 74.15, "instrument_name": "BTC-26MAR21-9000-C", "index_price": 9262.99, "direction": "buy", "amount": 1.0}, {"trade_seq": 18, "trade_id": "84304057", "timestamp": 1594133960106, "tick_direction": 0, "price": 0.275, "mark_price": 0.26863859, "iv": 77.04, "instrument_name": "BTC-26MAR21-9000-C", "index_price": 9256.08, "direction": "buy", "amount": 1.0}, {"trade_seq": 17, "trade_id": "84281354", "timestamp": 1594088420126, "tick_direction": 0, "price": 0.273, "mark_price": 0.26935153, "iv": 76.02, "instrument_name": "BTC-26MAR21-9000-C", "index_price": 9281.66, "direction": "buy", "amount": 0.2}, {"trade_seq": 16, "trade_id": "84225646", "timestamp": 1594033131335, "tick_direction": 0, "price": 0.2655, "mark_price": 0.26302574, "iv": 74.69, "instrument_name": "BTC-26MAR21-9000-C", "index_price": 9193.0, "direction": "buy", "amount": 0.1}, {"trade_seq": 15, "trade_id": "84183258", "timestamp": 1593983779475, "tick_direction": 2, "price": 0.256, "mark_price": 0.25636492, "iv": 75.1, "instrument_name": "BTC-26MAR21-9000-C", "index_price": 8945.62, "direction": "sell", "amount": 0.2}, {"trade_seq": 14, "trade_id": "84106679", "timestamp": 1593816197023, "tick_direction": 3, "price": 0.2585, "mark_price": 0.25900393, "iv": 73.67, "instrument_name": "BTC-26MAR21-9000-C", "index_price": 9089.25, "direction": "buy", "amount": 9.1}, {"trade_seq": 13, "trade_id": "84106678", "timestamp": 1593816197022, "tick_direction": 2, "price": 0.2585, "mark_price": 0.25900393, "iv": 73.67, "instrument_name": "BTC-26MAR21-9000-C", "index_price": 9089.25, "direction": "buy", "amount": 13.0}, {"trade_seq": 12, "trade_id": "84106652", "timestamp": 1593816125428, "tick_direction": 2, "price": 0.26, "mark_price": 0.26061442, "iv": 74.14, "instrument_name": "BTC-26MAR21-9000-C", "index_price": 9089.41, "direction": "buy", "amount": 7.9}, {"trade_seq": 11, "trade_id": "84086542", "timestamp": 1593771074510, "tick_direction": 0, "price": 0.2655, "mark_price": 0.26070343, "iv": 76.01, "instrument_name": "BTC-26MAR21-9000-C", "index_price": 9061.14, "direction": "buy", "amount": 0.1}, {"trade_seq": 10, "trade_id": "84010944", "timestamp": 1593701082275, "tick_direction": 2, "price": 0.263, "mark_price": 0.26916205, "iv": 72.92, "instrument_name": "BTC-26MAR21-9000-C", "index_price": 9226.21, "direction": "sell", "amount": 1.5}, {"trade_seq": 9, "trade_id": "83984743", "timestamp": 1593657877108, "tick_direction": 0, "price": 0.2715, "mark_price": 0.2696528, "iv": 75.19, "instrument_name": "BTC-26MAR21-9000-C", "index_price": 9252.94, "direction": "buy", "amount": 1.5}, {"trade_seq": 8, "trade_id": "83802224", "timestamp": 1593394449958, "tick_direction": 1, "price": 0.269, "mark_price": 0.26413509, "iv": 76.23, "instrument_name": "BTC-26MAR21-9000-C", "index_price": 9114.82, "direction": "buy", "amount": 0.9}, {"trade_seq": 7, "trade_id": "83802223", "timestamp": 1593394449958, "tick_direction": 0, "price": 0.269, "mark_price": 0.26413509, "iv": 76.23, "instrument_name": "BTC-26MAR21-9000-C", "index_price": 9114.82, "direction": "buy", "amount": 0.1}, {"trade_seq": 6, "trade_id": "83750065", "timestamp": 1593328550614, "tick_direction": 2, "price": 0.256, "mark_price": 0.25905205, "iv": 73.82, "instrument_name": "BTC-26MAR21-9000-C", "index_price": 8996.83, "direction": "sell", "amount": 0.1}, {"trade_seq": 5, "trade_id": "83742534", "timestamp": 1593314012870, "tick_direction": 2, "price": 0.2635, "mark_price": 0.25972596, "iv": 76.49, "instrument_name": "BTC-26MAR21-9000-C", "index_price": 8964.53, "direction": "buy", "amount": 3.8}, {"trade_seq": 4, "trade_id": "83625212", "timestamp": 1593204334845, "tick_direction": 0, "price": 0.2775, "mark_price": 0.26863968, "iv": 77.51, "instrument_name": "BTC-26MAR21-9000-C", "index_price": 9200.95, "direction": "buy", "amount": 1.0}, {"trade_seq": 3, "trade_id": "83609431", "timestamp": 1593187335408, "tick_direction": 2, "price": 0.275, "mark_price": 0.26831061, "iv": 77.4, "instrument_name": "BTC-26MAR21-9000-C", "index_price": 9144.89, "direction": "sell", "amount": 1.0}, {"trade_seq": 2, "trade_id": "83606561", "timestamp": 1593184674024, "tick_direction": 0, "price": 0.3015, "mark_price": 0.26889894, "iv": 85.88, "instrument_name": "BTC-26MAR21-9000-C", "index_price": 9135.12, "direction": "buy", "amount": 0.1}, {"trade_seq": 1, "trade_id": "83565251", "timestamp": 1593160740526, "tick_direction": 1, "price": 0.27, "mark_price": 0.27357112, "iv": 76.36, "instrument_name": "BTC-26MAR21-9000-C", "index_price": 9122.34, "direction": "sell", "amount": 0.5}], "has_more": false}