{"trades": [{"trade_seq": 2087, "trade_id": "197149065", "timestamp": 1640874939528, "tick_direction": 3, "price": 0.0005, "mark_price": 0.00020661, "iv": 106.35, "instrument_name": "BTC-31DEC21-52000-C", "index_price": 47389.62, "direction": "buy", "amount": 1.0}, {"trade_seq": 2086, "trade_id": "197127944", "timestamp": 1640865313166, "tick_direction": 3, "price": 0.0005, "mark_price": 0.00041936, "iv": 95.85, "instrument_name": "BTC-31DEC21-52000-C", "index_price": 47551.22, "direction": "buy", "amount": 3.0}, {"trade_seq": 2085, "trade_id": "197092020", "timestamp": 1640848010860, "tick_direction": 3, "price": 0.0005, "mark_price": 0.00045563, "iv": 94.54, "instrument_name": "BTC-31DEC21-52000-C", "index_price": 47092.6, "direction": "buy", "amount": 3.0}, {"trade_seq": 2084, "trade_id": "197091871", "timestamp": 1640847933042, "tick_direction": 3, "price": 0.0005, "mark_price": 0.00043035, "iv": 95.39, "instrument_name": "BTC-31DEC21-52000-C", "index_price": 47047.48, "direction": "buy", "amount": 2.0}, {"trade_seq": 2083, "trade_id": "197074189", "timestamp": 1640832200189, "tick_direction": 3, "price": 0.0005, "mark_price": 0.00051047, "iv": 95.08, "instrument_name": "BTC-31DEC21-52000-C", "index_price": 46577.95, "direction": "buy", "amount": 0.3}, {"trade_seq": 2082, "trade_id": "197074188", "timestamp": 1640832200189, "tick_direction": 3, "price": 0.0005, "mark_price": 0.00051047, "iv": 95.08, "instrument_name": "BTC-31DEC21-52000-C", "index_price": 46577.95, "direction": "buy", "amount": 0.4}, {"trade_seq": 2081, "trade_id": "197071087", "timestamp": 1640829811110, "tick_direction": 3, "price": 0.0005, "mark_price": 0.00066236, "iv": 95.31, "instrument_name": "BTC-31DEC21-52000-C", "index_price": 46500.0, "direction": "sell", "amount": 0.3}, {"trade_seq": 2080, "trade_id": "197071086", "timestamp": 1640829811110, "tick_direction": 3, "price": 0.0005, "mark_price": 0.00066236, "iv": 95.31, "instrument_name": "BTC-31DEC21-52000-C", "index_price": 46500.0, "direction": "sell", "amount": 10.0}, {"trade_seq": 2079, "trade_id": "197071085", "timestamp": 1640829811110, "tick_direction": 3, "price": 0.0005, "mark_price": 0.00066236, "iv": 95.31, "instrument_name": "BTC-31DEC21-52000-C", "index_price": 46500.0, "direction": "sell", "amount": 1.0}, {"trade_seq": 2078, "trade_id": "197071084", "timestamp": 1640829811110, "tick_direction": 3, "price": 0.0005, "mark_price": 0.00066236, "iv": 95.31, "instrument_name": "BTC-31DEC21-52000-C", "index_price": 46500.0, "direction": "sell", "amount": 0.2}, {"trade_seq": 2077, "trade_id": "197071083", "timestamp": 1640829811110, "tick_direction": 3, "price": 0.0005, "mark_price": 0.00066236, "iv": 95.31, "instrument_name": "BTC-31DEC21-52000-C", "index_price": 46500.0, "direction": "sell", "amount": 2.0}, {"trade_seq": 2076, "trade_id": "197071082", "timestamp": 1640829811110, "tick_direction": 2, "price": 0.0005, "mark_price": 0.00066236, "iv": 95.31, "instrument_name": "BTC-31DEC21-52000-C", "index_price": 46500.0, "direction": "sell", "amount": 38.5}, {"trade_seq": 2075, "trade_id": "197069690", "timestamp": 1640828366085, "tick_direction": 0, "price": 0.001, "mark_price": 0.00076005, "iv": 104.36, "instrument_name": "BTC-31DEC21-52000-C", "index_price": 46636.2, "direction": "buy", "amount": 0.4}, {"trade_seq": 2074, "trade_id": "197049763", "timestamp": 1640822304496, "tick_direction": 3, "price": 0.0005, "mark_price": 0.00074273, "iv": 93.29, "instrument_name": "BTC-31DEC21-52000-C", "index_price": 46447.35, "direction": "sell", "amount": 0.2}, {"trade_seq": 2073, "trade_id": "197048877", "timestamp": 1640821955973, "tick_direction": 3, "price": 0.0005, "mark_price": 0.00078412, "iv": 93.07, "instrument_name": "BTC-31DEC21-52000-C", "index_price": 46444.39, "direction": "sell", "amount": 10.0}, {"trade_seq": 2072, "trade_id": "197023033", "timestamp": 1640811674942, "tick_direction": 3, "price": 0.0005, "mark_price": 0.00070184, "iv": 75.41, "instrument_name": "BTC-31DEC21-52000-C", "index_price": 47392.45, "direction": "sell", "amount": 2.3}, {"trade_seq": 2071, "trade_id": "197023032", "timestamp": 1640811674942, "tick_direction": 2, "price": 0.0005, "mark_price": 0.00070184, "iv": 75.41, "instrument_name": "BTC-31DEC21-52000-C", "index_price": 47392.45, "direction": "sell", "amount": 0.1}, {"trade_seq": 2070, "trade_id": "197012068", "timestamp": 1640805902133, "tick_direction": 0, "price": 0.001, "mark_price": 0.00073449, "iv": 83.24, "instrument_name": "BTC-31DEC21-52000-C", "index_price": 47407.08, "direction": "buy", "amount": 1.5}, {"trade_seq": 2069, "trade_id": "197006971", "timestamp": 1640802908721, "tick_direction": 2, "price": 0.0005, "mark_price": 0.00077492, "iv": 67.81, "instrument_name": "BTC-31DEC21-52000-C", "index_price": 47766.38, "direction": "sell", "amount": 0.1}, {"trade_seq": 2068, "trade_id": "196996620", "timestamp": 1640794378184, "tick_direction": 1, "price": 0.001, "mark_price": 0.00112809, "iv": 73.33, "instrument_name": "BTC-31DEC21-52000-C", "index_price": 47856.7, "direction": "sell", "amount": 0.1}, {"trade_seq": 2067, "trade_id": "196990438", "timestamp": 1640791100163, "tick_direction": 1, "price": 0.001, "mark_price": 0.00119176, "iv": 72.69, "instrument_name": "BTC-31DEC21-52000-C", "index_price": 47821.68, "direction": "buy", "amount": 6.0}, {"trade_seq": 2066, "trade_id": "196990420", "timestamp": 1640791090079, "tick_direction": 1, "price": 0.001, "mark_price": 0.00116334, "iv": 73.18, "instrument_name": "BTC-31DEC21-52000-C", "index_price": 47788.24, "direction": "sell", "amount": 0.4}, {"trade_seq": 2065, "trade_id": "196973149", "timestamp": 1640786183291, "tick_direction": 1, "price": 0.001, "mark_price": 0.00100529, "iv": 77.28, "instrument_name": "BTC-31DEC21-52000-C", "index_price": 47438.69, "direction": "buy", "amount": 0.1}, {"trade_seq": 2064, "trade_id": "196971499", "timestamp": 1640785923054, "tick_direction": 1, "price": 0.001, "mark_price": 0.00087704, "iv": 80.55, "instrument_name": "BTC-31DEC21-52000-C", "index_price": 47189.18, "direction": "buy", "amount": 4.9}, {"trade_seq": 2063, "trade_id": "196971498", "timestamp": 1640785923054, "tick_direction": 1, "price": 0.001, "mark_price": 0.00087704, "iv": 80.55, "instrument_name": "BTC-31DEC21-52000-C", "index_price": 47189.18, "direction": "buy", "amount": 0.1}, {"trade_seq": 2062, "trade_id": "196967738", "timestamp": 1640785095187, "tick_direction": 0, "price": 0.001, "mark_price": 0.00071302, "iv": 86.54, "instrument_name": "BTC-31DEC21-52000-C", "index_price": 46764.4, "direction": "buy", "amount": 0.1}, {"trade_seq": 2061, "trade_id": "196961840", "timestamp": 1640783904805, "tick_direction": 3, "price": 0.0005, "mark_price": 0.0006923, "iv": 75.35, "instrument_name": "BTC-31DEC21-52000-C", "index_price": 46856.65, "direction": "sell", "amount": 0.3}, {"trade_seq": 2060, "trade_id": "196947988", "timestamp": 1640780151205, "tick_direction": 3, "price": 0.0005, "mark_price": 0.00053583, "iv": 72.85, "instrument_name": "BTC-31DEC21-52000-C", "index_price": 46951.85, "direction": "sell", "amount": 0.1}, {"trade_seq": 2059, "trade_id": "196947987", "timestamp": 1640780151205, "tick_direction": 2, "price": 0.0005, "mark_price": 0.00053583, "iv": 72.85, "instrument_name": "BTC-31DEC21-52000-C", "index_price": 46951.85, "direction": "sell", "amount": 0.1}, {"trade_seq": 2058, "trade_id": "196935303", "timestamp": 1640775139673, "tick_direction": 0, "price": 0.0015, "mark_price": 0.00094607, "iv": 77.06, "instrument_name": "BTC-31DEC21-52000-C", "index_price": 47701.72, "direction": "buy", "amount": 0.1}, {"trade_seq": 2057, "trade_id": "196931757", "timestamp": 1640772062222, "tick_direction": 3, "price": 0.001, "mark_price": 0.00115924, "iv": 67.44, "instrument_name": "BTC-31DEC21-52000-C", "index_price": 47900.55, "direction": "sell", "amount": 0.2}, {"trade_seq": 2056, "trade_id": "196931754", "timestamp": 1640772061858, "tick_direction": 3, "price": 0.001, "mark_price": 0.00115924, "iv": 67.44, "instrument_name": "BTC-31DEC21-52000-C", "index_price": 47897.28, "direction": "sell", "amount": 0.2}, {"trade_seq": 2055, "trade_id": "196931749", "timestamp": 1640772061449, "tick_direction": 3, "price": 0.001, "mark_price": 0.00116289, "iv": 67.44, "instrument_name": "BTC-31DEC21-52000-C", "index_price": 47897.28, "direction": "sell", "amount": 0.2}, {"trade_seq": 2054, "trade_id": "196931747", "timestamp": 1640772061093, "tick_direction": 3, "price": 0.001, "mark_price": 0.00116289, "iv": 67.39, "instrument_name": "BTC-31DEC21-52000-C", "index_price": 47899.74, "direction": "sell", "amount": 0.2}, {"trade_seq": 2053, "trade_id": "196931744", "timestamp": 1640772060671, "tick_direction": 3, "price": 0.001, "mark_price": 0.00116298, "iv": 67.39, "instrument_name": "BTC-31DEC21-52000-C", "index_price": 47899.74, "direction": "sell", "amount": 0.2}, {"trade_seq": 2052, "trade_id": "196931473", "timestamp": 1640772000342, "tick_direction": 3, "price": 0.001, "mark_price": 0.00121817, "iv": 66.69, "instrument_name": "BTC-31DEC21-52000-C", "index_price": 47946.71, "direction": "sell", "amount": 0.2}, {"trade_seq": 2051, "trade_id": "196928885", "timestamp": 1640771412409, "tick_direction": 3, "price": 0.001, "mark_price": 0.0014622, "iv": 66.87, "instrument_name": "BTC-31DEC21-52000-C", "index_price": 47915.77, "direction": "sell", "amount": 0.1}, {"trade_seq": 2050, "trade_id": "196918234", "timestamp": 1640765669021, "tick_direction": 3, "price": 0.001, "mark_price": 0.00127572, "iv": 68.64, "instrument_name": "BTC-31DEC21-52000-C", "index_price": 47712.6, "direction": "sell", "amount": 0.3}, {"trade_seq": 2049, "trade_id": "196918187", "timestamp": 1640765642266, "tick_direction": 3, "price": 0.001, "mark_price": 0.00129559, "iv": 68.45, "instrument_name": "BTC-31DEC21-52000-C", "index_price": 47730.19, "direction": "sell", "amount": 0.1}, {"trade_seq": 2048, "trade_id": "196917774", "timestamp": 1640765302198, "tick_direction": 3, "price": 0.001, "mark_price": 0.00125311, "iv": 69.28, "instrument_name": "BTC-31DEC21-52000-C", "index_price": 47662.89, "direction": "sell", "amount": 0.7}, {"trade_seq": 2047, "trade_id": "196917530", "timestamp": 1640765111693, "tick_direction": 3, "price": 0.001, "mark_price": 0.00128146, "iv": 69.27, "instrument_name": "BTC-31DEC21-52000-C", "index_price": 47660.36, "direction": "sell", "amount": 2.7}, {"trade_seq": 2046, "trade_id": "196917289", "timestamp": 1640764974144, "tick_direction": 3, "price": 0.001, "mark_price": 0.00128649, "iv": 69.61, "instrument_name": "BTC-31DEC21-52000-C", "index_price": 47625.46, "direction": "sell", "amount": 0.1}, {"trade_seq": 2045, "trade_id": "196913983", "timestamp": 1640762913665, "tick_direction": 3, "price": 0.001, "mark_price": 0.00127709, "iv": 68.86, "instrument_name": "BTC-31DEC21-52000-C", "index_price": 47654.31, "direction": "sell", "amount": 0.1}, {"trade_seq": 2044, "trade_id": "196913518", "timestamp": 1640762492402, "tick_direction": 3, "price": 0.001, "mark_price": 0.00125538, "iv": 69.08, "instrument_name": "BTC-31DEC21-52000-C", "index_price": 47656.13, "direction": "sell", "amount": 0.1}, {"trade_seq": 2043, "trade_id": "196913517", "timestamp": 1640762492402, "tick_direction": 3, "price": 0.001, "mark_price": 0.00125538, "iv": 69.08, "instrument_name": "BTC-31DEC21-52000-C", "index_price": 47656.13, "direction": "sell", "amount": 0.2}, {"trade_seq": 2042, "trade_id": "196913516", "timestamp": 1640762492402, "tick_direction": 3, "price": 0.001, "mark_price": 0.00125538, "iv": 69.08, "instrument_name": "BTC-31DEC21-52000-C", "index_price": 47656.13, "direction": "sell", "amount": 0.3}, {"trade_seq": 2041, "trade_id": "196913515", "timestamp": 1640762492402, "tick_direction": 2, "price": 0.001, "mark_price": 0.00125538, "iv": 69.08, "instrument_name": "BTC-31DEC21-52000-C", "index_price": 47656.13, "direction": "sell", "amount": 0.4}, {"trade_seq": 2040, "trade_id": "196910454", "timestamp": 1640760402968, "tick_direction": 2, "price": 0.0015, "mark_price": 0.0015158, "iv": 71.78, "instrument_name": "BTC-31DEC21-52000-C", "index_price": 47852.18, "direction": "sell", "amount": 0.1}, {"trade_seq": 2039, "trade_id": "196908522", "timestamp": 1640759063449, "tick_direction": 0, "price": 0.002, "mark_price": 0.00146156, "iv": 74.57, "instrument_name": "BTC-31DEC21-52000-C", "index_price": 47966.81, "direction": "buy", "amount": 2.0}, {"trade_seq": 2038, "trade_id": "196905997", "timestamp": 1640756842836, "tick_direction": 3, "price": 0.0015, "mark_price": 0.0017463, "iv": 71.31, "instrument_name": "BTC-31DEC21-52000-C", "index_price": 47830.25, "direction": "sell", "amount": 0.3}, {"trade_seq": 2037, "trade_id": "196905996", "timestamp": 1640756842836, "tick_direction": 3, "price": 0.0015, "mark_price": 0.0017463, "iv": 71.31, "instrument_name": "BTC-31DEC21-52000-C", "index_price": 47830.25, "direction": "sell", "amount": 0.2}, {"trade_seq": 2036, "trade_id": "196905995", "timestamp": 1640756842836, "tick_direction": 3, "price": 0.0015, "mark_price": 0.0017463, "iv": 71.31, "instrument_name": "BTC-31DEC21-52000-C", "index_price": 47830.25, "direction": "sell", "amount": 0.5}, {"trade_seq": 2035, "trade_id": "196895752", "timestamp": 1640748770063, "tick_direction": 2, "price": 0.0015, "mark_price": 0.00171283, "iv": 67.91, "instrument_name": "BTC-31DEC21-52000-C", "index_price": 47959.46, "direction": "sell", "amount": 0.4}, {"trade_seq": 2034, "trade_id": "196878640", "timestamp": 1640733996885, "tick_direction": 0, "price": 0.002, "mark_price": 0.00196001, "iv": 73.26, "instrument_name": "BTC-31DEC21-52000-C", "index_price": 47704.68, "direction": "sell", "amount": 2.3}, {"trade_seq": 2033, "trade_id": "196876134", "timestamp": 1640732002132, "tick_direction": 2, "price": 0.0015, "mark_price": 0.00198909, "iv": 68.7, "instrument_name": "BTC-31DEC21-52000-C", "index_price": 47692.72, "direction": "sell", "amount": 0.1}, {"trade_seq": 2032, "trade_id": "196864892", "timestamp": 1640722448787, "tick_direction": 3, "price": 0.002, "mark_price": 0.0023807, "iv": 70.65, "instrument_name": "BTC-31DEC21-52000-C", "index_price": 47743.28, "direction": "sell", "amount": 2.0}, {"trade_seq": 2031, "trade_id": "196864535", "timestamp": 1640722211863, "tick_direction": 3, "price": 0.002, "mark_price": 0.0023175, "iv": 71.35, "instrument_name": "BTC-31DEC21-52000-C", "index_price": 47693.61, "direction": "sell", "amount": 3.6}, {"trade_seq": 2030, "trade_id": "196864534", "timestamp": 1640722211863, "tick_direction": 3, "price": 0.002, "mark_price": 0.0023175, "iv": 71.35, "instrument_name": "BTC-31DEC21-52000-C", "index_price": 47693.61, "direction": "sell", "amount": 0.2}, {"trade_seq": 2029, "trade_id": "196864533", "timestamp": 1640722211863, "tick_direction": 3, "price": 0.002, "mark_price": 0.0023175, "iv": 71.35, "instrument_name": "BTC-31DEC21-52000-C", "index_price": 47693.61, "direction": "sell", "amount": 0.1}, {"trade_seq": 2028, "trade_id": "196864532", "timestamp": 1640722211863, "tick_direction": 2, "price": 0.002, "mark_price": 0.0023175, "iv": 71.35, "instrument_name": "BTC-31DEC21-52000-C", "index_price": 47693.61, "direction": "sell", "amount": 0.1}, {"trade_seq": 2027, "trade_id": "196862843", "timestamp": 1640720799542, "tick_direction": 3, "price": 0.0025, "mark_price": 0.0024939, "iv": 75.59, "instrument_name": "BTC-31DEC21-52000-C", "index_price": 47663.71, "direction": "sell", "amount": 0.8}, {"trade_seq": 2026, "trade_id": "196862837", "timestamp": 1640720788860, "tick_direction": 3, "price": 0.0025, "mark_price": 0.00249768, "iv": 75.5, "instrument_name": "BTC-31DEC21-52000-C", "index_price": 47672.7, "direction": "sell", "amount": 1.2}, {"trade_seq": 2025, "trade_id": "196862796", "timestamp": 1640720732669, "tick_direction": 3, "price": 0.0025, "mark_price": 0.00243347, "iv": 75.49, "instrument_name": "BTC-31DEC21-52000-C", "index_price": 47672.76, "direction": "sell", "amount": 1.2}, {"trade_seq": 2024, "trade_id": "196862742", "timestamp": 1640720688074, "tick_direction": 3, "price": 0.0025, "mark_price": 0.00236854, "iv": 75.56, "instrument_name": "BTC-31DEC21-52000-C", "index_price": 47665.07, "direction": "sell", "amount": 1.2}, {"trade_seq": 2023, "trade_id": "196862711", "timestamp": 1640720669937, "tick_direction": 3, "price": 0.0025, "mark_price": 0.00234261, "iv": 75.53, "instrument_name": "BTC-31DEC21-52000-C", "index_price": 47675.51, "direction": "sell", "amount": 1.2}, {"trade_seq": 2022, "trade_id": "196862708", "timestamp": 1640720669627, "tick_direction": 3, "price": 0.0025, "mark_price": 0.00234261, "iv": 75.53, "instrument_name": "BTC-31DEC21-52000-C", "index_price": 47675.51, "direction": "sell", "amount": 4.4}, {"trade_seq": 2021, "trade_id": "196853702", "timestamp": 1640717715471, "tick_direction": 3, "price": 0.0025, "mark_price": 0.00226415, "iv": 74.24, "instrument_name": "BTC-31DEC21-52000-C", "index_price": 47730.02, "direction": "buy", "amount": 0.1}, {"trade_seq": 2020, "trade_id": "196846629", "timestamp": 1640714168737, "tick_direction": 3, "price": 0.0025, "mark_price": 0.00246272, "iv": 70.47, "instrument_name": "BTC-31DEC21-52000-C", "index_price": 47959.8, "direction": "buy", "amount": 0.8}, {"trade_seq": 2019, "trade_id": "196846628", "timestamp": 1640714165324, "tick_direction": 3, "price": 0.0025, "mark_price": 0.00246325, "iv": 70.47, "instrument_name": "BTC-31DEC21-52000-C", "index_price": 47959.44, "direction": "buy", "amount": 1.2}, {"trade_seq": 2018, "trade_id": "196842205", "timestamp": 1640712986324, "tick_direction": 3, "price": 0.0025, "mark_price": 0.00235571, "iv": 72.79, "instrument_name": "BTC-31DEC21-52000-C", "index_price": 47777.18, "direction": "sell", "amount": 0.5}, {"trade_seq": 2017, "trade_id": "196841893", "timestamp": 1640712975457, "tick_direction": 3, "price": 0.0025, "mark_price": 0.00242621, "iv": 72.42, "instrument_name": "BTC-31DEC21-52000-C", "index_price": 47799.01, "direction": "sell", "amount": 3.2}, {"trade_seq": 2016, "trade_id": "196841778", "timestamp": 1640712972607, "tick_direction": 3, "price": 0.0025, "mark_price": 0.00244346, "iv": 72.04, "instrument_name": "BTC-31DEC21-52000-C", "index_price": 47828.05, "direction": "sell", "amount": 2.3}, {"trade_seq": 2015, "trade_id": "196838845", "timestamp": 1640712708786, "tick_direction": 2, "price": 0.0025, "mark_price": 0.00232334, "iv": 71.22, "instrument_name": "BTC-31DEC21-52000-C", "index_price": 47901.74, "direction": "sell", "amount": 0.1}, {"trade_seq": 2014, "trade_id": "196828491", "timestamp": 1640709260912, "tick_direction": 2, "price": 0.003, "mark_price": 0.00351412, "iv": 64.89, "instrument_name": "BTC-31DEC21-52000-C", "index_price": 48547.43, "direction": "sell", "block_trade_id": "28334", "amount": 25.0}, {"trade_seq": 2013, "trade_id": "196824345", "timestamp": 1640708752220, "tick_direction": 3, "price": 0.0035, "mark_price": 0.00374245, "iv": 68.91, "instrument_name": "BTC-31DEC21-52000-C", "index_price": 48454.55, "direction": "sell", "amount": 0.3}, {"trade_seq": 2012, "trade_id": "196824344", "timestamp": 1640708752220, "tick_direction": 3, "price": 0.0035, "mark_price": 0.00374245, "iv": 68.91, "instrument_name": "BTC-31DEC21-52000-C", "index_price": 48454.55, "direction": "sell", "amount": 1.0}, {"trade_seq": 2011, "trade_id": "196824343", "timestamp": 1640708752220, "tick_direction": 2, "price": 0.0035, "mark_price": 0.00374245, "iv": 68.91, "instrument_name": "BTC-31DEC21-52000-C", "index_price": 48454.55, "direction": "sell", "amount": 50.0}, {"trade_seq": 2010, "trade_id": "196814620", "timestamp": 1640706196923, "tick_direction": 2, "price": 0.0045, "mark_price": 0.00472577, "iv": 65.84, "instrument_name": "BTC-31DEC21-52000-C", "index_price": 48999.86, "direction": "sell", "amount": 0.1}, {"trade_seq": 2009, "trade_id": "196783949", "timestamp": 1640697603105, "tick_direction": 3, "price": 0.005, "mark_price": 0.00530533, "iv": 65.32, "instrument_name": "BTC-31DEC21-52000-C", "index_price": 49134.34, "direction": "sell", "amount": 1.0}, {"trade_seq": 2008, "trade_id": "196777770", "timestamp": 1640693621448, "tick_direction": 3, "price": 0.005, "mark_price": 0.0054059, "iv": 64.47, "instrument_name": "BTC-31DEC21-52000-C", "index_price": 49157.45, "direction": "sell", "amount": 1.0}, {"trade_seq": 2007, "trade_id": "196777462", "timestamp": 1640693341443, "tick_direction": 3, "price": 0.005, "mark_price": 0.00547948, "iv": 64.19, "instrument_name": "BTC-31DEC21-52000-C", "index_price": 49177.35, "direction": "sell", "amount": 0.1}, {"trade_seq": 2006, "trade_id": "196775246", "timestamp": 1640691548888, "tick_direction": 3, "price": 0.005, "mark_price": 0.00547575, "iv": 63.71, "instrument_name": "BTC-31DEC21-52000-C", "index_price": 49183.66, "direction": "sell", "amount": 0.1}, {"trade_seq": 2005, "trade_id": "196772222", "timestamp": 1640689308813, "tick_direction": 3, "price": 0.005, "mark_price": 0.0051152, "iv": 65.7, "instrument_name": "BTC-31DEC21-52000-C", "index_price": 49031.03, "direction": "sell", "amount": 3.9}, {"trade_seq": 2004, "trade_id": "196761125", "timestamp": 1640686261336, "tick_direction": 3, "price": 0.005, "mark_price": 0.00449722, "iv": 68.23, "instrument_name": "BTC-31DEC21-52000-C", "index_price": 48825.75, "direction": "sell", "amount": 26.3}, {"trade_seq": 2003, "trade_id": "196760954", "timestamp": 1640686245717, "tick_direction": 3, "price": 0.005, "mark_price": 0.0045011, "iv": 67.9, "instrument_name": "BTC-31DEC21-52000-C", "index_price": 48867.4, "direction": "sell", "amount": 2.9}, {"trade_seq": 2002, "trade_id": "196760880", "timestamp": 1640686243457, "tick_direction": 3, "price": 0.005, "mark_price": 0.00459751, "iv": 67.46, "instrument_name": "BTC-31DEC21-52000-C", "index_price": 48886.24, "direction": "sell", "amount": 1.8}, {"trade_seq": 2001, "trade_id": "196760839", "timestamp": 1640686241454, "tick_direction": 3, "price": 0.005, "mark_price": 0.0047752, "iv": 66.56, "instrument_name": "BTC-31DEC21-52000-C", "index_price": 48905.68, "direction": "sell", "amount": 0.1}, {"trade_seq": 2000, "trade_id": "196760838", "timestamp": 1640686241409, "tick_direction": 3, "price": 0.005, "mark_price": 0.0047752, "iv": 66.56, "instrument_name": "BTC-31DEC21-52000-C", "index_price": 48905.68, "direction": "sell", "amount": 2.7}, {"trade_seq": 1999, "trade_id": "196760130", "timestamp": 1640686210292, "tick_direction": 3, "price": 0.005, "mark_price": 0.00461899, "iv": 67.04, "instrument_name": "BTC-31DEC21-52000-C", "index_price": 48922.97, "direction": "sell", "amount": 2.2}, {"trade_seq": 1998, "trade_id": "196759623", "timestamp": 1640686202828, "tick_direction": 3, "price": 0.005, "mark_price": 0.00478195, "iv": 66.17, "instrument_name": "BTC-31DEC21-52000-C", "index_price": 48961.29, "direction": "sell", "amount": 8.8}, {"trade_seq": 1997, "trade_id": "196759622", "timestamp": 1640686202795, "tick_direction": 3, "price": 0.005, "mark_price": 0.00478195, "iv": 66.17, "instrument_name": "BTC-31DEC21-52000-C", "index_price": 48961.29, "direction": "sell", "amount": 2.6}, {"trade_seq": 1996, "trade_id": "196759584", "timestamp": 1640686202471, "tick_direction": 3, "price": 0.005, "mark_price": 0.00478195, "iv": 66.17, "instrument_name": "BTC-31DEC21-52000-C", "index_price": 48961.29, "direction": "sell", "amount": 0.5}, {"trade_seq": 1995, "trade_id": "196759576", "timestamp": 1640686202414, "tick_direction": 3, "price": 0.005, "mark_price": 0.00478195, "iv": 66.17, "instrument_name": "BTC-31DEC21-52000-C", "index_price": 48961.29, "direction": "sell", "amount": 0.2}, {"trade_seq": 1994, "trade_id": "196759568", "timestamp": 1640686202264, "tick_direction": 3, "price": 0.005, "mark_price": 0.00478195, "iv": 66.17, "instrument_name": "BTC-31DEC21-52000-C", "index_price": 48961.29, "direction": "sell", "amount": 1.8}, {"trade_seq": 1993, "trade_id": "196757674", "timestamp": 1640685677084, "tick_direction": 2, "price": 0.005, "mark_price": 0.00532291, "iv": 63.99, "instrument_name": "BTC-31DEC21-52000-C", "index_price": 49103.41, "direction": "sell", "amount": 0.1}, {"trade_seq": 1992, "trade_id": "196752650", "timestamp": 1640683391501, "tick_direction": 1, "price": 0.006, "mark_price": 0.00582246, "iv": 64.83, "instrument_name": "BTC-31DEC21-52000-C", "index_price": 49311.59, "direction": "buy", "amount": 2.1}, {"trade_seq": 1991, "trade_id": "196745965", "timestamp": 1640679675677, "tick_direction": 0, "price": 0.006, "mark_price": 0.00610592, "iv": 63.93, "instrument_name": "BTC-31DEC21-52000-C", "index_price": 49360.0, "direction": "buy", "amount": 0.2}, {"trade_seq": 1990, "trade_id": "196743841", "timestamp": 1640678916131, "tick_direction": 3, "price": 0.0055, "mark_price": 0.00575268, "iv": 64.32, "instrument_name": "BTC-31DEC21-52000-C", "index_price": 49194.39, "direction": "sell", "amount": 0.5}, {"trade_seq": 1989, "trade_id": "196743831", "timestamp": 1640678896767, "tick_direction": 3, "price": 0.0055, "mark_price": 0.00575409, "iv": 64.32, "instrument_name": "BTC-31DEC21-52000-C", "index_price": 49194.92, "direction": "sell", "amount": 1.0}, {"trade_seq": 1988, "trade_id": "196742618", "timestamp": 1640678314403, "tick_direction": 2, "price": 0.0055, "mark_price": 0.00582816, "iv": 63.35, "instrument_name": "BTC-31DEC21-52000-C", "index_price": 49238.01, "direction": "sell", "amount": 0.1}, {"trade_seq": 1987, "trade_id": "196742517", "timestamp": 1640678219520, "tick_direction": 3, "price": 0.006, "mark_price": 0.00564718, "iv": 65.7, "instrument_name": "BTC-31DEC21-52000-C", "index_price": 49225.97, "direction": "buy", "amount": 2.5}, {"trade_seq": 1986, "trade_id": "196742516", "timestamp": 1640678219520, "tick_direction": 3, "price": 0.006, "mark_price": 0.00564718, "iv": 65.7, "instrument_name": "BTC-31DEC21-52000-C", "index_price": 49225.97, "direction": "buy", "amount": 0.2}, {"trade_seq": 1985, "trade_id": "196742515", "timestamp": 1640678217547, "tick_direction": 3, "price": 0.006, "mark_price": 0.00564626, "iv": 65.71, "instrument_name": "BTC-31DEC21-52000-C", "index_price": 49227.13, "direction": "buy", "amount": 14.3}, {"trade_seq": 1984, "trade_id": "196742514", "timestamp": 1640678217547, "tick_direction": 3, "price": 0.006, "mark_price": 0.00564626, "iv": 65.71, "instrument_name": "BTC-31DEC21-52000-C", "index_price": 49227.13, "direction": "buy", "amount": 2.7}, {"trade_seq": 1983, "trade_id": "196742513", "timestamp": 1640678217547, "tick_direction": 3, "price": 0.006, "mark_price": 0.00564626, "iv": 65.71, "instrument_name": "BTC-31DEC21-52000-C", "index_price": 49227.13, "direction": "buy", "amount": 0.2}, {"trade_seq": 1982, "trade_id": "196742512", "timestamp": 1640678217547, "tick_direction": 2, "price": 0.006, "mark_price": 0.00564626, "iv": 65.71, "instrument_name": "BTC-31DEC21-52000-C", "index_price": 49227.13, "direction": "buy", "amount": 2.8}, {"trade_seq": 1981, "trade_id": "196741003", "timestamp": 1640677231445, "tick_direction": 0, "price": 0.0198, "mark_price": 0.00537182, "iv": 114.61, "instrument_name": "BTC-31DEC21-52000-C", "index_price": 49125.84, "direction": "buy", "block_trade_id": "28266", "amount": 75.0}, {"trade_seq": 1980, "trade_id": "196739283", "timestamp": 1640675908223, "tick_direction": 2, "price": 0.0055, "mark_price": 0.00590781, "iv": 62.25, "instrument_name": "BTC-31DEC21-52000-C", "index_price": 49299.07, "direction": "sell", "amount": 3.0}, {"trade_seq": 1979, "trade_id": "196735735", "timestamp": 1640674120813, "tick_direction": 1, "price": 0.006, "mark_price": 0.00575675, "iv": 64.88, "instrument_name": "BTC-31DEC21-52000-C", "index_price": 49244.76, "direction": "buy", "amount": 0.5}, {"trade_seq": 1978, "trade_id": "196735539", "timestamp": 1640674049919, "tick_direction": 1, "price": 0.006, "mark_price": 0.00585487, "iv": 64.48, "instrument_name": "BTC-31DEC21-52000-C", "index_price": 49273.66, "direction": "sell", "amount": 1.3}, {"trade_seq": 1977, "trade_id": "196735538", "timestamp": 1640674049916, "tick_direction": 1, "price": 0.006, "mark_price": 0.00585487, "iv": 64.48, "instrument_name": "BTC-31DEC21-52000-C", "index_price": 49273.66, "direction": "buy", "amount": 2.2}, {"trade_seq": 1976, "trade_id": "196735537", "timestamp": 1640674049916, "tick_direction": 0, "price": 0.006, "mark_price": 0.00585487, "iv": 64.48, "instrument_name": "BTC-31DEC21-52000-C", "index_price": 49273.66, "direction": "buy", "amount": 0.5}, {"trade_seq": 1975, "trade_id": "196733379", "timestamp": 1640672491639, "tick_direction": 3, "price": 0.0055, "mark_price": 0.00577208, "iv": 62.6, "instrument_name": "BTC-31DEC21-52000-C", "index_price": 49252.51, "direction": "sell", "amount": 0.2}, {"trade_seq": 1974, "trade_id": "196733378", "timestamp": 1640672491639, "tick_direction": 3, "price": 0.0055, "mark_price": 0.00577208, "iv": 62.6, "instrument_name": "BTC-31DEC21-52000-C", "index_price": 49252.51, "direction": "sell", "amount": 0.2}, {"trade_seq": 1973, "trade_id": "196730112", "timestamp": 1640670096425, "tick_direction": 3, "price": 0.0055, "mark_price": 0.0055383, "iv": 63.5, "instrument_name": "BTC-31DEC21-52000-C", "index_price": 49159.68, "direction": "buy", "amount": 0.9}, {"trade_seq": 1972, "trade_id": "196729729", "timestamp": 1640669873448, "tick_direction": 3, "price": 0.0055, "mark_price": 0.00577677, "iv": 64.02, "instrument_name": "BTC-31DEC21-52000-C", "index_price": 49125.39, "direction": "sell", "amount": 0.1}, {"trade_seq": 1971, "trade_id": "196727446", "timestamp": 1640668653211, "tick_direction": 2, "price": 0.0055, "mark_price": 0.00586049, "iv": 63.37, "instrument_name": "BTC-31DEC21-52000-C", "index_price": 49172.17, "direction": "sell", "amount": 1.3}, {"trade_seq": 1970, "trade_id": "196724689", "timestamp": 1640667147955, "tick_direction": 1, "price": 0.006, "mark_price": 0.00613477, "iv": 65.58, "instrument_name": "BTC-31DEC21-52000-C", "index_price": 49153.33, "direction": "sell", "amount": 2.7}, {"trade_seq": 1969, "trade_id": "196724441", "timestamp": 1640667075746, "tick_direction": 1, "price": 0.006, "mark_price": 0.0062114, "iv": 65.26, "instrument_name": "BTC-31DEC21-52000-C", "index_price": 49166.69, "direction": "sell", "amount": 21.9}, {"trade_seq": 1968, "trade_id": "196724440", "timestamp": 1640667075746, "tick_direction": 1, "price": 0.006, "mark_price": 0.0062114, "iv": 65.26, "instrument_name": "BTC-31DEC21-52000-C", "index_price": 49166.69, "direction": "sell", "amount": 8.1}, {"trade_seq": 1967, "trade_id": "196723931", "timestamp": 1640666916542, "tick_direction": 1, "price": 0.006, "mark_price": 0.00605734, "iv": 65.68, "instrument_name": "BTC-31DEC21-52000-C", "index_price": 49135.28, "direction": "sell", "amount": 0.1}, {"trade_seq": 1966, "trade_id": "196723023", "timestamp": 1640666661677, "tick_direction": 0, "price": 0.006, "mark_price": 0.00585353, "iv": 66.25, "instrument_name": "BTC-31DEC21-52000-C", "index_price": 49088.47, "direction": "sell", "amount": 2.1}, {"trade_seq": 1965, "trade_id": "196720641", "timestamp": 1640666145264, "tick_direction": 3, "price": 0.005, "mark_price": 0.0050776, "iv": 65.8, "instrument_name": "BTC-31DEC21-52000-C", "index_price": 48834.6, "direction": "sell", "amount": 0.1}, {"trade_seq": 1964, "trade_id": "196720640", "timestamp": 1640666145264, "tick_direction": 3, "price": 0.005, "mark_price": 0.0050776, "iv": 65.8, "instrument_name": "BTC-31DEC21-52000-C", "index_price": 48834.6, "direction": "sell", "amount": 14.0}, {"trade_seq": 1963, "trade_id": "196720639", "timestamp": 1640666145264, "tick_direction": 3, "price": 0.005, "mark_price": 0.0050776, "iv": 65.8, "instrument_name": "BTC-31DEC21-52000-C", "index_price": 48834.6, "direction": "sell", "amount": 0.5}, {"trade_seq": 1962, "trade_id": "196718670", "timestamp": 1640665872008, "tick_direction": 2, "price": 0.005, "mark_price": 0.00564471, "iv": 63.0, "instrument_name": "BTC-31DEC21-52000-C", "index_price": 49021.32, "direction": "sell", "amount": 2.0}, {"trade_seq": 1961, "trade_id": "196718477", "timestamp": 1640665839600, "tick_direction": 1, "price": 0.0055, "mark_price": 0.0054455, "iv": 65.97, "instrument_name": "BTC-31DEC21-52000-C", "index_price": 48955.28, "direction": "buy", "amount": 2.7}, {"trade_seq": 1960, "trade_id": "196718476", "timestamp": 1640665839577, "tick_direction": 0, "price": 0.0055, "mark_price": 0.0054455, "iv": 65.97, "instrument_name": "BTC-31DEC21-52000-C", "index_price": 48955.28, "direction": "buy", "amount": 10.0}, {"trade_seq": 1959, "trade_id": "196713662", "timestamp": 1640665182661, "tick_direction": 3, "price": 0.005, "mark_price": 0.00462499, "iv": 66.62, "instrument_name": "BTC-31DEC21-52000-C", "index_price": 48748.89, "direction": "sell", "amount": 9.7}, {"trade_seq": 1958, "trade_id": "196713661", "timestamp": 1640665182661, "tick_direction": 3, "price": 0.005, "mark_price": 0.00462499, "iv": 66.62, "instrument_name": "BTC-31DEC21-52000-C", "index_price": 48748.89, "direction": "sell", "amount": 0.2}, {"trade_seq": 1957, "trade_id": "196713660", "timestamp": 1640665182661, "tick_direction": 2, "price": 0.005, "mark_price": 0.00462499, "iv": 66.62, "instrument_name": "BTC-31DEC21-52000-C", "index_price": 48748.89, "direction": "sell", "amount": 0.1}, {"trade_seq": 1956, "trade_id": "196707397", "timestamp": 1640664654013, "tick_direction": 3, "price": 0.008, "mark_price": 0.00806595, "iv": 63.55, "instrument_name": "BTC-31DEC21-52000-C", "index_price": 49731.11, "direction": "buy", "amount": 2.0}, {"trade_seq": 1955, "trade_id": "196703703", "timestamp": 1640663542606, "tick_direction": 3, "price": 0.008, "mark_price": 0.00860526, "iv": 64.17, "instrument_name": "BTC-31DEC21-52000-C", "index_price": 49676.1, "direction": "buy", "amount": 3.0}, {"trade_seq": 1954, "trade_id": "196703702", "timestamp": 1640663542603, "tick_direction": 3, "price": 0.008, "mark_price": 0.00860526, "iv": 64.17, "instrument_name": "BTC-31DEC21-52000-C", "index_price": 49676.1, "direction": "sell", "amount": 0.1}, {"trade_seq": 1953, "trade_id": "196703701", "timestamp": 1640663542603, "tick_direction": 3, "price": 0.008, "mark_price": 0.00860526, "iv": 64.17, "instrument_name": "BTC-31DEC21-52000-C", "index_price": 49676.1, "direction": "sell", "amount": 12.0}, {"trade_seq": 1952, "trade_id": "196703700", "timestamp": 1640663542603, "tick_direction": 3, "price": 0.008, "mark_price": 0.00860526, "iv": 64.17, "instrument_name": "BTC-31DEC21-52000-C", "index_price": 49676.1, "direction": "sell", "amount": 24.0}, {"trade_seq": 1951, "trade_id": "196703699", "timestamp": 1640663542603, "tick_direction": 3, "price": 0.008, "mark_price": 0.00860526, "iv": 64.17, "instrument_name": "BTC-31DEC21-52000-C", "index_price": 49676.1, "direction": "sell", "amount": 5.8}, {"trade_seq": 1950, "trade_id": "196703698", "timestamp": 1640663542603, "tick_direction": 3, "price": 0.008, "mark_price": 0.00860526, "iv": 64.17, "instrument_name": "BTC-31DEC21-52000-C", "index_price": 49676.1, "direction": "sell", "amount": 0.1}, {"trade_seq": 1949, "trade_id": "196699144", "timestamp": 1640661299849, "tick_direction": 2, "price": 0.008, "mark_price": 0.00864021, "iv": 66.27, "instrument_name": "BTC-31DEC21-52000-C", "index_price": 49538.21, "direction": "sell", "amount": 0.1}, {"trade_seq": 1948, "trade_id": "196692031", "timestamp": 1640657873775, "tick_direction": 3, "price": 0.0095, "mark_price": 0.00937535, "iv": 68.85, "instrument_name": "BTC-31DEC21-52000-C", "index_price": 49675.0, "direction": "sell", "amount": 2.0}, {"trade_seq": 1947, "trade_id": "196692030", "timestamp": 1640657873773, "tick_direction": 2, "price": 0.0095, "mark_price": 0.00937535, "iv": 68.85, "instrument_name": "BTC-31DEC21-52000-C", "index_price": 49675.0, "direction": "sell", "amount": 17.0}, {"trade_seq": 1946, "trade_id": "196691633", "timestamp": 1640657743185, "tick_direction": 1, "price": 0.01, "mark_price": 0.00978517, "iv": 68.94, "instrument_name": "BTC-31DEC21-52000-C", "index_price": 49783.38, "direction": "buy", "amount": 4.6}, {"trade_seq": 1945, "trade_id": "196691632", "timestamp": 1640657743185, "tick_direction": 1, "price": 0.01, "mark_price": 0.00978517, "iv": 68.94, "instrument_name": "BTC-31DEC21-52000-C", "index_price": 49783.38, "direction": "buy", "amount": 0.2}, {"trade_seq": 1944, "trade_id": "196691109", "timestamp": 1640657406241, "tick_direction": 1, "price": 0.01, "mark_price": 0.00977318, "iv": 68.48, "instrument_name": "BTC-31DEC21-52000-C", "index_price": 49805.25, "direction": "buy", "amount": 2.3}, {"trade_seq": 1943, "trade_id": "196689012", "timestamp": 1640656867109, "tick_direction": 1, "price": 0.01, "mark_price": 0.00986817, "iv": 69.1, "instrument_name": "BTC-31DEC21-52000-C", "index_price": 49750.93, "direction": "buy", "amount": 3.6}, {"trade_seq": 1942, "trade_id": "196689011", "timestamp": 1640656867109, "tick_direction": 0, "price": 0.01, "mark_price": 0.00986817, "iv": 69.1, "instrument_name": "BTC-31DEC21-52000-C", "index_price": 49750.93, "direction": "buy", "amount": 0.1}, {"trade_seq": 1941, "trade_id": "196688354", "timestamp": 1640656613406, "tick_direction": 3, "price": 0.0095, "mark_price": 0.01003842, "iv": 67.16, "instrument_name": "BTC-31DEC21-52000-C", "index_price": 49761.53, "direction": "buy", "amount": 0.1}, {"trade_seq": 1940, "trade_id": "196688353", "timestamp": 1640656613401, "tick_direction": 3, "price": 0.0095, "mark_price": 0.01003842, "iv": 67.16, "instrument_name": "BTC-31DEC21-52000-C", "index_price": 49761.53, "direction": "buy", "amount": 1.8}, {"trade_seq": 1939, "trade_id": "196688352", "timestamp": 1640656613397, "tick_direction": 3, "price": 0.0095, "mark_price": 0.01003842, "iv": 67.16, "instrument_name": "BTC-31DEC21-52000-C", "index_price": 49761.53, "direction": "sell", "amount": 0.1}, {"trade_seq": 1938, "trade_id": "196688351", "timestamp": 1640656613397, "tick_direction": 3, "price": 0.0095, "mark_price": 0.01003842, "iv": 67.16, "instrument_name": "BTC-31DEC21-52000-C", "index_price": 49761.53, "direction": "sell", "amount": 11.9}, {"trade_seq": 1937, "trade_id": "196688350", "timestamp": 1640656613397, "tick_direction": 3, "price": 0.0095, "mark_price": 0.01003842, "iv": 67.16, "instrument_name": "BTC-31DEC21-52000-C", "index_price": 49761.53, "direction": "sell", "amount": 6.0}, {"trade_seq": 1936, "trade_id": "196688349", "timestamp": 1640656613397, "tick_direction": 2, "price": 0.0095, "mark_price": 0.01003842, "iv": 67.16, "instrument_name": "BTC-31DEC21-52000-C", "index_price": 49761.53, "direction": "sell", "amount": 0.1}, {"trade_seq": 1935, "trade_id": "196688159", "timestamp": 1640656534752, "tick_direction": 3, "price": 0.01, "mark_price": 0.01028908, "iv": 68.04, "instrument_name": "BTC-31DEC21-52000-C", "index_price": 49791.24, "direction": "sell", "amount": 0.1}, {"trade_seq": 1934, "trade_id": "196688154", "timestamp": 1640656534693, "tick_direction": 3, "price": 0.01, "mark_price": 0.01028908, "iv": 68.04, "instrument_name": "BTC-31DEC21-52000-C", "index_price": 49791.24, "direction": "sell", "amount": 1.6}, {"trade_seq": 1933, "trade_id": "196685983", "timestamp": 1640655932751, "tick_direction": 2, "price": 0.01, "mark_price": 0.00999947, "iv": 69.1, "instrument_name": "BTC-31DEC21-52000-C", "index_price": 49735.22, "direction": "sell", "amount": 0.1}, {"trade_seq": 1932, "trade_id": "196682741", "timestamp": 1640655316127, "tick_direction": 3, "price": 0.011, "mark_price": 0.01120732, "iv": 68.04, "instrument_name": "BTC-31DEC21-52000-C", "index_price": 49993.64, "direction": "sell", "amount": 1.6}, {"trade_seq": 1931, "trade_id": "196682695", "timestamp": 1640655315519, "tick_direction": 3, "price": 0.011, "mark_price": 0.01123911, "iv": 67.76, "instrument_name": "BTC-31DEC21-52000-C", "index_price": 49993.18, "direction": "sell", "amount": 2.8}, {"trade_seq": 1930, "trade_id": "196682686", "timestamp": 1640655315434, "tick_direction": 3, "price": 0.011, "mark_price": 0.01123911, "iv": 67.76, "instrument_name": "BTC-31DEC21-52000-C", "index_price": 49993.18, "direction": "sell", "amount": 13.7}, {"trade_seq": 1929, "trade_id": "196682359", "timestamp": 1640655213613, "tick_direction": 3, "price": 0.011, "mark_price": 0.01134279, "iv": 67.29, "instrument_name": "BTC-31DEC21-52000-C", "index_price": 50028.18, "direction": "sell", "amount": 1.9}, {"trade_seq": 1928, "trade_id": "196682358", "timestamp": 1640655213613, "tick_direction": 2, "price": 0.011, "mark_price": 0.01134279, "iv": 67.29, "instrument_name": "BTC-31DEC21-52000-C", "index_price": 50028.18, "direction": "sell", "amount": 0.1}, {"trade_seq": 1927, "trade_id": "196675463", "timestamp": 1640652437079, "tick_direction": 0, "price": 0.013, "mark_price": 0.01302906, "iv": 67.92, "instrument_name": "BTC-31DEC21-52000-C", "index_price": 50356.88, "direction": "buy", "amount": 0.1}, {"trade_seq": 1926, "trade_id": "196673594", "timestamp": 1640651947845, "tick_direction": 3, "price": 0.012, "mark_price": 0.01225608, "iv": 68.32, "instrument_name": "BTC-31DEC21-52000-C", "index_price": 50120.04, "direction": "sell", "amount": 1.0}, {"trade_seq": 1925, "trade_id": "196673592", "timestamp": 1640651947035, "tick_direction": 3, "price": 0.012, "mark_price": 0.01227935, "iv": 68.25, "instrument_name": "BTC-31DEC21-52000-C", "index_price": 50125.11, "direction": "sell", "amount": 0.5}, {"trade_seq": 1924, "trade_id": "196670920", "timestamp": 1640651534815, "tick_direction": 3, "price": 0.012, "mark_price": 0.01339884, "iv": 67.1, "instrument_name": "BTC-31DEC21-52000-C", "index_price": 50206.82, "direction": "buy", "amount": 2.3}, {"trade_seq": 1923, "trade_id": "196670919", "timestamp": 1640651534805, "tick_direction": 3, "price": 0.012, "mark_price": 0.01339884, "iv": 67.1, "instrument_name": "BTC-31DEC21-52000-C", "index_price": 50206.82, "direction": "buy", "amount": 16.0}, {"trade_seq": 1922, "trade_id": "196670918", "timestamp": 1640651534184, "tick_direction": 3, "price": 0.012, "mark_price": 0.01339884, "iv": 66.94, "instrument_name": "BTC-31DEC21-52000-C", "index_price": 50212.85, "direction": "buy", "amount": 12.4}, {"trade_seq": 1921, "trade_id": "196670917", "timestamp": 1640651533774, "tick_direction": 3, "price": 0.012, "mark_price": 0.01340683, "iv": 66.94, "instrument_name": "BTC-31DEC21-52000-C", "index_price": 50212.85, "direction": "buy", "amount": 3.9}, {"trade_seq": 1920, "trade_id": "196670916", "timestamp": 1640651533772, "tick_direction": 3, "price": 0.012, "mark_price": 0.01340683, "iv": 66.94, "instrument_name": "BTC-31DEC21-52000-C", "index_price": 50212.85, "direction": "buy", "amount": 16.0}, {"trade_seq": 1919, "trade_id": "196670915", "timestamp": 1640651533771, "tick_direction": 3, "price": 0.012, "mark_price": 0.01340683, "iv": 66.94, "instrument_name": "BTC-31DEC21-52000-C", "index_price": 50212.85, "direction": "buy", "amount": 16.0}, {"trade_seq": 1918, "trade_id": "196670914", "timestamp": 1640651533760, "tick_direction": 3, "price": 0.012, "mark_price": 0.01340683, "iv": 66.94, "instrument_name": "BTC-31DEC21-52000-C", "index_price": 50212.85, "direction": "sell", "amount": 0.1}, {"trade_seq": 1917, "trade_id": "196670913", "timestamp": 1640651533760, "tick_direction": 3, "price": 0.012, "mark_price": 0.01340683, "iv": 66.94, "instrument_name": "BTC-31DEC21-52000-C", "index_price": 50212.85, "direction": "sell", "amount": 0.1}, {"trade_seq": 1916, "trade_id": "196670912", "timestamp": 1640651533760, "tick_direction": 2, "price": 0.012, "mark_price": 0.01340683, "iv": 66.94, "instrument_name": "BTC-31DEC21-52000-C", "index_price": 50212.85, "direction": "sell", "amount": 5.0}, {"trade_seq": 1915, "trade_id": "196670878", "timestamp": 1640651530166, "tick_direction": 1, "price": 0.013, "mark_price": 0.01345844, "iv": 69.79, "instrument_name": "BTC-31DEC21-52000-C", "index_price": 50225.04, "direction": "buy", "amount": 11.4}, {"trade_seq": 1914, "trade_id": "196670877", "timestamp": 1640651530145, "tick_direction": 0, "price": 0.013, "mark_price": 0.01345844, "iv": 69.79, "instrument_name": "BTC-31DEC21-52000-C", "index_price": 50225.04, "direction": "buy", "amount": 0.1}, {"trade_seq": 1913, "trade_id": "196670871", "timestamp": 1640651529677, "tick_direction": 3, "price": 0.012, "mark_price": 0.01346027, "iv": 66.81, "instrument_name": "BTC-31DEC21-52000-C", "index_price": 50225.04, "direction": "buy", "amount": 1.3}, {"trade_seq": 1912, "trade_id": "196670870", "timestamp": 1640651529674, "tick_direction": 3, "price": 0.012, "mark_price": 0.01346027, "iv": 66.81, "instrument_name": "BTC-31DEC21-52000-C", "index_price": 50225.04, "direction": "sell", "amount": 0.1}, {"trade_seq": 1911, "trade_id": "196670869", "timestamp": 1640651529674, "tick_direction": 3, "price": 0.012, "mark_price": 0.01346027, "iv": 66.81, "instrument_name": "BTC-31DEC21-52000-C", "index_price": 50225.04, "direction": "sell", "amount": 12.2}, {"trade_seq": 1910, "trade_id": "196670868", "timestamp": 1640651529674, "tick_direction": 3, "price": 0.012, "mark_price": 0.01346027, "iv": 66.81, "instrument_name": "BTC-31DEC21-52000-C", "index_price": 50225.04, "direction": "sell", "amount": 0.2}, {"trade_seq": 1909, "trade_id": "196670867", "timestamp": 1640651529674, "tick_direction": 3, "price": 0.012, "mark_price": 0.01346027, "iv": 66.81, "instrument_name": "BTC-31DEC21-52000-C", "index_price": 50225.04, "direction": "sell", "amount": 12.0}, {"trade_seq": 1908, "trade_id": "196670866", "timestamp": 1640651529674, "tick_direction": 3, "price": 0.012, "mark_price": 0.01346027, "iv": 66.81, "instrument_name": "BTC-31DEC21-52000-C", "index_price": 50225.04, "direction": "sell", "amount": 12.0}, {"trade_seq": 1907, "trade_id": "196670865", "timestamp": 1640651529674, "tick_direction": 3, "price": 0.012, "mark_price": 0.01346027, "iv": 66.81, "instrument_name": "BTC-31DEC21-52000-C", "index_price": 50225.04, "direction": "sell", "amount": 7.3}, {"trade_seq": 1906, "trade_id": "196670864", "timestamp": 1640651529674, "tick_direction": 3, "price": 0.012, "mark_price": 0.01346027, "iv": 66.81, "instrument_name": "BTC-31DEC21-52000-C", "index_price": 50225.04, "direction": "sell", "amount": 12.0}, {"trade_seq": 1905, "trade_id": "196670863", "timestamp": 1640651529674, "tick_direction": 3, "price": 0.012, "mark_price": 0.01346027, "iv": 66.81, "instrument_name": "BTC-31DEC21-52000-C", "index_price": 50225.04, "direction": "sell", "amount": 12.0}, {"trade_seq": 1904, "trade_id": "196670862", "timestamp": 1640651529674, "tick_direction": 2, "price": 0.012, "mark_price": 0.01346027, "iv": 66.81, "instrument_name": "BTC-31DEC21-52000-C", "index_price": 50225.04, "direction": "sell", "amount": 2.7}, {"trade_seq": 1903, "trade_id": "196670791", "timestamp": 1640651519671, "tick_direction": 3, "price": 0.013, "mark_price": 0.01354996, "iv": 69.58, "instrument_name": "BTC-31DEC21-52000-C", "index_price": 50234.62, "direction": "buy", "amount": 2.6}, {"trade_seq": 1902, "trade_id": "196670781", "timestamp": 1640651517632, "tick_direction": 2, "price": 0.013, "mark_price": 0.01356664, "iv": 69.58, "instrument_name": "BTC-31DEC21-52000-C", "index_price": 50234.24, "direction": "buy", "amount": 2.8}, {"trade_seq": 1901, "trade_id": "196670455", "timestamp": 1640651458992, "tick_direction": 1, "price": 0.014, "mark_price": 0.01414775, "iv": 71.21, "instrument_name": "BTC-31DEC21-52000-C", "index_price": 50296.3, "direction": "buy", "amount": 0.1}, {"trade_seq": 1900, "trade_id": "196669829", "timestamp": 1640651198637, "tick_direction": 1, "price": 0.014, "mark_price": 0.01385511, "iv": 72.41, "instrument_name": "BTC-31DEC21-52000-C", "index_price": 50225.8, "direction": "buy", "amount": 2.1}, {"trade_seq": 1899, "trade_id": "196669828", "timestamp": 1640651198637, "tick_direction": 1, "price": 0.014, "mark_price": 0.01385511, "iv": 72.41, "instrument_name": "BTC-31DEC21-52000-C", "index_price": 50225.8, "direction": "buy", "amount": 0.1}, {"trade_seq": 1898, "trade_id": "196669762", "timestamp": 1640651196615, "tick_direction": 1, "price": 0.014, "mark_price": 0.01374022, "iv": 72.76, "instrument_name": "BTC-31DEC21-52000-C", "index_price": 50202.02, "direction": "buy", "amount": 6.0}, {"trade_seq": 1897, "trade_id": "196669761", "timestamp": 1640651196615, "tick_direction": 1, "price": 0.014, "mark_price": 0.01374022, "iv": 72.76, "instrument_name": "BTC-31DEC21-52000-C", "index_price": 50202.02, "direction": "buy", "amount": 2.6}, {"trade_seq": 1896, "trade_id": "196669760", "timestamp": 1640651196615, "tick_direction": 1, "price": 0.014, "mark_price": 0.01374022, "iv": 72.76, "instrument_name": "BTC-31DEC21-52000-C", "index_price": 50202.02, "direction": "buy", "amount": 0.1}, {"trade_seq": 1895, "trade_id": "196669759", "timestamp": 1640651196615, "tick_direction": 1, "price": 0.014, "mark_price": 0.01374022, "iv": 72.76, "instrument_name": "BTC-31DEC21-52000-C", "index_price": 50202.02, "direction": "buy", "amount": 2.1}, {"trade_seq": 1894, "trade_id": "196669183", "timestamp": 1640651060194, "tick_direction": 0, "price": 0.014, "mark_price": 0.01428416, "iv": 71.85, "instrument_name": "BTC-31DEC21-52000-C", "index_price": 50253.28, "direction": "sell", "amount": 3.0}, {"trade_seq": 1893, "trade_id": "196669041", "timestamp": 1640651033857, "tick_direction": 2, "price": 0.0135, "mark_price": 0.01398448, "iv": 71.1, "instrument_name": "BTC-31DEC21-52000-C", "index_price": 50215.0, "direction": "sell", "amount": 10.0}, {"trade_seq": 1892, "trade_id": "196668698", "timestamp": 1640650954949, "tick_direction": 3, "price": 0.014, "mark_price": 0.014375, "iv": 71.71, "instrument_name": "BTC-31DEC21-52000-C", "index_price": 50257.33, "direction": "buy", "amount": 9.1}, {"trade_seq": 1891, "trade_id": "196668697", "timestamp": 1640650954914, "tick_direction": 2, "price": 0.014, "mark_price": 0.014375, "iv": 71.71, "instrument_name": "BTC-31DEC21-52000-C", "index_price": 50257.33, "direction": "buy", "amount": 16.9}, {"trade_seq": 1890, "trade_id": "196666680", "timestamp": 1640650638456, "tick_direction": 2, "price": 0.0155, "mark_price": 0.01566873, "iv": 72.79, "instrument_name": "BTC-31DEC21-52000-C", "index_price": 50419.94, "direction": "buy", "amount": 0.4}, {"trade_seq": 1889, "trade_id": "196663087", "timestamp": 1640649796883, "tick_direction": 2, "price": 0.017, "mark_price": 0.01727388, "iv": 73.05, "instrument_name": "BTC-31DEC21-52000-C", "index_price": 50619.13, "direction": "sell", "amount": 0.1}, {"trade_seq": 1888, "trade_id": "196661242", "timestamp": 1640648225036, "tick_direction": 3, "price": 0.0185, "mark_price": 0.01838705, "iv": 74.15, "instrument_name": "BTC-31DEC21-52000-C", "index_price": 50782.59, "direction": "sell", "amount": 0.1}, {"trade_seq": 1887, "trade_id": "196661241", "timestamp": 1640648225013, "tick_direction": 3, "price": 0.0185, "mark_price": 0.01838705, "iv": 74.15, "instrument_name": "BTC-31DEC21-52000-C", "index_price": 50782.59, "direction": "sell", "amount": 0.1}, {"trade_seq": 1886, "trade_id": "196661017", "timestamp": 1640647928692, "tick_direction": 2, "price": 0.0185, "mark_price": 0.01893062, "iv": 72.51, "instrument_name": "BTC-31DEC21-52000-C", "index_price": 50840.18, "direction": "buy", "amount": 0.2}, {"trade_seq": 1885, "trade_id": "196660512", "timestamp": 1640647524889, "tick_direction": 3, "price": 0.019, "mark_price": 0.01965678, "iv": 73.37, "instrument_name": "BTC-31DEC21-52000-C", "index_price": 50879.16, "direction": "buy", "amount": 3.7}, {"trade_seq": 1884, "trade_id": "196660511", "timestamp": 1640647524867, "tick_direction": 3, "price": 0.019, "mark_price": 0.01965678, "iv": 73.37, "instrument_name": "BTC-31DEC21-52000-C", "index_price": 50879.16, "direction": "buy", "amount": 8.9}, {"trade_seq": 1883, "trade_id": "196660510", "timestamp": 1640647524863, "tick_direction": 3, "price": 0.019, "mark_price": 0.01965678, "iv": 73.37, "instrument_name": "BTC-31DEC21-52000-C", "index_price": 50879.16, "direction": "sell", "amount": 10.1}, {"trade_seq": 1882, "trade_id": "196660509", "timestamp": 1640647524863, "tick_direction": 3, "price": 0.019, "mark_price": 0.01965678, "iv": 73.37, "instrument_name": "BTC-31DEC21-52000-C", "index_price": 50879.16, "direction": "sell", "amount": 0.1}, {"trade_seq": 1881, "trade_id": "196660508", "timestamp": 1640647524863, "tick_direction": 2, "price": 0.019, "mark_price": 0.01965678, "iv": 73.37, "instrument_name": "BTC-31DEC21-52000-C", "index_price": 50879.16, "direction": "sell", "amount": 2.2}, {"trade_seq": 1880, "trade_id": "196658573", "timestamp": 1640646012678, "tick_direction": 1, "price": 0.021, "mark_price": 0.02088154, "iv": 75.12, "instrument_name": "BTC-31DEC21-52000-C", "index_price": 51045.85, "direction": "buy", "amount": 0.4}, {"trade_seq": 1879, "trade_id": "196658466", "timestamp": 1640645975975, "tick_direction": 0, "price": 0.021, "mark_price": 0.02065105, "iv": 75.82, "instrument_name": "BTC-31DEC21-52000-C", "index_price": 51011.6, "direction": "buy", "amount": 14.9}, {"trade_seq": 1878, "trade_id": "196658343", "timestamp": 1640645894000, "tick_direction": 3, "price": 0.0205, "mark_price": 0.02029471, "iv": 75.22, "instrument_name": "BTC-31DEC21-52000-C", "index_price": 50962.23, "direction": "buy", "amount": 0.1}, {"trade_seq": 1877, "trade_id": "196658342", "timestamp": 1640645894000, "tick_direction": 2, "price": 0.0205, "mark_price": 0.02029471, "iv": 75.22, "instrument_name": "BTC-31DEC21-52000-C", "index_price": 50962.23, "direction": "buy", "amount": 2.1}, {"trade_seq": 1876, "trade_id": "196657996", "timestamp": 1640645493095, "tick_direction": 0, "price": 0.021, "mark_price": 0.02058955, "iv": 75.57, "instrument_name": "BTC-31DEC21-52000-C", "index_price": 51005.02, "direction": "buy", "amount": 0.1}, {"trade_seq": 1875, "trade_id": "196657928", "timestamp": 1640645479785, "tick_direction": 3, "price": 0.02, "mark_price": 0.02024256, "iv": 73.81, "instrument_name": "BTC-31DEC21-52000-C", "index_price": 50959.0, "direction": "buy", "amount": 0.5}, {"trade_seq": 1874, "trade_id": "196657919", "timestamp": 1640645479641, "tick_direction": 3, "price": 0.02, "mark_price": 0.02024256, "iv": 73.81, "instrument_name": "BTC-31DEC21-52000-C", "index_price": 50959.0, "direction": "buy", "amount": 0.2}, {"trade_seq": 1873, "trade_id": "196657918", "timestamp": 1640645479639, "tick_direction": 3, "price": 0.02, "mark_price": 0.02024256, "iv": 73.81, "instrument_name": "BTC-31DEC21-52000-C", "index_price": 50959.0, "direction": "buy", "amount": 0.1}, {"trade_seq": 1872, "trade_id": "196657917", "timestamp": 1640645479637, "tick_direction": 3, "price": 0.02, "mark_price": 0.02024256, "iv": 73.81, "instrument_name": "BTC-31DEC21-52000-C", "index_price": 50959.0, "direction": "buy", "amount": 2.1}, {"trade_seq": 1871, "trade_id": "196657912", "timestamp": 1640645479618, "tick_direction": 3, "price": 0.02, "mark_price": 0.02024256, "iv": 73.81, "instrument_name": "BTC-31DEC21-52000-C", "index_price": 50959.0, "direction": "buy", "amount": 2.7}, {"trade_seq": 1870, "trade_id": "196657897", "timestamp": 1640645472893, "tick_direction": 3, "price": 0.02, "mark_price": 0.02018055, "iv": 74.03, "instrument_name": "BTC-31DEC21-52000-C", "index_price": 50951.62, "direction": "buy", "amount": 3.0}, {"trade_seq": 1869, "trade_id": "196657896", "timestamp": 1640645472879, "tick_direction": 3, "price": 0.02, "mark_price": 0.02018055, "iv": 74.03, "instrument_name": "BTC-31DEC21-52000-C", "index_price": 50951.62, "direction": "buy", "amount": 1.5}, {"trade_seq": 1868, "trade_id": "196657882", "timestamp": 1640645470422, "tick_direction": 3, "price": 0.02, "mark_price": 0.02011572, "iv": 74.21, "instrument_name": "BTC-31DEC21-52000-C", "index_price": 50936.92, "direction": "buy", "amount": 1.6}, {"trade_seq": 1867, "trade_id": "196657815", "timestamp": 1640645390781, "tick_direction": 3, "price": 0.02, "mark_price": 0.0202875, "iv": 74.11, "instrument_name": "BTC-31DEC21-52000-C", "index_price": 50947.75, "direction": "buy", "amount": 0.8}, {"trade_seq": 1866, "trade_id": "196657814", "timestamp": 1640645390428, "tick_direction": 3, "price": 0.02, "mark_price": 0.0202875, "iv": 74.11, "instrument_name": "BTC-31DEC21-52000-C", "index_price": 50948.77, "direction": "buy", "amount": 1.2}, {"trade_seq": 1865, "trade_id": "196657813", "timestamp": 1640645387516, "tick_direction": 3, "price": 0.02, "mark_price": 0.02028438, "iv": 74.13, "instrument_name": "BTC-31DEC21-52000-C", "index_price": 50948.71, "direction": "buy", "amount": 1.1}, {"trade_seq": 1864, "trade_id": "196657808", "timestamp": 1640645371942, "tick_direction": 3, "price": 0.02, "mark_price": 0.02021222, "iv": 74.41, "instrument_name": "BTC-31DEC21-52000-C", "index_price": 50934.81, "direction": "buy", "amount": 0.8}, {"trade_seq": 1863, "trade_id": "196657802", "timestamp": 1640645371505, "tick_direction": 3, "price": 0.02, "mark_price": 0.02021222, "iv": 74.41, "instrument_name": "BTC-31DEC21-52000-C", "index_price": 50934.81, "direction": "buy", "amount": 0.1}, {"trade_seq": 1862, "trade_id": "196657801", "timestamp": 1640645371494, "tick_direction": 3, "price": 0.02, "mark_price": 0.02021222, "iv": 74.41, "instrument_name": "BTC-31DEC21-52000-C", "index_price": 50934.81, "direction": "buy", "amount": 1.5}, {"trade_seq": 1861, "trade_id": "196657800", "timestamp": 1640645371491, "tick_direction": 3, "price": 0.02, "mark_price": 0.02021222, "iv": 74.41, "instrument_name": "BTC-31DEC21-52000-C", "index_price": 50934.81, "direction": "buy", "amount": 0.7}, {"trade_seq": 1860, "trade_id": "196657765", "timestamp": 1640645342652, "tick_direction": 3, "price": 0.02, "mark_price": 0.02018538, "iv": 74.66, "instrument_name": "BTC-31DEC21-52000-C", "index_price": 50912.78, "direction": "buy", "amount": 2.5}, {"trade_seq": 1859, "trade_id": "196657753", "timestamp": 1640645332324, "tick_direction": 3, "price": 0.02, "mark_price": 0.02024178, "iv": 74.59, "instrument_name": "BTC-31DEC21-52000-C", "index_price": 50915.9, "direction": "buy", "amount": 2.3}, {"trade_seq": 1858, "trade_id": "196657711", "timestamp": 1640645312253, "tick_direction": 2, "price": 0.02, "mark_price": 0.01992594, "iv": 75.43, "instrument_name": "BTC-31DEC21-52000-C", "index_price": 50883.13, "direction": "buy", "amount": 2.3}, {"trade_seq": 1857, "trade_id": "196655552", "timestamp": 1640645048044, "tick_direction": 1, "price": 0.0211, "mark_price": 0.02032647, "iv": 77.31, "instrument_name": "BTC-31DEC21-52000-C", "index_price": 50948.42, "direction": "buy", "block_trade_id": "28224", "amount": 12.5}, {"trade_seq": 1856, "trade_id": "196655547", "timestamp": 1640645045380, "tick_direction": 0, "price": 0.0211, "mark_price": 0.02043167, "iv": 77.0, "instrument_name": "BTC-31DEC21-52000-C", "index_price": 50960.99, "direction": "buy", "block_trade_id": "28223", "amount": 12.5}, {"trade_seq": 1855, "trade_id": "196655385", "timestamp": 1640644926113, "tick_direction": 2, "price": 0.0205, "mark_price": 0.02149615, "iv": 72.97, "instrument_name": "BTC-31DEC21-52000-C", "index_price": 51072.96, "direction": "sell", "block_trade_id": "28221", "amount": 25.0}, {"trade_seq": 1854, "trade_id": "196655379", "timestamp": 1640644918677, "tick_direction": 3, "price": 0.021, "mark_price": 0.02153186, "iv": 74.25, "instrument_name": "BTC-31DEC21-52000-C", "index_price": 51071.21, "direction": "buy", "amount": 4.9}, {"trade_seq": 1853, "trade_id": "196655378", "timestamp": 1640644918666, "tick_direction": 3, "price": 0.021, "mark_price": 0.02153186, "iv": 74.25, "instrument_name": "BTC-31DEC21-52000-C", "index_price": 51071.21, "direction": "sell", "amount": 0.3}, {"trade_seq": 1852, "trade_id": "196655377", "timestamp": 1640644918666, "tick_direction": 3, "price": 0.021, "mark_price": 0.02153186, "iv": 74.25, "instrument_name": "BTC-31DEC21-52000-C", "index_price": 51071.21, "direction": "sell", "amount": 4.2}, {"trade_seq": 1851, "trade_id": "196655376", "timestamp": 1640644918666, "tick_direction": 2, "price": 0.021, "mark_price": 0.02153186, "iv": 74.25, "instrument_name": "BTC-31DEC21-52000-C", "index_price": 51071.21, "direction": "sell", "amount": 0.2}, {"trade_seq": 1850, "trade_id": "196655357", "timestamp": 1640644901076, "tick_direction": 2, "price": 0.0215, "mark_price": 0.02153718, "iv": 75.58, "instrument_name": "BTC-31DEC21-52000-C", "index_price": 51068.62, "direction": "sell", "amount": 1.0}, {"trade_seq": 1849, "trade_id": "196650565", "timestamp": 1640640376800, "tick_direction": 1, "price": 0.024, "mark_price": 0.02399945, "iv": 76.55, "instrument_name": "BTC-31DEC21-52000-C", "index_price": 51295.79, "direction": "buy", "amount": 0.1}, {"trade_seq": 1848, "trade_id": "196650544", "timestamp": 1640640338858, "tick_direction": 0, "price": 0.024, "mark_price": 0.02384482, "iv": 76.95, "instrument_name": "BTC-31DEC21-52000-C", "index_price": 51281.5, "direction": "buy", "amount": 0.8}, {"trade_seq": 1847, "trade_id": "196649201", "timestamp": 1640639195022, "tick_direction": 2, "price": 0.0215, "mark_price": 0.02258919, "iv": 70.68, "instrument_name": "BTC-31DEC21-52000-C", "index_price": 51251.85, "direction": "buy", "block_trade_id": "28200", "amount": 25.0}, {"trade_seq": 1846, "trade_id": "196649119", "timestamp": 1640639146048, "tick_direction": 0, "price": 0.023, "mark_price": 0.02267156, "iv": 74.19, "instrument_name": "BTC-31DEC21-52000-C", "index_price": 51268.06, "direction": "buy", "amount": 0.6}, {"trade_seq": 1845, "trade_id": "196649111", "timestamp": 1640639133991, "tick_direction": 3, "price": 0.0215, "mark_price": 0.02266361, "iv": 70.26, "instrument_name": "BTC-31DEC21-52000-C", "index_price": 51269.55, "direction": "buy", "block_trade_id": "28198", "amount": 12.5}, {"trade_seq": 1844, "trade_id": "196648982", "timestamp": 1640639048375, "tick_direction": 3, "price": 0.0215, "mark_price": 0.02261795, "iv": 70.09, "instrument_name": "BTC-31DEC21-52000-C", "index_price": 51277.09, "direction": "buy", "block_trade_id": "28197", "amount": 12.5}, {"trade_seq": 1843, "trade_id": "196648750", "timestamp": 1640638993520, "tick_direction": 3, "price": 0.0215, "mark_price": 0.02221028, "iv": 70.87, "instrument_name": "BTC-31DEC21-52000-C", "index_price": 51242.26, "direction": "buy", "block_trade_id": "28195", "amount": 12.5}, {"trade_seq": 1842, "trade_id": "196648747", "timestamp": 1640638990828, "tick_direction": 3, "price": 0.0215, "mark_price": 0.02220147, "iv": 70.88, "instrument_name": "BTC-31DEC21-52000-C", "index_price": 51241.93, "direction": "buy", "block_trade_id": "28193", "amount": 12.5}, {"trade_seq": 1841, "trade_id": "196648743", "timestamp": 1640638986354, "tick_direction": 3, "price": 0.0215, "mark_price": 0.02219665, "iv": 70.88, "instrument_name": "BTC-31DEC21-52000-C", "index_price": 51242.23, "direction": "buy", "block_trade_id": "28192", "amount": 12.5}, {"trade_seq": 1840, "trade_id": "196648597", "timestamp": 1640638863100, "tick_direction": 3, "price": 0.0215, "mark_price": 0.0220221, "iv": 70.88, "instrument_name": "BTC-31DEC21-52000-C", "index_price": 51252.69, "direction": "buy", "block_trade_id": "28187", "amount": 12.5}, {"trade_seq": 1839, "trade_id": "196648018", "timestamp": 1640638597543, "tick_direction": 2, "price": 0.0215, "mark_price": 0.02125523, "iv": 71.99, "instrument_name": "BTC-31DEC21-52000-C", "index_price": 51198.57, "direction": "sell", "amount": 3.9}, {"trade_seq": 1838, "trade_id": "196648012", "timestamp": 1640638559110, "tick_direction": 0, "price": 0.0218, "mark_price": 0.02120565, "iv": 72.77, "instrument_name": "BTC-31DEC21-52000-C", "index_price": 51196.71, "direction": "buy", "block_trade_id": "28184", "amount": 25.0}, {"trade_seq": 1837, "trade_id": "196647600", "timestamp": 1640638378953, "tick_direction": 1, "price": 0.021, "mark_price": 0.02016588, "iv": 72.38, "instrument_name": "BTC-31DEC21-52000-C", "index_price": 51122.22, "direction": "sell", "amount": 4.7}, {"trade_seq": 1836, "trade_id": "196647599", "timestamp": 1640638378947, "tick_direction": 1, "price": 0.021, "mark_price": 0.02016588, "iv": 72.38, "instrument_name": "BTC-31DEC21-52000-C", "index_price": 51122.22, "direction": "buy", "amount": 9.0}, {"trade_seq": 1835, "trade_id": "196647598", "timestamp": 1640638378947, "tick_direction": 1, "price": 0.021, "mark_price": 0.02016588, "iv": 72.38, "instrument_name": "BTC-31DEC21-52000-C", "index_price": 51122.22, "direction": "buy", "amount": 6.9}, {"trade_seq": 1834, "trade_id": "196647597", "timestamp": 1640638378947, "tick_direction": 1, "price": 0.021, "mark_price": 0.02016588, "iv": 72.38, "instrument_name": "BTC-31DEC21-52000-C", "index_price": 51122.22, "direction": "buy", "amount": 25.0}, {"trade_seq": 1833, "trade_id": "196647596", "timestamp": 1640638378947, "tick_direction": 1, "price": 0.021, "mark_price": 0.02016588, "iv": 72.38, "instrument_name": "BTC-31DEC21-52000-C", "index_price": 51122.22, "direction": "buy", "amount": 0.1}, {"trade_seq": 1832, "trade_id": "196647595", "timestamp": 1640638378947, "tick_direction": 1, "price": 0.021, "mark_price": 0.02016588, "iv": 72.38, "instrument_name": "BTC-31DEC21-52000-C", "index_price": 51122.22, "direction": "buy", "amount": 6.3}, {"trade_seq": 1831, "trade_id": "196647594", "timestamp": 1640638378947, "tick_direction": 1, "price": 0.021, "mark_price": 0.02016588, "iv": 72.38, "instrument_name": "BTC-31DEC21-52000-C", "index_price": 51122.22, "direction": "buy", "amount": 20.0}, {"trade_seq": 1830, "trade_id": "196647593", "timestamp": 1640638378947, "tick_direction": 0, "price": 0.021, "mark_price": 0.02016588, "iv": 72.38, "instrument_name": "BTC-31DEC21-52000-C", "index_price": 51122.22, "direction": "buy", "amount": 1.5}, {"trade_seq": 1829, "trade_id": "196647585", "timestamp": 1640638357583, "tick_direction": 3, "price": 0.0205, "mark_price": 0.02003828, "iv": 71.26, "instrument_name": "BTC-31DEC21-52000-C", "index_price": 51113.85, "direction": "sell", "amount": 1.6}, {"trade_seq": 1828, "trade_id": "196647581", "timestamp": 1640638342962, "tick_direction": 2, "price": 0.0205, "mark_price": 0.02004784, "iv": 71.14, "instrument_name": "BTC-31DEC21-52000-C", "index_price": 51112.05, "direction": "sell", "amount": 2.4}, {"trade_seq": 1827, "trade_id": "196647532", "timestamp": 1640638320868, "tick_direction": 0, "price": 0.0207, "mark_price": 0.02000927, "iv": 71.68, "instrument_name": "BTC-31DEC21-52000-C", "index_price": 51107.42, "direction": "buy", "block_trade_id": "28183", "amount": 25.0}, {"trade_seq": 1826, "trade_id": "196647398", "timestamp": 1640638268311, "tick_direction": 1, "price": 0.0205, "mark_price": 0.01975266, "iv": 71.64, "instrument_name": "BTC-31DEC21-52000-C", "index_price": 51098.97, "direction": "buy", "amount": 4.9}, {"trade_seq": 1825, "trade_id": "196647397", "timestamp": 1640638268311, "tick_direction": 1, "price": 0.0205, "mark_price": 0.01975266, "iv": 71.64, "instrument_name": "BTC-31DEC21-52000-C", "index_price": 51098.97, "direction": "buy", "amount": 1.0}, {"trade_seq": 1824, "trade_id": "196647396", "timestamp": 1640638268311, "tick_direction": 1, "price": 0.0205, "mark_price": 0.01975266, "iv": 71.64, "instrument_name": "BTC-31DEC21-52000-C", "index_price": 51098.97, "direction": "buy", "amount": 1.0}, {"trade_seq": 1823, "trade_id": "196647395", "timestamp": 1640638268311, "tick_direction": 1, "price": 0.0205, "mark_price": 0.01975266, "iv": 71.64, "instrument_name": "BTC-31DEC21-52000-C", "index_price": 51098.97, "direction": "buy", "amount": 24.9}, {"trade_seq": 1822, "trade_id": "196647394", "timestamp": 1640638268311, "tick_direction": 0, "price": 0.0205, "mark_price": 0.01975266, "iv": 71.64, "instrument_name": "BTC-31DEC21-52000-C", "index_price": 51098.97, "direction": "buy", "amount": 0.1}, {"trade_seq": 1821, "trade_id": "196647168", "timestamp": 1640638140753, "tick_direction": 0, "price": 0.0197, "mark_price": 0.01935206, "iv": 70.15, "instrument_name": "BTC-31DEC21-52000-C", "index_price": 51059.83, "direction": "buy", "block_trade_id": "28182", "amount": 25.0}, {"trade_seq": 1820, "trade_id": "196646699", "timestamp": 1640637888811, "tick_direction": 3, "price": 0.0195, "mark_price": 0.01887242, "iv": 70.55, "instrument_name": "BTC-31DEC21-52000-C", "index_price": 51014.65, "direction": "buy", "amount": 2.4}, {"trade_seq": 1819, "trade_id": "196646698", "timestamp": 1640637888811, "tick_direction": 3, "price": 0.0195, "mark_price": 0.01887242, "iv": 70.55, "instrument_name": "BTC-31DEC21-52000-C", "index_price": 51014.65, "direction": "buy", "amount": 6.0}, {"trade_seq": 1818, "trade_id": "196646697", "timestamp": 1640637888811, "tick_direction": 3, "price": 0.0195, "mark_price": 0.01887242, "iv": 70.55, "instrument_name": "BTC-31DEC21-52000-C", "index_price": 51014.65, "direction": "buy", "amount": 0.1}, {"trade_seq": 1817, "trade_id": "196646696", "timestamp": 1640637888811, "tick_direction": 2, "price": 0.0195, "mark_price": 0.01887242, "iv": 70.55, "instrument_name": "BTC-31DEC21-52000-C", "index_price": 51014.65, "direction": "buy", "amount": 1.5}, {"trade_seq": 1816, "trade_id": "196639032", "timestamp": 1640634043641, "tick_direction": 0, "price": 0.0235, "mark_price": 0.02342519, "iv": 69.03, "instrument_name": "BTC-31DEC21-52000-C", "index_price": 51568.82, "direction": "sell", "amount": 0.4}, {"trade_seq": 1815, "trade_id": "196638141", "timestamp": 1640633594870, "tick_direction": 2, "price": 0.022, "mark_price": 0.02214535, "iv": 68.29, "instrument_name": "BTC-31DEC21-52000-C", "index_price": 51425.96, "direction": "sell", "amount": 0.1}, {"trade_seq": 1814, "trade_id": "196637430", "timestamp": 1640633275855, "tick_direction": 2, "price": 0.023, "mark_price": 0.02321203, "iv": 68.51, "instrument_name": "BTC-31DEC21-52000-C", "index_price": 51526.69, "direction": "sell", "amount": 0.2}, {"trade_seq": 1813, "trade_id": "196636006", "timestamp": 1640631603113, "tick_direction": 2, "price": 0.0245, "mark_price": 0.02456968, "iv": 68.13, "instrument_name": "BTC-31DEC21-52000-C", "index_price": 51715.24, "direction": "buy", "amount": 0.1}, {"trade_seq": 1812, "trade_id": "196632153", "timestamp": 1640627453509, "tick_direction": 2, "price": 0.027, "mark_price": 0.02716519, "iv": 68.02, "instrument_name": "BTC-31DEC21-52000-C", "index_price": 51966.14, "direction": "sell", "amount": 0.1}, {"trade_seq": 1811, "trade_id": "196631320", "timestamp": 1640627351735, "tick_direction": 0, "price": 0.028, "mark_price": 0.02752785, "iv": 69.6, "instrument_name": "BTC-31DEC21-52000-C", "index_price": 52020.39, "direction": "buy", "amount": 0.3}, {"trade_seq": 1810, "trade_id": "196630817", "timestamp": 1640627245486, "tick_direction": 2, "price": 0.027, "mark_price": 0.02693405, "iv": 68.64, "instrument_name": "BTC-31DEC21-52000-C", "index_price": 51938.96, "direction": "sell", "amount": 0.1}, {"trade_seq": 1809, "trade_id": "196629673", "timestamp": 1640626670598, "tick_direction": 1, "price": 0.0275, "mark_price": 0.02744474, "iv": 68.23, "instrument_name": "BTC-31DEC21-52000-C", "index_price": 51973.13, "direction": "sell", "amount": 0.1}, {"trade_seq": 1808, "trade_id": "196629672", "timestamp": 1640626670598, "tick_direction": 1, "price": 0.0275, "mark_price": 0.02744474, "iv": 68.23, "instrument_name": "BTC-31DEC21-52000-C", "index_price": 51973.13, "direction": "sell", "amount": 0.3}, {"trade_seq": 1807, "trade_id": "196629442", "timestamp": 1640626598356, "tick_direction": 0, "price": 0.0275, "mark_price": 0.02703825, "iv": 68.98, "instrument_name": "BTC-31DEC21-52000-C", "index_price": 51962.53, "direction": "buy", "amount": 1.0}, {"trade_seq": 1806, "trade_id": "196626172", "timestamp": 1640625791238, "tick_direction": 0, "price": 0.0245, "mark_price": 0.02432826, "iv": 67.1, "instrument_name": "BTC-31DEC21-52000-C", "index_price": 51712.86, "direction": "buy", "amount": 0.2}, {"trade_seq": 1805, "trade_id": "196625625", "timestamp": 1640625543048, "tick_direction": 1, "price": 0.024, "mark_price": 0.02364337, "iv": 67.65, "instrument_name": "BTC-31DEC21-52000-C", "index_price": 51637.36, "direction": "sell", "amount": 0.8}, {"trade_seq": 1804, "trade_id": "196625624", "timestamp": 1640625543045, "tick_direction": 1, "price": 0.024, "mark_price": 0.02364337, "iv": 67.65, "instrument_name": "BTC-31DEC21-52000-C", "index_price": 51637.36, "direction": "buy", "amount": 0.1}, {"trade_seq": 1803, "trade_id": "196625623", "timestamp": 1640625543045, "tick_direction": 1, "price": 0.024, "mark_price": 0.02364337, "iv": 67.65, "instrument_name": "BTC-31DEC21-52000-C", "index_price": 51637.36, "direction": "buy", "amount": 2.1}, {"trade_seq": 1802, "trade_id": "196625606", "timestamp": 1640625520749, "tick_direction": 1, "price": 0.024, "mark_price": 0.02364375, "iv": 67.61, "instrument_name": "BTC-31DEC21-52000-C", "index_price": 51637.85, "direction": "buy", "amount": 0.3}, {"trade_seq": 1801, "trade_id": "196625480", "timestamp": 1640625510069, "tick_direction": 0, "price": 0.024, "mark_price": 0.02380445, "iv": 67.33, "instrument_name": "BTC-31DEC21-52000-C", "index_price": 51640.32, "direction": "buy", "amount": 1.5}, {"trade_seq": 1800, "trade_id": "196620322", "timestamp": 1640619636625, "tick_direction": 2, "price": 0.022, "mark_price": 0.02237678, "iv": 65.85, "instrument_name": "BTC-31DEC21-52000-C", "index_price": 51420.21, "direction": "sell", "amount": 1.3}, {"trade_seq": 1799, "trade_id": "196618882", "timestamp": 1640618338727, "tick_direction": 2, "price": 0.023, "mark_price": 0.02326969, "iv": 66.16, "instrument_name": "BTC-31DEC21-52000-C", "index_price": 51530.6, "direction": "sell", "amount": 0.2}, {"trade_seq": 1798, "trade_id": "196618801", "timestamp": 1640618334187, "tick_direction": 2, "price": 0.0235, "mark_price": 0.02327059, "iv": 67.4, "instrument_name": "BTC-31DEC21-52000-C", "index_price": 51531.66, "direction": "buy", "amount": 0.5}, {"trade_seq": 1797, "trade_id": "196618315", "timestamp": 1640617928643, "tick_direction": 2, "price": 0.024, "mark_price": 0.02362645, "iv": 67.42, "instrument_name": "BTC-31DEC21-52000-C", "index_price": 51600.08, "direction": "sell", "amount": 1.0}, {"trade_seq": 1796, "trade_id": "196617985", "timestamp": 1640617549782, "tick_direction": 1, "price": 0.0245, "mark_price": 0.02421947, "iv": 66.94, "instrument_name": "BTC-31DEC21-52000-C", "index_price": 51660.02, "direction": "sell", "amount": 0.6}, {"trade_seq": 1795, "trade_id": "196617984", "timestamp": 1640617549779, "tick_direction": 1, "price": 0.0245, "mark_price": 0.02421947, "iv": 66.94, "instrument_name": "BTC-31DEC21-52000-C", "index_price": 51660.02, "direction": "buy", "amount": 0.1}, {"trade_seq": 1794, "trade_id": "196617983", "timestamp": 1640617549779, "tick_direction": 0, "price": 0.0245, "mark_price": 0.02421947, "iv": 66.94, "instrument_name": "BTC-31DEC21-52000-C", "index_price": 51660.02, "direction": "buy", "amount": 0.2}, {"trade_seq": 1793, "trade_id": "196616996", "timestamp": 1640616897312, "tick_direction": 2, "price": 0.023, "mark_price": 0.02289203, "iv": 66.39, "instrument_name": "BTC-31DEC21-52000-C", "index_price": 51524.85, "direction": "buy", "amount": 0.1}, {"trade_seq": 1792, "trade_id": "196616048", "timestamp": 1640616461130, "tick_direction": 2, "price": 0.0235, "mark_price": 0.02337563, "iv": 66.44, "instrument_name": "BTC-31DEC21-52000-C", "index_price": 51590.4, "direction": "sell", "amount": 0.1}, {"trade_seq": 1791, "trade_id": "196615859", "timestamp": 1640616371977, "tick_direction": 0, "price": 0.0245, "mark_price": 0.02433758, "iv": 66.3, "instrument_name": "BTC-31DEC21-52000-C", "index_price": 51693.35, "direction": "buy", "amount": 0.1}, {"trade_seq": 1790, "trade_id": "196615559", "timestamp": 1640616304795, "tick_direction": 1, "price": 0.024, "mark_price": 0.02353474, "iv": 66.97, "instrument_name": "BTC-31DEC21-52000-C", "index_price": 51632.33, "direction": "sell", "amount": 1.5}, {"trade_seq": 1789, "trade_id": "196615558", "timestamp": 1640616304792, "tick_direction": 1, "price": 0.024, "mark_price": 0.02353474, "iv": 66.97, "instrument_name": "BTC-31DEC21-52000-C", "index_price": 51632.33, "direction": "buy", "amount": 1.5}, {"trade_seq": 1788, "trade_id": "196615512", "timestamp": 1640616274154, "tick_direction": 1, "price": 0.024, "mark_price": 0.02358658, "iv": 66.82, "instrument_name": "BTC-31DEC21-52000-C", "index_price": 51635.31, "direction": "sell", "amount": 1.6}, {"trade_seq": 1787, "trade_id": "196615511", "timestamp": 1640616274149, "tick_direction": 0, "price": 0.024, "mark_price": 0.02358658, "iv": 66.82, "instrument_name": "BTC-31DEC21-52000-C", "index_price": 51635.31, "direction": "buy", "amount": 1.4}, {"trade_seq": 1786, "trade_id": "196611793", "timestamp": 1640614838437, "tick_direction": 0, "price": 0.0225, "mark_price": 0.02256144, "iv": 65.8, "instrument_name": "BTC-31DEC21-52000-C", "index_price": 51491.79, "direction": "buy", "amount": 5.0}, {"trade_seq": 1785, "trade_id": "196611774", "timestamp": 1640614822168, "tick_direction": 0, "price": 0.022, "mark_price": 0.02242741, "iv": 64.96, "instrument_name": "BTC-31DEC21-52000-C", "index_price": 51476.45, "direction": "buy", "amount": 0.1}, {"trade_seq": 1784, "trade_id": "196610595", "timestamp": 1640614129756, "tick_direction": 2, "price": 0.0215, "mark_price": 0.02145557, "iv": 66.39, "instrument_name": "BTC-31DEC21-52000-C", "index_price": 51340.29, "direction": "sell", "amount": 1.0}, {"trade_seq": 1783, "trade_id": "196610360", "timestamp": 1640613907541, "tick_direction": 0, "price": 0.022, "mark_price": 0.02184915, "iv": 66.36, "instrument_name": "BTC-31DEC21-52000-C", "index_price": 51394.81, "direction": "buy", "amount": 0.1}, {"trade_seq": 1782, "trade_id": "196609522", "timestamp": 1640613333986, "tick_direction": 0, "price": 0.021, "mark_price": 0.02101851, "iv": 65.52, "instrument_name": "BTC-31DEC21-52000-C", "index_price": 51321.73, "direction": "buy", "amount": 0.1}, {"trade_seq": 1781, "trade_id": "196608615", "timestamp": 1640612558597, "tick_direction": 2, "price": 0.0205, "mark_price": 0.02049549, "iv": 64.57, "instrument_name": "BTC-31DEC21-52000-C", "index_price": 51287.29, "direction": "sell", "amount": 0.7}, {"trade_seq": 1780, "trade_id": "196606743", "timestamp": 1640611714068, "tick_direction": 0, "price": 0.021, "mark_price": 0.02057828, "iv": 64.77, "instrument_name": "BTC-31DEC21-52000-C", "index_price": 51332.2, "direction": "buy", "amount": 0.1}, {"trade_seq": 1779, "trade_id": "196603684", "timestamp": 1640610560298, "tick_direction": 1, "price": 0.0195, "mark_price": 0.01945461, "iv": 63.72, "instrument_name": "BTC-31DEC21-52000-C", "index_price": 51204.05, "direction": "buy", "amount": 0.1}, {"trade_seq": 1778, "trade_id": "196602473", "timestamp": 1640609668744, "tick_direction": 0, "price": 0.0195, "mark_price": 0.01920939, "iv": 64.0, "instrument_name": "BTC-31DEC21-52000-C", "index_price": 51184.43, "direction": "buy", "amount": 0.1}, {"trade_seq": 1777, "trade_id": "196594070", "timestamp": 1640602154702, "tick_direction": 0, "price": 0.017, "mark_price": 0.01692037, "iv": 63.48, "instrument_name": "BTC-31DEC21-52000-C", "index_price": 50828.5, "direction": "buy", "amount": 1.0}, {"trade_seq": 1776, "trade_id": "196591171", "timestamp": 1640598078428, "tick_direction": 2, "price": 0.0155, "mark_price": 0.01593013, "iv": 62.63, "instrument_name": "BTC-31DEC21-52000-C", "index_price": 50658.65, "direction": "sell", "amount": 2.0}, {"trade_seq": 1775, "trade_id": "196587763", "timestamp": 1640594129569, "tick_direction": 2, "price": 0.0165, "mark_price": 0.01687833, "iv": 62.58, "instrument_name": "BTC-31DEC21-52000-C", "index_price": 50786.36, "direction": "sell", "amount": 0.1}, {"trade_seq": 1774, "trade_id": "196583685", "timestamp": 1640590012423, "tick_direction": 2, "price": 0.018, "mark_price": 0.01805987, "iv": 63.79, "instrument_name": "BTC-31DEC21-52000-C", "index_price": 50900.6, "direction": "sell", "amount": 0.5}, {"trade_seq": 1773, "trade_id": "196576009", "timestamp": 1640581626180, "tick_direction": 1, "price": 0.019, "mark_price": 0.01872246, "iv": 64.84, "instrument_name": "BTC-31DEC21-52000-C", "index_price": 50967.89, "direction": "buy", "amount": 8.1}, {"trade_seq": 1772, "trade_id": "196576008", "timestamp": 1640581626180, "tick_direction": 1, "price": 0.019, "mark_price": 0.01872246, "iv": 64.84, "instrument_name": "BTC-31DEC21-52000-C", "index_price": 50967.89, "direction": "buy", "amount": 0.1}, {"trade_seq": 1771, "trade_id": "196576007", "timestamp": 1640581626180, "tick_direction": 0, "price": 0.019, "mark_price": 0.01872246, "iv": 64.84, "instrument_name": "BTC-31DEC21-52000-C", "index_price": 50967.89, "direction": "buy", "amount": 1.8}, {"trade_seq": 1770, "trade_id": "196574782", "timestamp": 1640580254164, "tick_direction": 3, "price": 0.0185, "mark_price": 0.01921923, "iv": 62.78, "instrument_name": "BTC-31DEC21-52000-C", "index_price": 50985.55, "direction": "buy", "amount": 7.1}, {"trade_seq": 1769, "trade_id": "196574781", "timestamp": 1640580254157, "tick_direction": 3, "price": 0.0185, "mark_price": 0.01921923, "iv": 62.78, "instrument_name": "BTC-31DEC21-52000-C", "index_price": 50985.55, "direction": "sell", "amount": 2.3}, {"trade_seq": 1768, "trade_id": "196574780", "timestamp": 1640580254157, "tick_direction": 3, "price": 0.0185, "mark_price": 0.01921923, "iv": 62.78, "instrument_name": "BTC-31DEC21-52000-C", "index_price": 50985.55, "direction": "sell", "amount": 0.1}, {"trade_seq": 1767, "trade_id": "196574779", "timestamp": 1640580254157, "tick_direction": 2, "price": 0.0185, "mark_price": 0.01921923, "iv": 62.78, "instrument_name": "BTC-31DEC21-52000-C", "index_price": 50985.55, "direction": "sell", "amount": 2.5}, {"trade_seq": 1766, "trade_id": "196572952", "timestamp": 1640578445865, "tick_direction": 3, "price": 0.02, "mark_price": 0.01987488, "iv": 64.69, "instrument_name": "BTC-31DEC21-52000-C", "index_price": 51067.68, "direction": "sell", "amount": 1.1}, {"trade_seq": 1765, "trade_id": "196572951", "timestamp": 1640578443551, "tick_direction": 3, "price": 0.02, "mark_price": 0.01983167, "iv": 64.79, "instrument_name": "BTC-31DEC21-52000-C", "index_price": 51063.2, "direction": "buy", "amount": 0.1}, {"trade_seq": 1764, "trade_id": "196570103", "timestamp": 1640575681803, "tick_direction": 3, "price": 0.02, "mark_price": 0.02028544, "iv": 64.29, "instrument_name": "BTC-31DEC21-52000-C", "index_price": 51071.08, "direction": "buy", "amount": 0.4}, {"trade_seq": 1763, "trade_id": "196570102", "timestamp": 1640575668010, "tick_direction": 3, "price": 0.02, "mark_price": 0.0203554, "iv": 64.2, "instrument_name": "BTC-31DEC21-52000-C", "index_price": 51075.33, "direction": "buy", "amount": 0.4}, {"trade_seq": 1762, "trade_id": "196570084", "timestamp": 1640575662383, "tick_direction": 3, "price": 0.02, "mark_price": 0.0204042, "iv": 64.12, "instrument_name": "BTC-31DEC21-52000-C", "index_price": 51077.33, "direction": "sell", "amount": 1.9}, {"trade_seq": 1761, "trade_id": "196570077", "timestamp": 1640575652444, "tick_direction": 2, "price": 0.02, "mark_price": 0.02041854, "iv": 64.08, "instrument_name": "BTC-31DEC21-52000-C", "index_price": 51079.25, "direction": "sell", "amount": 0.3}, {"trade_seq": 1760, "trade_id": "196569912", "timestamp": 1640575612025, "tick_direction": 2, "price": 0.0205, "mark_price": 0.02063655, "iv": 64.76, "instrument_name": "BTC-31DEC21-52000-C", "index_price": 51100.76, "direction": "sell", "amount": 0.4}, {"trade_seq": 1759, "trade_id": "196569860", "timestamp": 1640575605161, "tick_direction": 1, "price": 0.021, "mark_price": 0.02081337, "iv": 65.53, "instrument_name": "BTC-31DEC21-52000-C", "index_price": 51119.55, "direction": "buy", "amount": 4.2}, {"trade_seq": 1758, "trade_id": "196569747", "timestamp": 1640575588281, "tick_direction": 0, "price": 0.021, "mark_price": 0.02082864, "iv": 65.43, "instrument_name": "BTC-31DEC21-52000-C", "index_price": 51128.87, "direction": "buy", "amount": 2.0}, {"trade_seq": 1757, "trade_id": "196569383", "timestamp": 1640575371564, "tick_direction": 1, "price": 0.0205, "mark_price": 0.02027517, "iv": 64.96, "instrument_name": "BTC-31DEC21-52000-C", "index_price": 51074.68, "direction": "sell", "amount": 2.8}, {"trade_seq": 1756, "trade_id": "196569350", "timestamp": 1640575346637, "tick_direction": 0, "price": 0.0205, "mark_price": 0.02006065, "iv": 65.49, "instrument_name": "BTC-31DEC21-52000-C", "index_price": 51054.3, "direction": "buy", "amount": 2.0}, {"trade_seq": 1755, "trade_id": "196568359", "timestamp": 1640573684577, "tick_direction": 0, "price": 0.019, "mark_price": 0.01893741, "iv": 64.6, "instrument_name": "BTC-31DEC21-52000-C", "index_price": 50925.37, "direction": "buy", "amount": 0.2}, {"trade_seq": 1754, "trade_id": "196567099", "timestamp": 1640571934314, "tick_direction": 2, "price": 0.0175, "mark_price": 0.018018, "iv": 63.63, "instrument_name": "BTC-31DEC21-52000-C", "index_price": 50771.28, "direction": "sell", "amount": 1.0}, {"trade_seq": 1753, "trade_id": "196566651", "timestamp": 1640571001931, "tick_direction": 0, "price": 0.018, "mark_price": 0.01815316, "iv": 64.65, "instrument_name": "BTC-31DEC21-52000-C", "index_price": 50768.35, "direction": "buy", "amount": 0.2}, {"trade_seq": 1752, "trade_id": "196564969", "timestamp": 1640567759551, "tick_direction": 3, "price": 0.016, "mark_price": 0.01639748, "iv": 64.45, "instrument_name": "BTC-31DEC21-52000-C", "index_price": 50486.8, "direction": "sell", "amount": 0.4}, {"trade_seq": 1751, "trade_id": "196564968", "timestamp": 1640567759551, "tick_direction": 3, "price": 0.016, "mark_price": 0.01639748, "iv": 64.45, "instrument_name": "BTC-31DEC21-52000-C", "index_price": 50486.8, "direction": "sell", "amount": 2.4}, {"trade_seq": 1750, "trade_id": "196564967", "timestamp": 1640567759551, "tick_direction": 2, "price": 0.016, "mark_price": 0.01639748, "iv": 64.45, "instrument_name": "BTC-31DEC21-52000-C", "index_price": 50486.8, "direction": "sell", "amount": 0.2}, {"trade_seq": 1749, "trade_id": "196561072", "timestamp": 1640565495682, "tick_direction": 2, "price": 0.018, "mark_price": 0.0181395, "iv": 64.71, "instrument_name": "BTC-31DEC21-52000-C", "index_price": 50760.09, "direction": "sell", "amount": 2.1}, {"trade_seq": 1748, "trade_id": "196555377", "timestamp": 1640559581354, "tick_direction": 0, "price": 0.0205, "mark_price": 0.02046104, "iv": 65.16, "instrument_name": "BTC-31DEC21-52000-C", "index_price": 51014.58, "direction": "buy", "amount": 0.2}, {"trade_seq": 1747, "trade_id": "196552570", "timestamp": 1640557400839, "tick_direction": 3, "price": 0.02, "mark_price": 0.01955476, "iv": 66.75, "instrument_name": "BTC-31DEC21-52000-C", "index_price": 50862.53, "direction": "buy", "amount": 2.3}, {"trade_seq": 1746, "trade_id": "196552569", "timestamp": 1640557400839, "tick_direction": 2, "price": 0.02, "mark_price": 0.01955476, "iv": 66.75, "instrument_name": "BTC-31DEC21-52000-C", "index_price": 50862.53, "direction": "buy", "amount": 0.1}, {"trade_seq": 1745, "trade_id": "196548431", "timestamp": 1640555222684, "tick_direction": 0, "price": 0.0205, "mark_price": 0.02045038, "iv": 66.19, "instrument_name": "BTC-31DEC21-52000-C", "index_price": 50928.53, "direction": "buy", "amount": 0.8}, {"trade_seq": 1744, "trade_id": "196548232", "timestamp": 1640555187202, "tick_direction": 1, "price": 0.02, "mark_price": 0.02029788, "iv": 65.46, "instrument_name": "BTC-31DEC21-52000-C", "index_price": 50907.24, "direction": "buy", "amount": 0.1}, {"trade_seq": 1743, "trade_id": "196548184", "timestamp": 1640555179396, "tick_direction": 1, "price": 0.02, "mark_price": 0.02002125, "iv": 66.05, "instrument_name": "BTC-31DEC21-52000-C", "index_price": 50871.61, "direction": "buy", "amount": 0.1}, {"trade_seq": 1742, "trade_id": "196547031", "timestamp": 1640554848552, "tick_direction": 0, "price": 0.02, "mark_price": 0.0199177, "iv": 66.59, "instrument_name": "BTC-31DEC21-52000-C", "index_price": 50835.8, "direction": "buy", "amount": 0.2}, {"trade_seq": 1741, "trade_id": "196541260", "timestamp": 1640552953409, "tick_direction": 2, "price": 0.015, "mark_price": 0.01518148, "iv": 66.83, "instrument_name": "BTC-31DEC21-52000-C", "index_price": 50116.43, "direction": "buy", "amount": 0.2}, {"trade_seq": 1740, "trade_id": "196541055", "timestamp": 1640552869017, "tick_direction": 2, "price": 0.0155, "mark_price": 0.01551434, "iv": 67.44, "instrument_name": "BTC-31DEC21-52000-C", "index_price": 50159.99, "direction": "sell", "amount": 0.7}, {"trade_seq": 1739, "trade_id": "196540011", "timestamp": 1640551221940, "tick_direction": 0, "price": 0.017, "mark_price": 0.01656788, "iv": 67.93, "instrument_name": "BTC-31DEC21-52000-C", "index_price": 50347.44, "direction": "buy", "amount": 0.1}, {"trade_seq": 1738, "trade_id": "196538273", "timestamp": 1640546530148, "tick_direction": 1, "price": 0.0165, "mark_price": 0.01661122, "iv": 66.4, "instrument_name": "BTC-31DEC21-52000-C", "index_price": 50336.05, "direction": "buy", "amount": 0.1}, {"trade_seq": 1737, "trade_id": "196535350", "timestamp": 1640544146208, "tick_direction": 1, "price": 0.0165, "mark_price": 0.01621805, "iv": 67.41, "instrument_name": "BTC-31DEC21-52000-C", "index_price": 50266.8, "direction": "sell", "amount": 0.7}, {"trade_seq": 1736, "trade_id": "196533801", "timestamp": 1640541299872, "tick_direction": 1, "price": 0.0165, "mark_price": 0.01700706, "iv": 66.14, "instrument_name": "BTC-31DEC21-52000-C", "index_price": 50286.09, "direction": "sell", "amount": 0.5}, {"trade_seq": 1735, "trade_id": "196533800", "timestamp": 1640541299872, "tick_direction": 1, "price": 0.0165, "mark_price": 0.01700706, "iv": 66.14, "instrument_name": "BTC-31DEC21-52000-C", "index_price": 50286.09, "direction": "sell", "amount": 0.2}, {"trade_seq": 1734, "trade_id": "196533799", "timestamp": 1640541299872, "tick_direction": 1, "price": 0.0165, "mark_price": 0.01700706, "iv": 66.14, "instrument_name": "BTC-31DEC21-52000-C", "index_price": 50286.09, "direction": "sell", "amount": 0.3}, {"trade_seq": 1733, "trade_id": "196533795", "timestamp": 1640541299780, "tick_direction": 1, "price": 0.0165, "mark_price": 0.01700706, "iv": 66.14, "instrument_name": "BTC-31DEC21-52000-C", "index_price": 50286.09, "direction": "sell", "amount": 0.1}, {"trade_seq": 1732, "trade_id": "196533792", "timestamp": 1640541299661, "tick_direction": 0, "price": 0.0165, "mark_price": 0.01700706, "iv": 66.14, "instrument_name": "BTC-31DEC21-52000-C", "index_price": 50286.09, "direction": "sell", "amount": 1.1}, {"trade_seq": 1731, "trade_id": "196529758", "timestamp": 1640535321473, "tick_direction": 3, "price": 0.0155, "mark_price": 0.01568751, "iv": 67.22, "instrument_name": "BTC-31DEC21-52000-C", "index_price": 50087.61, "direction": "sell", "amount": 0.2}, {"trade_seq": 1730, "trade_id": "196528714", "timestamp": 1640533815038, "tick_direction": 2, "price": 0.0155, "mark_price": 0.01564483, "iv": 67.39, "instrument_name": "BTC-31DEC21-52000-C", "index_price": 50058.57, "direction": "buy", "amount": 0.2}, {"trade_seq": 1729, "trade_id": "196528350", "timestamp": 1640533438981, "tick_direction": 2, "price": 0.0165, "mark_price": 0.01635444, "iv": 68.07, "instrument_name": "BTC-31DEC21-52000-C", "index_price": 50161.37, "direction": "buy", "amount": 0.4}, {"trade_seq": 1728, "trade_id": "196527055", "timestamp": 1640532195608, "tick_direction": 0, "price": 0.017, "mark_price": 0.01684123, "iv": 67.43, "instrument_name": "BTC-31DEC21-52000-C", "index_price": 50275.56, "direction": "buy", "amount": 1.3}, {"trade_seq": 1727, "trade_id": "196526878", "timestamp": 1640532188223, "tick_direction": 0, "price": 0.0165, "mark_price": 0.01647261, "iv": 67.07, "instrument_name": "BTC-31DEC21-52000-C", "index_price": 50216.7, "direction": "buy", "amount": 1.0}, {"trade_seq": 1726, "trade_id": "196524891", "timestamp": 1640531781904, "tick_direction": 3, "price": 0.0145, "mark_price": 0.01497797, "iv": 66.0, "instrument_name": "BTC-31DEC21-52000-C", "index_price": 49961.5, "direction": "sell", "amount": 0.2}, {"trade_seq": 1725, "trade_id": "196524236", "timestamp": 1640530315879, "tick_direction": 2, "price": 0.0145, "mark_price": 0.01491802, "iv": 65.99, "instrument_name": "BTC-31DEC21-52000-C", "index_price": 49966.22, "direction": "sell", "amount": 0.2}, {"trade_seq": 1724, "trade_id": "196522344", "timestamp": 1640527430221, "tick_direction": 0, "price": 0.015, "mark_price": 0.01464799, "iv": 67.98, "instrument_name": "BTC-31DEC21-52000-C", "index_price": 49880.38, "direction": "buy", "amount": 3.4}, {"trade_seq": 1723, "trade_id": "196522335", "timestamp": 1640527373546, "tick_direction": 0, "price": 0.0145, "mark_price": 0.01466438, "iv": 66.69, "instrument_name": "BTC-31DEC21-52000-C", "index_price": 49895.74, "direction": "sell", "amount": 0.2}, {"trade_seq": 1722, "trade_id": "196521938", "timestamp": 1640526381719, "tick_direction": 3, "price": 0.014, "mark_price": 0.0145178, "iv": 65.72, "instrument_name": "BTC-31DEC21-52000-C", "index_price": 49880.72, "direction": "sell", "amount": 1.9}, {"trade_seq": 1721, "trade_id": "196521937", "timestamp": 1640526381719, "tick_direction": 2, "price": 0.014, "mark_price": 0.0145178, "iv": 65.72, "instrument_name": "BTC-31DEC21-52000-C", "index_price": 49880.72, "direction": "sell", "amount": 0.2}, {"trade_seq": 1720, "trade_id": "196521689", "timestamp": 1640525872448, "tick_direction": 2, "price": 0.0145, "mark_price": 0.01488712, "iv": 66.16, "instrument_name": "BTC-31DEC21-52000-C", "index_price": 49907.42, "direction": "sell", "amount": 0.2}, {"trade_seq": 1719, "trade_id": "196521193", "timestamp": 1640524590480, "tick_direction": 0, "price": 0.0155, "mark_price": 0.01512251, "iv": 67.91, "instrument_name": "BTC-31DEC21-52000-C", "index_price": 49956.86, "direction": "buy", "amount": 0.2}, {"trade_seq": 1718, "trade_id": "196521168", "timestamp": 1640524406489, "tick_direction": 1, "price": 0.0145, "mark_price": 0.01485706, "iv": 66.02, "instrument_name": "BTC-31DEC21-52000-C", "index_price": 49914.61, "direction": "sell", "amount": 0.2}, {"trade_seq": 1717, "trade_id": "196520425", "timestamp": 1640522940921, "tick_direction": 1, "price": 0.0145, "mark_price": 0.01486649, "iv": 65.75, "instrument_name": "BTC-31DEC21-52000-C", "index_price": 49934.56, "direction": "sell", "amount": 0.2}, {"trade_seq": 1716, "trade_id": "196520418", "timestamp": 1640522940560, "tick_direction": 0, "price": 0.0145, "mark_price": 0.01486649, "iv": 65.75, "instrument_name": "BTC-31DEC21-52000-C", "index_price": 49931.86, "direction": "sell", "amount": 0.2}, {"trade_seq": 1715, "trade_id": "196518532", "timestamp": 1640520091453, "tick_direction": 0, "price": 0.014, "mark_price": 0.01365326, "iv": 67.85, "instrument_name": "BTC-31DEC21-52000-C", "index_price": 49695.83, "direction": "buy", "amount": 0.2}, {"trade_seq": 1714, "trade_id": "196515488", "timestamp": 1640519311355, "tick_direction": 2, "price": 0.013, "mark_price": 0.01266966, "iv": 67.33, "instrument_name": "BTC-31DEC21-52000-C", "index_price": 49566.99, "direction": "sell", "amount": 0.1}, {"trade_seq": 1713, "trade_id": "196514893", "timestamp": 1640519300807, "tick_direction": 3, "price": 0.0135, "mark_price": 0.01353652, "iv": 66.17, "instrument_name": "BTC-31DEC21-52000-C", "index_price": 49714.85, "direction": "sell", "amount": 0.1}, {"trade_seq": 1712, "trade_id": "196514892", "timestamp": 1640519300807, "tick_direction": 2, "price": 0.0135, "mark_price": 0.01353652, "iv": 66.17, "instrument_name": "BTC-31DEC21-52000-C", "index_price": 49714.85, "direction": "sell", "amount": 0.1}, {"trade_seq": 1711, "trade_id": "196514140", "timestamp": 1640519217737, "tick_direction": 2, "price": 0.014, "mark_price": 0.01417532, "iv": 65.77, "instrument_name": "BTC-31DEC21-52000-C", "index_price": 49789.95, "direction": "sell", "amount": 0.1}, {"trade_seq": 1710, "trade_id": "196511110", "timestamp": 1640515010984, "tick_direction": 0, "price": 0.0155, "mark_price": 0.01512654, "iv": 65.83, "instrument_name": "BTC-31DEC21-52000-C", "index_price": 50047.34, "direction": "buy", "amount": 4.6}, {"trade_seq": 1709, "trade_id": "196506641", "timestamp": 1640510432305, "tick_direction": 2, "price": 0.015, "mark_price": 0.01548456, "iv": 65.57, "instrument_name": "BTC-31DEC21-52000-C", "index_price": 49948.29, "direction": "sell", "amount": 0.2}, {"trade_seq": 1708, "trade_id": "196505549", "timestamp": 1640507806978, "tick_direction": 0, "price": 0.016, "mark_price": 0.01588255, "iv": 67.02, "instrument_name": "BTC-31DEC21-52000-C", "index_price": 49999.65, "direction": "buy", "amount": 0.2}, {"trade_seq": 1707, "trade_id": "196503779", "timestamp": 1640506321275, "tick_direction": 0, "price": 0.0155, "mark_price": 0.01568839, "iv": 65.89, "instrument_name": "BTC-31DEC21-52000-C", "index_price": 49978.89, "direction": "buy", "amount": 0.2}, {"trade_seq": 1706, "trade_id": "196503716", "timestamp": 1640506218106, "tick_direction": 2, "price": 0.015, "mark_price": 0.01574118, "iv": 64.78, "instrument_name": "BTC-31DEC21-52000-C", "index_price": 49976.6, "direction": "sell", "amount": 0.1}, {"trade_seq": 1705, "trade_id": "196503076", "timestamp": 1640505606574, "tick_direction": 2, "price": 0.0155, "mark_price": 0.01587952, "iv": 66.13, "instrument_name": "BTC-31DEC21-52000-C", "index_price": 49963.19, "direction": "sell", "amount": 0.1}, {"trade_seq": 1704, "trade_id": "196502812", "timestamp": 1640505535125, "tick_direction": 0, "price": 0.016, "mark_price": 0.01592496, "iv": 67.24, "instrument_name": "BTC-31DEC21-52000-C", "index_price": 49974.99, "direction": "buy", "amount": 0.1}, {"trade_seq": 1703, "trade_id": "196501608", "timestamp": 1640504869852, "tick_direction": 2, "price": 0.0155, "mark_price": 0.01540523, "iv": 67.26, "instrument_name": "BTC-31DEC21-52000-C", "index_price": 49898.51, "direction": "sell", "amount": 0.2}, {"trade_seq": 1702, "trade_id": "196499794", "timestamp": 1640501264169, "tick_direction": 1, "price": 0.016, "mark_price": 0.01541865, "iv": 68.23, "instrument_name": "BTC-31DEC21-52000-C", "index_price": 49899.86, "direction": "buy", "amount": 0.1}, {"trade_seq": 1701, "trade_id": "196499793", "timestamp": 1640501264169, "tick_direction": 1, "price": 0.016, "mark_price": 0.01541865, "iv": 68.23, "instrument_name": "BTC-31DEC21-52000-C", "index_price": 49899.86, "direction": "buy", "amount": 0.7}, {"trade_seq": 1700, "trade_id": "196499792", "timestamp": 1640501264169, "tick_direction": 1, "price": 0.016, "mark_price": 0.01541865, "iv": 68.23, "instrument_name": "BTC-31DEC21-52000-C", "index_price": 49899.86, "direction": "buy", "amount": 2.2}, {"trade_seq": 1699, "trade_id": "196498821", "timestamp": 1640499223154, "tick_direction": 0, "price": 0.016, "mark_price": 0.01588497, "iv": 67.33, "instrument_name": "BTC-31DEC21-52000-C", "index_price": 49941.37, "direction": "sell", "amount": 0.5}, {"trade_seq": 1698, "trade_id": "196498576", "timestamp": 1640498441568, "tick_direction": 2, "price": 0.015, "mark_price": 0.01545795, "iv": 65.9, "instrument_name": "BTC-31DEC21-52000-C", "index_price": 49874.5, "direction": "sell", "amount": 0.2}, {"trade_seq": 1697, "trade_id": "196498232", "timestamp": 1640497441230, "tick_direction": 0, "price": 0.016, "mark_price": 0.01607079, "iv": 67.04, "instrument_name": "BTC-31DEC21-52000-C", "index_price": 49959.64, "direction": "sell", "amount": 0.1}, {"trade_seq": 1696, "trade_id": "196496415", "timestamp": 1640493471252, "tick_direction": 3, "price": 0.015, "mark_price": 0.0152877, "iv": 66.69, "instrument_name": "BTC-31DEC21-52000-C", "index_price": 49797.77, "direction": "buy", "amount": 0.1}, {"trade_seq": 1695, "trade_id": "196493034", "timestamp": 1640490683619, "tick_direction": 3, "price": 0.015, "mark_price": 0.01550254, "iv": 66.85, "instrument_name": "BTC-31DEC21-52000-C", "index_price": 49758.22, "direction": "sell", "amount": 2.0}, {"trade_seq": 1694, "trade_id": "196493033", "timestamp": 1640490683619, "tick_direction": 3, "price": 0.015, "mark_price": 0.01550254, "iv": 66.85, "instrument_name": "BTC-31DEC21-52000-C", "index_price": 49758.22, "direction": "sell", "amount": 0.2}