{"trades": [{"trade_seq": 42, "trade_id": "195001500", "timestamp": 1639446455880, "tick_direction": 2, "price": 0.4825, "mark_price": 0.48717206, "iv": 0.0, "instrument_name": "BTC-31DEC21-24000-C", "index_price": 46626.92, "direction": "buy", "amount": 0.5}, {"trade_seq": 41, "trade_id": "194635987", "timestamp": 1639211463638, "tick_direction": 2, "price": 0.51, "mark_price": 0.51135795, "iv": 0.0, "instrument_name": "BTC-31DEC21-24000-C", "index_price": 48838.1, "direction": "buy", "amount": 0.3}, {"trade_seq": 40, "trade_id": "194074432", "timestamp": 1638910985328, "tick_direction": 2, "price": 0.527, "mark_price": 0.52760703, "iv": 99.85, "instrument_name": "BTC-31DEC21-24000-C", "index_price": 50491.77, "direction": "buy", "amount": 0.5}, {"trade_seq": 39, "trade_id": "185728061", "timestamp": 1634819239982, "tick_direction": 0, "price": 0.6425, "mark_price": 0.64571006, "iv": 87.07, "instrument_name": "BTC-31DEC21-24000-C", "index_price": 64821.25, "direction": "sell", "amount": 6.7}, {"trade_seq": 38, "trade_id": "182353912", "timestamp": 1633084906391, "tick_direction": 0, "price": 0.5195, "mark_price": 0.51919748, "iv": 103.56, "instrument_name": "BTC-31DEC21-24000-C", "index_price": 47578.73, "direction": "buy", "amount": 9.0}, {"trade_seq": 37, "trade_id": "173352511", "timestamp": 1628265809684, "tick_direction": 0, "price": 0.495, "mark_price": 0.49303504, "iv": 95.33, "instrument_name": "BTC-31DEC21-24000-C", "index_price": 42858.59, "direction": "sell", "amount": 0.6}, {"trade_seq": 36, "trade_id": "173350992", "timestamp": 1628265799734, "tick_direction": 1, "price": 0.4915, "mark_price": 0.4906431, "iv": 94.24, "instrument_name": "BTC-31DEC21-24000-C", "index_price": 42653.14, "direction": "buy", "amount": 0.7}, {"trade_seq": 35, "trade_id": "173350984", "timestamp": 1628265799696, "tick_direction": 1, "price": 0.4915, "mark_price": 0.4906431, "iv": 94.24, "instrument_name": "BTC-31DEC21-24000-C", "index_price": 42653.14, "direction": "buy", "amount": 0.2}, {"trade_seq": 34, "trade_id": "173350979", "timestamp": 1628265799668, "tick_direction": 0, "price": 0.4915, "mark_price": 0.4906431, "iv": 94.24, "instrument_name": "BTC-31DEC21-24000-C", "index_price": 42653.14, "direction": "buy", "amount": 2.8}, {"trade_seq": 33, "trade_id": "165201564", "timestamp": 1624630454812, "tick_direction": 2, "price": 0.4035, "mark_price": 0.40985641, "iv": 92.42, "instrument_name": "BTC-31DEC21-24000-C", "index_price": 33433.6, "direction": "sell", "amount": 0.1}, {"trade_seq": 32, "trade_id": "127301214", "timestamp": 1613171762593, "tick_direction": 3, "price": 0.612, "mark_price": 0.62001069, "iv": 93.59, "instrument_name": "BTC-31DEC21-24000-C", "index_price": 47730.96, "direction": "sell", "amount": 0.3}, {"trade_seq": 31, "trade_id": "127301213", "timestamp": 1613171762593, "tick_direction": 3, "price": 0.612, "mark_price": 0.62001069, "iv": 93.59, "instrument_name": "BTC-31DEC21-24000-C", "index_price": 47730.96, "direction": "sell", "amount": 0.1}, {"trade_seq": 30, "trade_id": "127301212", "timestamp": 1613171762593, "tick_direction": 2, "price": 0.612, "mark_price": 0.62001069, "iv": 93.59, "instrument_name": "BTC-31DEC21-24000-C", "index_price": 47730.96, "direction": "sell", "amount": 0.1}, {"trade_seq": 29, "trade_id": "127042081", "timestamp": 1613094049441, "tick_direction": 0, "price": 0.624, "mark_price": 0.62335963, "iv": 100.48, "instrument_name": "BTC-31DEC21-24000-C", "index_price": 48305.01, "direction": "sell", "amount": 0.1}, {"trade_seq": 28, "trade_id": "126829745", "timestamp": 1613045083569, "tick_direction": 2, "price": 0.61, "mark_price": 0.61209474, "iv": 98.83, "instrument_name": "BTC-31DEC21-24000-C", "index_price": 46651.11, "direction": "buy", "amount": 0.2}, {"trade_seq": 27, "trade_id": "126281746", "timestamp": 1612864122853, "tick_direction": 1, "price": 0.616, "mark_price": 0.61978278, "iv": 100.83, "instrument_name": "BTC-31DEC21-24000-C", "index_price": 46581.62, "direction": "buy", "amount": 1.0}, {"trade_seq": 26, "trade_id": "126281677", "timestamp": 1612864109139, "tick_direction": 0, "price": 0.616, "mark_price": 0.61936156, "iv": 101.05, "instrument_name": "BTC-31DEC21-24000-C", "index_price": 46558.66, "direction": "buy", "amount": 1.0}, {"trade_seq": 25, "trade_id": "125272246", "timestamp": 1612603426141, "tick_direction": 2, "price": 0.552, "mark_price": 0.56311218, "iv": 93.97, "instrument_name": "BTC-31DEC21-24000-C", "index_price": 39642.66, "direction": "sell", "amount": 0.1}, {"trade_seq": 24, "trade_id": "125272245", "timestamp": 1612603426141, "tick_direction": 2, "price": 0.556, "mark_price": 0.56311218, "iv": 96.0, "instrument_name": "BTC-31DEC21-24000-C", "index_price": 39642.66, "direction": "sell", "amount": 0.1}, {"trade_seq": 23, "trade_id": "119356561", "timestamp": 1610982755245, "tick_direction": 2, "price": 0.557, "mark_price": 0.56429288, "iv": 107.03, "instrument_name": "BTC-31DEC21-24000-C", "index_price": 36411.58, "direction": "buy", "amount": 1.8}, {"trade_seq": 22, "trade_id": "118277288", "timestamp": 1610673458921, "tick_direction": 0, "price": 0.606, "mark_price": 0.5896032, "iv": 116.99, "instrument_name": "BTC-31DEC21-24000-C", "index_price": 39566.52, "direction": "buy", "amount": 0.2}, {"trade_seq": 21, "trade_id": "117060881", "timestamp": 1610403986240, "tick_direction": 3, "price": 0.559, "mark_price": 0.55031475, "iv": 112.26, "instrument_name": "BTC-31DEC21-24000-C", "index_price": 34844.36, "direction": "sell", "amount": 0.5}, {"trade_seq": 20, "trade_id": "117059022", "timestamp": 1610403629563, "tick_direction": 2, "price": 0.559, "mark_price": 0.55063219, "iv": 112.69, "instrument_name": "BTC-31DEC21-24000-C", "index_price": 34780.39, "direction": "sell", "amount": 1.0}, {"trade_seq": 19, "trade_id": "117057987", "timestamp": 1610403495705, "tick_direction": 0, "price": 0.5595, "mark_price": 0.55038395, "iv": 113.44, "instrument_name": "BTC-31DEC21-24000-C", "index_price": 34556.15, "direction": "buy", "amount": 0.5}, {"trade_seq": 18, "trade_id": "114093957", "timestamp": 1609951081805, "tick_direction": 2, "price": 0.5105, "mark_price": 0.5187718, "iv": 87.99, "instrument_name": "BTC-31DEC21-24000-C", "index_price": 34977.86, "direction": "sell", "amount": 0.1}, {"trade_seq": 17, "trade_id": "114093852", "timestamp": 1609951027634, "tick_direction": 0, "price": 0.5155, "mark_price": 0.51959273, "iv": 89.95, "instrument_name": "BTC-31DEC21-24000-C", "index_price": 35007.72, "direction": "sell", "amount": 0.1}, {"trade_seq": 16, "trade_id": "113180756", "timestamp": 1609755477717, "tick_direction": 2, "price": 0.43, "mark_price": 0.42423134, "iv": 83.15, "instrument_name": "BTC-31DEC21-24000-C", "index_price": 28287.23, "direction": "sell", "amount": 0.1}, {"trade_seq": 15, "trade_id": "112322822", "timestamp": 1609571758685, "tick_direction": 0, "price": 0.431, "mark_price": 0.43049808, "iv": 79.86, "instrument_name": "BTC-31DEC21-24000-C", "index_price": 29810.11, "direction": "sell", "amount": 0.1}, {"trade_seq": 14, "trade_id": "111035306", "timestamp": 1609059987195, "tick_direction": 0, "price": 0.3995, "mark_price": 0.40016146, "iv": 76.81, "instrument_name": "BTC-31DEC21-24000-C", "index_price": 27572.24, "direction": "buy", "amount": 0.5}, {"trade_seq": 13, "trade_id": "110715177", "timestamp": 1608926580132, "tick_direction": 2, "price": 0.3525, "mark_price": 0.34522639, "iv": 79.87, "instrument_name": "BTC-31DEC21-24000-C", "index_price": 24459.61, "direction": "buy", "amount": 0.4}, {"trade_seq": 12, "trade_id": "110652653", "timestamp": 1608900448385, "tick_direction": 0, "price": 0.353, "mark_price": 0.34183709, "iv": 79.85, "instrument_name": "BTC-31DEC21-24000-C", "index_price": 24488.85, "direction": "buy", "amount": 0.1}, {"trade_seq": 11, "trade_id": "110614354", "timestamp": 1608891008133, "tick_direction": 1, "price": 0.3445, "mark_price": 0.33999957, "iv": 79.77, "instrument_name": "BTC-31DEC21-24000-C", "index_price": 23923.57, "direction": "buy", "amount": 0.1}, {"trade_seq": 10, "trade_id": "110614353", "timestamp": 1608891008133, "tick_direction": 1, "price": 0.3445, "mark_price": 0.33999957, "iv": 79.77, "instrument_name": "BTC-31DEC21-24000-C", "index_price": 23923.57, "direction": "buy", "amount": 0.1}, {"trade_seq": 9, "trade_id": "110614352", "timestamp": 1608891008133, "tick_direction": 0, "price": 0.3445, "mark_price": 0.33999957, "iv": 79.77, "instrument_name": "BTC-31DEC21-24000-C", "index_price": 23923.57, "direction": "buy", "amount": 0.1}, {"trade_seq": 8, "trade_id": "110570209", "timestamp": 1608879791453, "tick_direction": 2, "price": 0.33, "mark_price": 0.32482596, "iv": 77.53, "instrument_name": "BTC-31DEC21-24000-C", "index_price": 23579.28, "direction": "buy", "amount": 0.2}, {"trade_seq": 7, "trade_id": "110570124", "timestamp": 1608879744135, "tick_direction": 0, "price": 0.3305, "mark_price": 0.32514249, "iv": 77.58, "instrument_name": "BTC-31DEC21-24000-C", "index_price": 23602.04, "direction": "buy", "amount": 0.1}, {"trade_seq": 6, "trade_id": "110516664", "timestamp": 1608846358031, "tick_direction": 0, "price": 0.3275, "mark_price": 0.32020902, "iv": 77.64, "instrument_name": "BTC-31DEC21-24000-C", "index_price": 23473.41, "direction": "sell", "amount": 0.1}, {"trade_seq": 5, "trade_id": "110504334", "timestamp": 1608840078273, "tick_direction": 2, "price": 0.326, "mark_price": 0.31691933, "iv": 77.93, "instrument_name": "BTC-31DEC21-24000-C", "index_price": 23343.4, "direction": "sell", "amount": 0.2}, {"trade_seq": 4, "trade_id": "110461997", "timestamp": 1608818134690, "tick_direction": 2, "price": 0.3375, "mark_price": 0.31960422, "iv": 80.86, "instrument_name": "BTC-31DEC21-24000-C", "index_price": 23377.21, "direction": "sell", "amount": 1.4}, {"trade_seq": 3, "trade_id": "110442151", "timestamp": 1608810352104, "tick_direction": 0, "price": 0.3406, "mark_price": 0.34092707, "iv": 82.43, "instrument_name": "BTC-31DEC21-24000-C", "index_price": 23230.94, "direction": "sell", "block_trade_id": "4799", "amount": 50.0}, {"trade_seq": 2, "trade_id": "110440608", "timestamp": 1608809707987, "tick_direction": 0, "price": 0.336, "mark_price": 0.33891921, "iv": 81.16, "instrument_name": "BTC-31DEC21-24000-C", "index_price": 23219.86, "direction": "sell", "amount": 8.8}, {"trade_seq": 1, "trade_id": "110436442", "timestamp": 1608808237921, "tick_direction": 1, "price": 0.3335, "mark_price": 0.3186854, "iv": 81.08, "instrument_name": "BTC-31DEC21-24000-C", "index_price": 23071.64, "direction": "sell", "amount": 8.9}], "has_more": false}