{"trades": [{"trade_seq": 259, "trade_id": "234866846", "timestamp": 1668045737697, "tick_direction": 3, "price": 0.0005, "mark_price": 1e-08, "iv": 241.49, "instrument_name": "BTC-30DEC22-300000-C", "index_price": 16116.68, "direction": "sell", "amount": 0.3}, {"trade_seq": 258, "trade_id": "234863950", "timestamp": 1668044850216, "tick_direction": 3, "price": 0.0005, "mark_price": 0.0, "iv": 241.42, "instrument_name": "BTC-30DEC22-300000-C", "index_price": 16137.28, "direction": "sell", "amount": 9.7}, {"trade_seq": 257, "trade_id": "232583145", "timestamp": 1666591775750, "tick_direction": 3, "price": 0.0005, "mark_price": 1.38e-06, "iv": 197.64, "instrument_name": "BTC-30DEC22-300000-C", "index_price": 19336.43, "direction": "buy", "amount": 0.1}, {"trade_seq": 256, "trade_id": "227422166", "timestamp": 1661397649453, "tick_direction": 3, "price": 0.0005, "mark_price": 0.0007162, "iv": 138.73, "instrument_name": "BTC-30DEC22-300000-C", "index_price": 21549.99, "direction": "sell", "amount": 10.0}, {"trade_seq": 255, "trade_id": "227369171", "timestamp": 1661324729290, "tick_direction": 3, "price": 0.0005, "mark_price": 0.00072104, "iv": 138.49, "instrument_name": "BTC-30DEC22-300000-C", "index_price": 21442.48, "direction": "sell", "amount": 1.0}, {"trade_seq": 254, "trade_id": "227226046", "timestamp": 1661155784139, "tick_direction": 2, "price": 0.0005, "mark_price": 0.0008214, "iv": 138.23, "instrument_name": "BTC-30DEC22-300000-C", "index_price": 21027.45, "direction": "sell", "amount": 14.6}, {"trade_seq": 253, "trade_id": "226603945", "timestamp": 1660560795279, "tick_direction": 1, "price": 0.001, "mark_price": 0.00072167, "iv": 136.11, "instrument_name": "BTC-30DEC22-300000-C", "index_price": 24243.2, "direction": "buy", "amount": 19.5}, {"trade_seq": 252, "trade_id": "226603944", "timestamp": 1660560795279, "tick_direction": 0, "price": 0.001, "mark_price": 0.00072167, "iv": 136.11, "instrument_name": "BTC-30DEC22-300000-C", "index_price": 24243.2, "direction": "buy", "amount": 0.9}, {"trade_seq": 251, "trade_id": "226597421", "timestamp": 1660552148307, "tick_direction": 3, "price": 0.0005, "mark_price": 0.00071555, "iv": 128.88, "instrument_name": "BTC-30DEC22-300000-C", "index_price": 24011.15, "direction": "sell", "amount": 1.0}, {"trade_seq": 250, "trade_id": "226488682", "timestamp": 1660408405755, "tick_direction": 3, "price": 0.0005, "mark_price": 0.00071312, "iv": 127.2, "instrument_name": "BTC-30DEC22-300000-C", "index_price": 24484.7, "direction": "sell", "amount": 10.0}, {"trade_seq": 249, "trade_id": "225851939", "timestamp": 1659686874155, "tick_direction": 3, "price": 0.0005, "mark_price": 0.00072005, "iv": 125.68, "instrument_name": "BTC-30DEC22-300000-C", "index_price": 23234.34, "direction": "sell", "amount": 0.3}, {"trade_seq": 248, "trade_id": "224555649", "timestamp": 1658808386656, "tick_direction": 2, "price": 0.0005, "mark_price": 0.00087998, "iv": 125.34, "instrument_name": "BTC-30DEC22-300000-C", "index_price": 21130.56, "direction": "sell", "amount": 1.0}, {"trade_seq": 247, "trade_id": "224543931", "timestamp": 1658799514277, "tick_direction": 0, "price": 0.001, "mark_price": 0.00087615, "iv": 132.76, "instrument_name": "BTC-30DEC22-300000-C", "index_price": 21051.77, "direction": "buy", "amount": 0.1}, {"trade_seq": 246, "trade_id": "223748260", "timestamp": 1658308667444, "tick_direction": 3, "price": 0.0005, "mark_price": 0.00072546, "iv": 118.95, "instrument_name": "BTC-30DEC22-300000-C", "index_price": 23511.83, "direction": "sell", "amount": 5.0}, {"trade_seq": 245, "trade_id": "222779071", "timestamp": 1657716024395, "tick_direction": 3, "price": 0.0005, "mark_price": 0.00065695, "iv": 124.55, "instrument_name": "BTC-30DEC22-300000-C", "index_price": 19043.88, "direction": "sell", "amount": 11.1}, {"trade_seq": 244, "trade_id": "222655804", "timestamp": 1657610785091, "tick_direction": 3, "price": 0.0005, "mark_price": 0.00071152, "iv": 122.93, "instrument_name": "BTC-30DEC22-300000-C", "index_price": 19639.16, "direction": "sell", "amount": 6.8}, {"trade_seq": 243, "trade_id": "222476917", "timestamp": 1657394073476, "tick_direction": 3, "price": 0.0005, "mark_price": 0.0006949, "iv": 118.61, "instrument_name": "BTC-30DEC22-300000-C", "index_price": 21536.1, "direction": "sell", "amount": 20.0}, {"trade_seq": 242, "trade_id": "222476913", "timestamp": 1657394071100, "tick_direction": 3, "price": 0.0005, "mark_price": 0.00069574, "iv": 118.59, "instrument_name": "BTC-30DEC22-300000-C", "index_price": 21545.58, "direction": "sell", "amount": 20.0}, {"trade_seq": 241, "trade_id": "222476908", "timestamp": 1657394067818, "tick_direction": 3, "price": 0.0005, "mark_price": 0.00069657, "iv": 118.58, "instrument_name": "BTC-30DEC22-300000-C", "index_price": 21550.3, "direction": "sell", "amount": 20.0}, {"trade_seq": 240, "trade_id": "222476879", "timestamp": 1657394062571, "tick_direction": 3, "price": 0.0005, "mark_price": 0.00069752, "iv": 118.56, "instrument_name": "BTC-30DEC22-300000-C", "index_price": 21556.89, "direction": "sell", "amount": 20.0}, {"trade_seq": 239, "trade_id": "222476656", "timestamp": 1657394007361, "tick_direction": 3, "price": 0.0005, "mark_price": 0.00069951, "iv": 118.5, "instrument_name": "BTC-30DEC22-300000-C", "index_price": 21574.8, "direction": "sell", "amount": 20.0}, {"trade_seq": 238, "trade_id": "222232022", "timestamp": 1657192090735, "tick_direction": 3, "price": 0.0005, "mark_price": 0.00071658, "iv": 119.67, "instrument_name": "BTC-30DEC22-300000-C", "index_price": 20466.13, "direction": "sell", "amount": 50.0}, {"trade_seq": 237, "trade_id": "222030594", "timestamp": 1657046753001, "tick_direction": 2, "price": 0.0005, "mark_price": 0.00071756, "iv": 120.14, "instrument_name": "BTC-30DEC22-300000-C", "index_price": 19911.16, "direction": "sell", "amount": 0.2}, {"trade_seq": 236, "trade_id": "221414632", "timestamp": 1656577329655, "tick_direction": 1, "price": 0.001, "mark_price": 0.00090026, "iv": 126.37, "instrument_name": "BTC-30DEC22-300000-C", "index_price": 19327.45, "direction": "sell", "amount": 0.1}, {"trade_seq": 235, "trade_id": "221101195", "timestamp": 1656340343997, "tick_direction": 1, "price": 0.001, "mark_price": 0.00095135, "iv": 122.88, "instrument_name": "BTC-30DEC22-300000-C", "index_price": 20695.25, "direction": "sell", "amount": 1.0}, {"trade_seq": 234, "trade_id": "221066266", "timestamp": 1656311654039, "tick_direction": 0, "price": 0.001, "mark_price": 0.00299967, "iv": 121.82, "instrument_name": "BTC-30DEC22-300000-C", "index_price": 21201.87, "direction": "sell", "amount": 8.0}, {"trade_seq": 233, "trade_id": "218590008", "timestamp": 1655206611375, "tick_direction": 3, "price": 0.0005, "mark_price": 0.00056428, "iv": 109.87, "instrument_name": "BTC-30DEC22-300000-C", "index_price": 21947.35, "direction": "sell", "amount": 0.2}, {"trade_seq": 232, "trade_id": "218447607", "timestamp": 1655176564361, "tick_direction": 3, "price": 0.0005, "mark_price": 0.00159699, "iv": 110.09, "instrument_name": "BTC-30DEC22-300000-C", "index_price": 21772.68, "direction": "sell", "amount": 9.5}, {"trade_seq": 231, "trade_id": "217753491", "timestamp": 1655042151251, "tick_direction": 3, "price": 0.0005, "mark_price": 0.00098191, "iv": 101.7, "instrument_name": "BTC-30DEC22-300000-C", "index_price": 27228.55, "direction": "sell", "amount": 0.5}, {"trade_seq": 230, "trade_id": "217753490", "timestamp": 1655042151251, "tick_direction": 3, "price": 0.0005, "mark_price": 0.00098191, "iv": 101.7, "instrument_name": "BTC-30DEC22-300000-C", "index_price": 27228.55, "direction": "sell", "amount": 2.0}, {"trade_seq": 229, "trade_id": "217753489", "timestamp": 1655042151251, "tick_direction": 3, "price": 0.0005, "mark_price": 0.00098191, "iv": 101.7, "instrument_name": "BTC-30DEC22-300000-C", "index_price": 27228.55, "direction": "sell", "amount": 0.5}, {"trade_seq": 228, "trade_id": "217753488", "timestamp": 1655042151251, "tick_direction": 3, "price": 0.0005, "mark_price": 0.00098191, "iv": 101.7, "instrument_name": "BTC-30DEC22-300000-C", "index_price": 27228.55, "direction": "sell", "amount": 5.0}, {"trade_seq": 227, "trade_id": "217753487", "timestamp": 1655042151251, "tick_direction": 2, "price": 0.0005, "mark_price": 0.00098191, "iv": 101.7, "instrument_name": "BTC-30DEC22-300000-C", "index_price": 27228.55, "direction": "sell", "amount": 23.6}, {"trade_seq": 226, "trade_id": "217702031", "timestamp": 1655005889292, "tick_direction": 1, "price": 0.001, "mark_price": 0.00142215, "iv": 107.22, "instrument_name": "BTC-30DEC22-300000-C", "index_price": 27532.16, "direction": "sell", "amount": 3.2}, {"trade_seq": 225, "trade_id": "217702025", "timestamp": 1655005887273, "tick_direction": 1, "price": 0.001, "mark_price": 0.00142371, "iv": 107.22, "instrument_name": "BTC-30DEC22-300000-C", "index_price": 27532.05, "direction": "sell", "amount": 3.2}, {"trade_seq": 224, "trade_id": "217702024", "timestamp": 1655005885250, "tick_direction": 1, "price": 0.001, "mark_price": 0.00142537, "iv": 107.22, "instrument_name": "BTC-30DEC22-300000-C", "index_price": 27530.04, "direction": "sell", "amount": 3.2}, {"trade_seq": 223, "trade_id": "217702023", "timestamp": 1655005883228, "tick_direction": 1, "price": 0.001, "mark_price": 0.00142718, "iv": 107.22, "instrument_name": "BTC-30DEC22-300000-C", "index_price": 27530.28, "direction": "sell", "amount": 3.2}, {"trade_seq": 222, "trade_id": "217702022", "timestamp": 1655005881299, "tick_direction": 1, "price": 0.001, "mark_price": 0.0014291, "iv": 107.22, "instrument_name": "BTC-30DEC22-300000-C", "index_price": 27530.25, "direction": "sell", "amount": 3.2}, {"trade_seq": 221, "trade_id": "217255181", "timestamp": 1654759703722, "tick_direction": 1, "price": 0.001, "mark_price": 0.00115559, "iv": 102.88, "instrument_name": "BTC-30DEC22-300000-C", "index_price": 30389.51, "direction": "sell", "amount": 2.3}, {"trade_seq": 220, "trade_id": "217255169", "timestamp": 1654759694422, "tick_direction": 1, "price": 0.001, "mark_price": 0.00115913, "iv": 102.88, "instrument_name": "BTC-30DEC22-300000-C", "index_price": 30385.51, "direction": "sell", "amount": 5.2}, {"trade_seq": 219, "trade_id": "217255150", "timestamp": 1654759676735, "tick_direction": 0, "price": 0.001, "mark_price": 0.00116247, "iv": 102.9, "instrument_name": "BTC-30DEC22-300000-C", "index_price": 30376.21, "direction": "sell", "amount": 8.1}, {"trade_seq": 218, "trade_id": "217127257", "timestamp": 1654649133553, "tick_direction": 2, "price": 0.0005, "mark_price": 0.00075459, "iv": 95.75, "instrument_name": "BTC-30DEC22-300000-C", "index_price": 31177.27, "direction": "sell", "amount": 76.4}, {"trade_seq": 217, "trade_id": "216125670", "timestamp": 1653896179331, "tick_direction": 3, "price": 0.001, "mark_price": 0.00092223, "iv": 100.16, "instrument_name": "BTC-30DEC22-300000-C", "index_price": 30543.01, "direction": "sell", "amount": 2.4}, {"trade_seq": 216, "trade_id": "216125658", "timestamp": 1653896168026, "tick_direction": 3, "price": 0.001, "mark_price": 0.00092189, "iv": 100.15, "instrument_name": "BTC-30DEC22-300000-C", "index_price": 30540.42, "direction": "sell", "amount": 2.0}, {"trade_seq": 215, "trade_id": "216108906", "timestamp": 1653888299369, "tick_direction": 3, "price": 0.001, "mark_price": 0.00097551, "iv": 100.38, "instrument_name": "BTC-30DEC22-300000-C", "index_price": 30319.51, "direction": "sell", "amount": 2.7}, {"trade_seq": 214, "trade_id": "216005214", "timestamp": 1653774556954, "tick_direction": 3, "price": 0.001, "mark_price": 0.00071898, "iv": 101.67, "instrument_name": "BTC-30DEC22-300000-C", "index_price": 28997.99, "direction": "sell", "amount": 2.6}, {"trade_seq": 213, "trade_id": "215868455", "timestamp": 1653640170824, "tick_direction": 3, "price": 0.001, "mark_price": 0.00103766, "iv": 101.25, "instrument_name": "BTC-30DEC22-300000-C", "index_price": 29011.89, "direction": "sell", "amount": 3.1}, {"trade_seq": 212, "trade_id": "215868449", "timestamp": 1653640143184, "tick_direction": 3, "price": 0.001, "mark_price": 0.0010403, "iv": 101.25, "instrument_name": "BTC-30DEC22-300000-C", "index_price": 29009.24, "direction": "buy", "amount": 0.7}, {"trade_seq": 211, "trade_id": "215868448", "timestamp": 1653640142562, "tick_direction": 3, "price": 0.001, "mark_price": 0.00104068, "iv": 101.26, "instrument_name": "BTC-30DEC22-300000-C", "index_price": 29008.91, "direction": "sell", "amount": 4.3}, {"trade_seq": 210, "trade_id": "215574237", "timestamp": 1653458001872, "tick_direction": 3, "price": 0.001, "mark_price": 0.00086824, "iv": 99.8, "instrument_name": "BTC-30DEC22-300000-C", "index_price": 29841.47, "direction": "sell", "amount": 1.2}, {"trade_seq": 209, "trade_id": "215573443", "timestamp": 1653457420708, "tick_direction": 3, "price": 0.001, "mark_price": 0.00082932, "iv": 99.71, "instrument_name": "BTC-30DEC22-300000-C", "index_price": 29938.69, "direction": "sell", "amount": 1.7}, {"trade_seq": 208, "trade_id": "215368520", "timestamp": 1653294992462, "tick_direction": 3, "price": 0.001, "mark_price": 0.00095516, "iv": 98.77, "instrument_name": "BTC-30DEC22-300000-C", "index_price": 30319.1, "direction": "sell", "amount": 2.4}, {"trade_seq": 207, "trade_id": "215263171", "timestamp": 1653159465539, "tick_direction": 2, "price": 0.001, "mark_price": 0.00105936, "iv": 99.5, "instrument_name": "BTC-30DEC22-300000-C", "index_price": 29430.43, "direction": "buy", "amount": 0.2}, {"trade_seq": 206, "trade_id": "215115953", "timestamp": 1653034003315, "tick_direction": 3, "price": 0.0015, "mark_price": 0.00119033, "iv": 101.95, "instrument_name": "BTC-30DEC22-300000-C", "index_price": 30179.93, "direction": "sell", "amount": 1.8}, {"trade_seq": 205, "trade_id": "215115951", "timestamp": 1653034000211, "tick_direction": 3, "price": 0.0015, "mark_price": 0.00118801, "iv": 101.95, "instrument_name": "BTC-30DEC22-300000-C", "index_price": 30179.91, "direction": "sell", "amount": 1.6}, {"trade_seq": 204, "trade_id": "215115949", "timestamp": 1653033998705, "tick_direction": 2, "price": 0.0015, "mark_price": 0.00118722, "iv": 101.95, "instrument_name": "BTC-30DEC22-300000-C", "index_price": 30179.74, "direction": "sell", "amount": 3.5}, {"trade_seq": 203, "trade_id": "215115904", "timestamp": 1653033983320, "tick_direction": 0, "price": 0.002, "mark_price": 0.00117807, "iv": 104.83, "instrument_name": "BTC-30DEC22-300000-C", "index_price": 30178.17, "direction": "sell", "amount": 10.0}, {"trade_seq": 202, "trade_id": "214616962", "timestamp": 1652688888702, "tick_direction": 3, "price": 0.001, "mark_price": 0.00110401, "iv": 97.98, "instrument_name": "BTC-30DEC22-300000-C", "index_price": 29698.77, "direction": "sell", "amount": 3.2}, {"trade_seq": 201, "trade_id": "214616960", "timestamp": 1652688885900, "tick_direction": 3, "price": 0.001, "mark_price": 0.00110481, "iv": 97.98, "instrument_name": "BTC-30DEC22-300000-C", "index_price": 29699.66, "direction": "sell", "amount": 4.7}, {"trade_seq": 200, "trade_id": "214616957", "timestamp": 1652688884164, "tick_direction": 3, "price": 0.001, "mark_price": 0.00110524, "iv": 97.98, "instrument_name": "BTC-30DEC22-300000-C", "index_price": 29699.96, "direction": "sell", "amount": 9.3}, {"trade_seq": 199, "trade_id": "214616883", "timestamp": 1652688846394, "tick_direction": 3, "price": 0.001, "mark_price": 0.00109696, "iv": 97.98, "instrument_name": "BTC-30DEC22-300000-C", "index_price": 29689.24, "direction": "sell", "amount": 13.0}, {"trade_seq": 198, "trade_id": "214535668", "timestamp": 1652624131939, "tick_direction": 3, "price": 0.001, "mark_price": 0.00122356, "iv": 97.44, "instrument_name": "BTC-30DEC22-300000-C", "index_price": 29987.57, "direction": "sell", "amount": 6.6}, {"trade_seq": 197, "trade_id": "214535667", "timestamp": 1652624127155, "tick_direction": 2, "price": 0.001, "mark_price": 0.00122467, "iv": 97.44, "instrument_name": "BTC-30DEC22-300000-C", "index_price": 29987.39, "direction": "sell", "amount": 13.7}, {"trade_seq": 196, "trade_id": "214491051", "timestamp": 1652568590024, "tick_direction": 1, "price": 0.0025, "mark_price": 0.00169155, "iv": 106.46, "instrument_name": "BTC-30DEC22-300000-C", "index_price": 29789.55, "direction": "buy", "amount": 0.1}, {"trade_seq": 195, "trade_id": "214491050", "timestamp": 1652568590024, "tick_direction": 0, "price": 0.0025, "mark_price": 0.00169155, "iv": 106.46, "instrument_name": "BTC-30DEC22-300000-C", "index_price": 29789.55, "direction": "buy", "amount": 0.1}, {"trade_seq": 194, "trade_id": "214481232", "timestamp": 1652556332740, "tick_direction": 1, "price": 0.0015, "mark_price": 0.00121315, "iv": 101.72, "instrument_name": "BTC-30DEC22-300000-C", "index_price": 29378.46, "direction": "buy", "amount": 7.5}, {"trade_seq": 193, "trade_id": "214448227", "timestamp": 1652530930289, "tick_direction": 1, "price": 0.0015, "mark_price": 0.00102282, "iv": 102.13, "instrument_name": "BTC-30DEC22-300000-C", "index_price": 28994.67, "direction": "sell", "amount": 0.9}, {"trade_seq": 192, "trade_id": "214448226", "timestamp": 1652530930286, "tick_direction": 1, "price": 0.0015, "mark_price": 0.00102282, "iv": 102.13, "instrument_name": "BTC-30DEC22-300000-C", "index_price": 28994.67, "direction": "buy", "amount": 8.8}, {"trade_seq": 191, "trade_id": "214448225", "timestamp": 1652530930286, "tick_direction": 1, "price": 0.0015, "mark_price": 0.00102282, "iv": 102.13, "instrument_name": "BTC-30DEC22-300000-C", "index_price": 28994.67, "direction": "buy", "amount": 0.1}, {"trade_seq": 190, "trade_id": "214448224", "timestamp": 1652530930286, "tick_direction": 0, "price": 0.0015, "mark_price": 0.00102282, "iv": 102.13, "instrument_name": "BTC-30DEC22-300000-C", "index_price": 28994.67, "direction": "buy", "amount": 0.2}, {"trade_seq": 189, "trade_id": "214367496", "timestamp": 1652463689631, "tick_direction": 3, "price": 0.001, "mark_price": 0.00102193, "iv": 97.12, "instrument_name": "BTC-30DEC22-300000-C", "index_price": 29921.76, "direction": "buy", "amount": 2.1}, {"trade_seq": 188, "trade_id": "214367412", "timestamp": 1652463680174, "tick_direction": 3, "price": 0.001, "mark_price": 0.00102685, "iv": 97.11, "instrument_name": "BTC-30DEC22-300000-C", "index_price": 29932.58, "direction": "buy", "amount": 2.4}, {"trade_seq": 187, "trade_id": "214287431", "timestamp": 1652424499305, "tick_direction": 2, "price": 0.001, "mark_price": 0.00121049, "iv": 96.45, "instrument_name": "BTC-30DEC22-300000-C", "index_price": 30445.37, "direction": "sell", "amount": 4.0}, {"trade_seq": 186, "trade_id": "214032873", "timestamp": 1652346408642, "tick_direction": 1, "price": 0.0015, "mark_price": 0.00170749, "iv": 103.43, "instrument_name": "BTC-30DEC22-300000-C", "index_price": 27571.24, "direction": "buy", "amount": 0.1}, {"trade_seq": 185, "trade_id": "214031617", "timestamp": 1652346214835, "tick_direction": 1, "price": 0.0015, "mark_price": 0.00173492, "iv": 103.39, "instrument_name": "BTC-30DEC22-300000-C", "index_price": 27581.91, "direction": "buy", "amount": 0.1}, {"trade_seq": 184, "trade_id": "214031487", "timestamp": 1652346192542, "tick_direction": 0, "price": 0.0015, "mark_price": 0.00173739, "iv": 103.39, "instrument_name": "BTC-30DEC22-300000-C", "index_price": 27580.7, "direction": "buy", "amount": 0.1}, {"trade_seq": 183, "trade_id": "213192126", "timestamp": 1652183927569, "tick_direction": 3, "price": 0.001, "mark_price": 0.00120294, "iv": 94.51, "instrument_name": "BTC-30DEC22-300000-C", "index_price": 31633.6, "direction": "sell", "amount": 5.0}, {"trade_seq": 182, "trade_id": "213192043", "timestamp": 1652183850513, "tick_direction": 3, "price": 0.001, "mark_price": 0.00122866, "iv": 94.53, "instrument_name": "BTC-30DEC22-300000-C", "index_price": 31605.66, "direction": "sell", "amount": 10.0}, {"trade_seq": 181, "trade_id": "213192042", "timestamp": 1652183850505, "tick_direction": 2, "price": 0.001, "mark_price": 0.00122866, "iv": 94.53, "instrument_name": "BTC-30DEC22-300000-C", "index_price": 31605.66, "direction": "sell", "amount": 35.0}, {"trade_seq": 180, "trade_id": "213001720", "timestamp": 1652130440175, "tick_direction": 0, "price": 0.002, "mark_price": 0.00139498, "iv": 101.39, "instrument_name": "BTC-30DEC22-300000-C", "index_price": 31025.59, "direction": "buy", "amount": 1.0}, {"trade_seq": 179, "trade_id": "212700498", "timestamp": 1652073867112, "tick_direction": 3, "price": 0.0005, "mark_price": 0.00058065, "iv": 86.79, "instrument_name": "BTC-30DEC22-300000-C", "index_price": 33562.62, "direction": "sell", "amount": 3.0}, {"trade_seq": 178, "trade_id": "212380437", "timestamp": 1651885499808, "tick_direction": 2, "price": 0.0005, "mark_price": 0.00073032, "iv": 83.98, "instrument_name": "BTC-30DEC22-300000-C", "index_price": 36015.64, "direction": "sell", "amount": 0.2}, {"trade_seq": 177, "trade_id": "211997119", "timestamp": 1651749669660, "tick_direction": 1, "price": 0.001, "mark_price": 0.00073517, "iv": 85.57, "instrument_name": "BTC-30DEC22-300000-C", "index_price": 39532.31, "direction": "buy", "amount": 0.4}, {"trade_seq": 176, "trade_id": "211997118", "timestamp": 1651749669660, "tick_direction": 0, "price": 0.001, "mark_price": 0.00073517, "iv": 85.57, "instrument_name": "BTC-30DEC22-300000-C", "index_price": 39532.31, "direction": "buy", "amount": 7.6}, {"trade_seq": 175, "trade_id": "211858747", "timestamp": 1651639974596, "tick_direction": 2, "price": 0.0005, "mark_price": 0.00086552, "iv": 81.66, "instrument_name": "BTC-30DEC22-300000-C", "index_price": 37965.71, "direction": "sell", "amount": 0.1}, {"trade_seq": 174, "trade_id": "211696738", "timestamp": 1651478286766, "tick_direction": 0, "price": 0.001, "mark_price": 0.00088688, "iv": 85.59, "instrument_name": "BTC-30DEC22-300000-C", "index_price": 38869.78, "direction": "buy", "amount": 1.0}, {"trade_seq": 173, "trade_id": "211569908", "timestamp": 1651313490681, "tick_direction": 3, "price": 0.0005, "mark_price": 0.00099289, "iv": 80.41, "instrument_name": "BTC-30DEC22-300000-C", "index_price": 38614.09, "direction": "buy", "amount": 1.8}, {"trade_seq": 172, "trade_id": "211569905", "timestamp": 1651313480063, "tick_direction": 3, "price": 0.0005, "mark_price": 0.00099289, "iv": 80.41, "instrument_name": "BTC-30DEC22-300000-C", "index_price": 38615.65, "direction": "buy", "amount": 1.7}, {"trade_seq": 171, "trade_id": "211569902", "timestamp": 1651313472042, "tick_direction": 2, "price": 0.0005, "mark_price": 0.0009947, "iv": 80.41, "instrument_name": "BTC-30DEC22-300000-C", "index_price": 38615.48, "direction": "buy", "amount": 15.0}, {"trade_seq": 170, "trade_id": "211260524", "timestamp": 1651047471627, "tick_direction": 1, "price": 0.001, "mark_price": 0.00103948, "iv": 84.43, "instrument_name": "BTC-30DEC22-300000-C", "index_price": 39172.18, "direction": "buy", "amount": 6.1}, {"trade_seq": 169, "trade_id": "211159472", "timestamp": 1650985582444, "tick_direction": 1, "price": 0.001, "mark_price": 0.00095531, "iv": 84.26, "instrument_name": "BTC-30DEC22-300000-C", "index_price": 39161.3, "direction": "sell", "amount": 3.0}, {"trade_seq": 168, "trade_id": "211159349", "timestamp": 1650985562921, "tick_direction": 1, "price": 0.001, "mark_price": 0.0009485, "iv": 84.28, "instrument_name": "BTC-30DEC22-300000-C", "index_price": 39114.49, "direction": "sell", "amount": 2.0}, {"trade_seq": 167, "trade_id": "211157125", "timestamp": 1650985005159, "tick_direction": 1, "price": 0.001, "mark_price": 0.00097775, "iv": 84.12, "instrument_name": "BTC-30DEC22-300000-C", "index_price": 39326.15, "direction": "sell", "amount": 2.0}, {"trade_seq": 166, "trade_id": "211152425", "timestamp": 1650983689018, "tick_direction": 1, "price": 0.001, "mark_price": 0.0009701, "iv": 83.82, "instrument_name": "BTC-30DEC22-300000-C", "index_price": 39609.74, "direction": "sell", "amount": 2.0}, {"trade_seq": 165, "trade_id": "211139228", "timestamp": 1650979555632, "tick_direction": 1, "price": 0.001, "mark_price": 0.00095443, "iv": 83.38, "instrument_name": "BTC-30DEC22-300000-C", "index_price": 40163.75, "direction": "buy", "amount": 0.6}, {"trade_seq": 164, "trade_id": "211139227", "timestamp": 1650979555609, "tick_direction": 1, "price": 0.001, "mark_price": 0.00095443, "iv": 83.38, "instrument_name": "BTC-30DEC22-300000-C", "index_price": 40163.75, "direction": "sell", "amount": 2.4}, {"trade_seq": 163, "trade_id": "211139207", "timestamp": 1650979538857, "tick_direction": 1, "price": 0.001, "mark_price": 0.00095518, "iv": 83.37, "instrument_name": "BTC-30DEC22-300000-C", "index_price": 40170.25, "direction": "sell", "amount": 2.0}, {"trade_seq": 162, "trade_id": "210945357", "timestamp": 1650838158399, "tick_direction": 1, "price": 0.001, "mark_price": 0.00123724, "iv": 83.48, "instrument_name": "BTC-30DEC22-300000-C", "index_price": 39723.64, "direction": "sell", "amount": 2.0}, {"trade_seq": 161, "trade_id": "210945262", "timestamp": 1650838142772, "tick_direction": 1, "price": 0.001, "mark_price": 0.00123617, "iv": 83.52, "instrument_name": "BTC-30DEC22-300000-C", "index_price": 39672.11, "direction": "sell", "amount": 2.0}, {"trade_seq": 160, "trade_id": "210945227", "timestamp": 1650838114939, "tick_direction": 1, "price": 0.001, "mark_price": 0.00124086, "iv": 83.52, "instrument_name": "BTC-30DEC22-300000-C", "index_price": 39643.18, "direction": "sell", "amount": 4.0}, {"trade_seq": 159, "trade_id": "210945170", "timestamp": 1650838085959, "tick_direction": 1, "price": 0.001, "mark_price": 0.00124117, "iv": 83.53, "instrument_name": "BTC-30DEC22-300000-C", "index_price": 39618.8, "direction": "sell", "amount": 0.4}, {"trade_seq": 158, "trade_id": "210945169", "timestamp": 1650838083942, "tick_direction": 0, "price": 0.001, "mark_price": 0.00124134, "iv": 83.53, "instrument_name": "BTC-30DEC22-300000-C", "index_price": 39619.04, "direction": "sell", "amount": 10.5}, {"trade_seq": 157, "trade_id": "210908373", "timestamp": 1650799122002, "tick_direction": 3, "price": 0.0005, "mark_price": 0.00100316, "iv": 78.47, "instrument_name": "BTC-30DEC22-300000-C", "index_price": 39712.93, "direction": "buy", "amount": 2.0}, {"trade_seq": 156, "trade_id": "210906982", "timestamp": 1650796777053, "tick_direction": 3, "price": 0.0005, "mark_price": 0.0009995, "iv": 78.5, "instrument_name": "BTC-30DEC22-300000-C", "index_price": 39674.12, "direction": "buy", "amount": 2.6}, {"trade_seq": 155, "trade_id": "210906794", "timestamp": 1650796475185, "tick_direction": 3, "price": 0.0005, "mark_price": 0.00100069, "iv": 78.49, "instrument_name": "BTC-30DEC22-300000-C", "index_price": 39689.05, "direction": "buy", "amount": 2.0}, {"trade_seq": 154, "trade_id": "210906760", "timestamp": 1650796336271, "tick_direction": 3, "price": 0.0005, "mark_price": 0.00100069, "iv": 78.49, "instrument_name": "BTC-30DEC22-300000-C", "index_price": 39689.1, "direction": "buy", "amount": 2.2}, {"trade_seq": 153, "trade_id": "210906679", "timestamp": 1650796141527, "tick_direction": 3, "price": 0.0005, "mark_price": 0.00100057, "iv": 78.5, "instrument_name": "BTC-30DEC22-300000-C", "index_price": 39691.36, "direction": "buy", "amount": 3.7}, {"trade_seq": 152, "trade_id": "210893902", "timestamp": 1650773478579, "tick_direction": 3, "price": 0.0005, "mark_price": 0.00105019, "iv": 78.37, "instrument_name": "BTC-30DEC22-300000-C", "index_price": 39800.41, "direction": "sell", "amount": 6.0}, {"trade_seq": 151, "trade_id": "210893901", "timestamp": 1650773478579, "tick_direction": 2, "price": 0.0005, "mark_price": 0.00105019, "iv": 78.37, "instrument_name": "BTC-30DEC22-300000-C", "index_price": 39800.41, "direction": "sell", "amount": 1.0}, {"trade_seq": 150, "trade_id": "210864976", "timestamp": 1650707133528, "tick_direction": 3, "price": 0.001, "mark_price": 0.00108194, "iv": 83.34, "instrument_name": "BTC-30DEC22-300000-C", "index_price": 39534.61, "direction": "buy", "amount": 8.9}, {"trade_seq": 149, "trade_id": "210864975", "timestamp": 1650707133525, "tick_direction": 3, "price": 0.001, "mark_price": 0.00108194, "iv": 83.34, "instrument_name": "BTC-30DEC22-300000-C", "index_price": 39534.61, "direction": "sell", "amount": 1.0}, {"trade_seq": 148, "trade_id": "210864974", "timestamp": 1650707133525, "tick_direction": 2, "price": 0.001, "mark_price": 0.00108194, "iv": 83.34, "instrument_name": "BTC-30DEC22-300000-C", "index_price": 39534.61, "direction": "sell", "amount": 0.1}, {"trade_seq": 147, "trade_id": "210630177", "timestamp": 1650482137315, "tick_direction": 3, "price": 0.0015, "mark_price": 0.0013704, "iv": 84.62, "instrument_name": "BTC-30DEC22-300000-C", "index_price": 41142.07, "direction": "sell", "amount": 2.8}, {"trade_seq": 146, "trade_id": "210601113", "timestamp": 1650462872637, "tick_direction": 3, "price": 0.0015, "mark_price": 0.00141987, "iv": 84.33, "instrument_name": "BTC-30DEC22-300000-C", "index_price": 41550.52, "direction": "sell", "amount": 3.5}, {"trade_seq": 145, "trade_id": "210601101", "timestamp": 1650462870623, "tick_direction": 3, "price": 0.0015, "mark_price": 0.00142118, "iv": 84.33, "instrument_name": "BTC-30DEC22-300000-C", "index_price": 41553.57, "direction": "sell", "amount": 5.7}, {"trade_seq": 144, "trade_id": "210566815", "timestamp": 1650434800279, "tick_direction": 3, "price": 0.0015, "mark_price": 0.00143865, "iv": 84.35, "instrument_name": "BTC-30DEC22-300000-C", "index_price": 41441.37, "direction": "sell", "amount": 2.5}, {"trade_seq": 143, "trade_id": "210542101", "timestamp": 1650382505917, "tick_direction": 3, "price": 0.0015, "mark_price": 0.00162461, "iv": 84.23, "instrument_name": "BTC-30DEC22-300000-C", "index_price": 41431.94, "direction": "sell", "amount": 4.9}, {"trade_seq": 142, "trade_id": "210513138", "timestamp": 1650358459084, "tick_direction": 3, "price": 0.0015, "mark_price": 0.00148565, "iv": 84.83, "instrument_name": "BTC-30DEC22-300000-C", "index_price": 40720.93, "direction": "sell", "amount": 1.0}, {"trade_seq": 141, "trade_id": "210321596", "timestamp": 1650163471171, "tick_direction": 2, "price": 0.0015, "mark_price": 0.00196521, "iv": 84.9, "instrument_name": "BTC-30DEC22-300000-C", "index_price": 40199.32, "direction": "sell", "amount": 2.5}, {"trade_seq": 140, "trade_id": "210321269", "timestamp": 1650163052186, "tick_direction": 3, "price": 0.002, "mark_price": 0.00231686, "iv": 87.38, "instrument_name": "BTC-30DEC22-300000-C", "index_price": 40279.44, "direction": "buy", "amount": 0.6}, {"trade_seq": 139, "trade_id": "210321268", "timestamp": 1650163051880, "tick_direction": 3, "price": 0.002, "mark_price": 0.00231807, "iv": 87.38, "instrument_name": "BTC-30DEC22-300000-C", "index_price": 40279.44, "direction": "sell", "amount": 6.4}, {"trade_seq": 138, "trade_id": "210321176", "timestamp": 1650162960976, "tick_direction": 3, "price": 0.002, "mark_price": 0.00227471, "iv": 87.38, "instrument_name": "BTC-30DEC22-300000-C", "index_price": 40258.49, "direction": "sell", "amount": 7.2}, {"trade_seq": 137, "trade_id": "210321174", "timestamp": 1650162946588, "tick_direction": 3, "price": 0.002, "mark_price": 0.0022636, "iv": 87.38, "instrument_name": "BTC-30DEC22-300000-C", "index_price": 40258.9, "direction": "sell", "amount": 7.2}, {"trade_seq": 136, "trade_id": "210309392", "timestamp": 1650126394116, "tick_direction": 3, "price": 0.002, "mark_price": 0.00227379, "iv": 87.4, "instrument_name": "BTC-30DEC22-300000-C", "index_price": 40165.1, "direction": "sell", "amount": 0.1}, {"trade_seq": 135, "trade_id": "210301694", "timestamp": 1650116361379, "tick_direction": 2, "price": 0.002, "mark_price": 0.00223987, "iv": 87.12, "instrument_name": "BTC-30DEC22-300000-C", "index_price": 40410.51, "direction": "sell", "amount": 0.1}, {"trade_seq": 134, "trade_id": "210192999", "timestamp": 1649958012249, "tick_direction": 1, "price": 0.0025, "mark_price": 0.00269356, "iv": 89.27, "instrument_name": "BTC-30DEC22-300000-C", "index_price": 39963.32, "direction": "sell", "amount": 3.2}, {"trade_seq": 133, "trade_id": "210145715", "timestamp": 1649923855021, "tick_direction": 1, "price": 0.0025, "mark_price": 0.00256411, "iv": 88.04, "instrument_name": "BTC-30DEC22-300000-C", "index_price": 41297.96, "direction": "sell", "amount": 3.1}, {"trade_seq": 132, "trade_id": "210145586", "timestamp": 1649923763167, "tick_direction": 1, "price": 0.0025, "mark_price": 0.00257925, "iv": 88.03, "instrument_name": "BTC-30DEC22-300000-C", "index_price": 41303.63, "direction": "buy", "amount": 3.0}, {"trade_seq": 131, "trade_id": "210145546", "timestamp": 1649923733757, "tick_direction": 1, "price": 0.0025, "mark_price": 0.0025796, "iv": 88.05, "instrument_name": "BTC-30DEC22-300000-C", "index_price": 41286.89, "direction": "sell", "amount": 2.0}, {"trade_seq": 130, "trade_id": "210021032", "timestamp": 1649817246467, "tick_direction": 0, "price": 0.0025, "mark_price": 0.00248608, "iv": 89.13, "instrument_name": "BTC-30DEC22-300000-C", "index_price": 39914.26, "direction": "sell", "amount": 2.1}, {"trade_seq": 129, "trade_id": "209928217", "timestamp": 1649751806807, "tick_direction": 2, "price": 0.002, "mark_price": 0.002203, "iv": 86.57, "instrument_name": "BTC-30DEC22-300000-C", "index_price": 40155.49, "direction": "sell", "amount": 1.0}, {"trade_seq": 128, "trade_id": "209896875", "timestamp": 1649723716053, "tick_direction": 3, "price": 0.003, "mark_price": 0.00278167, "iv": 90.8, "instrument_name": "BTC-30DEC22-300000-C", "index_price": 39633.53, "direction": "sell", "amount": 0.1}, {"trade_seq": 127, "trade_id": "209896872", "timestamp": 1649723706189, "tick_direction": 3, "price": 0.003, "mark_price": 0.00278415, "iv": 90.8, "instrument_name": "BTC-30DEC22-300000-C", "index_price": 39637.98, "direction": "sell", "amount": 2.3}, {"trade_seq": 126, "trade_id": "209843874", "timestamp": 1649697869723, "tick_direction": 2, "price": 0.003, "mark_price": 0.00279233, "iv": 90.0, "instrument_name": "BTC-30DEC22-300000-C", "index_price": 40416.92, "direction": "sell", "amount": 1.0}, {"trade_seq": 125, "trade_id": "209837046", "timestamp": 1649695746969, "tick_direction": 1, "price": 0.0035, "mark_price": 0.00284616, "iv": 91.24, "instrument_name": "BTC-30DEC22-300000-C", "index_price": 40764.28, "direction": "buy", "amount": 1.0}, {"trade_seq": 124, "trade_id": "209836643", "timestamp": 1649695496050, "tick_direction": 0, "price": 0.0035, "mark_price": 0.00280842, "iv": 91.38, "instrument_name": "BTC-30DEC22-300000-C", "index_price": 40632.52, "direction": "buy", "amount": 5.0}, {"trade_seq": 123, "trade_id": "209778551", "timestamp": 1649670718917, "tick_direction": 3, "price": 0.003, "mark_price": 0.00294262, "iv": 88.59, "instrument_name": "BTC-30DEC22-300000-C", "index_price": 41850.23, "direction": "sell", "amount": 2.0}, {"trade_seq": 122, "trade_id": "209773165", "timestamp": 1649668533346, "tick_direction": 3, "price": 0.003, "mark_price": 0.00323193, "iv": 88.33, "instrument_name": "BTC-30DEC22-300000-C", "index_price": 42148.49, "direction": "sell", "amount": 4.6}, {"trade_seq": 121, "trade_id": "209773164", "timestamp": 1649668533346, "tick_direction": 3, "price": 0.003, "mark_price": 0.00323193, "iv": 88.33, "instrument_name": "BTC-30DEC22-300000-C", "index_price": 42148.49, "direction": "sell", "amount": 8.7}, {"trade_seq": 120, "trade_id": "209759478", "timestamp": 1649647751198, "tick_direction": 3, "price": 0.003, "mark_price": 0.00324471, "iv": 88.34, "instrument_name": "BTC-30DEC22-300000-C", "index_price": 42040.67, "direction": "sell", "amount": 1.3}, {"trade_seq": 119, "trade_id": "209759477", "timestamp": 1649647751198, "tick_direction": 3, "price": 0.003, "mark_price": 0.00324471, "iv": 88.34, "instrument_name": "BTC-30DEC22-300000-C", "index_price": 42040.67, "direction": "sell", "amount": 10.0}, {"trade_seq": 118, "trade_id": "209759476", "timestamp": 1649647751198, "tick_direction": 2, "price": 0.003, "mark_price": 0.00324471, "iv": 88.34, "instrument_name": "BTC-30DEC22-300000-C", "index_price": 42040.67, "direction": "sell", "amount": 3.7}, {"trade_seq": 117, "trade_id": "209703780", "timestamp": 1649586187053, "tick_direction": 3, "price": 0.0035, "mark_price": 0.00351992, "iv": 89.3, "instrument_name": "BTC-30DEC22-300000-C", "index_price": 42536.37, "direction": "sell", "amount": 2.0}, {"trade_seq": 116, "trade_id": "209703574", "timestamp": 1649585293038, "tick_direction": 3, "price": 0.0035, "mark_price": 0.00350689, "iv": 89.35, "instrument_name": "BTC-30DEC22-300000-C", "index_price": 42517.49, "direction": "sell", "amount": 2.1}, {"trade_seq": 115, "trade_id": "209701491", "timestamp": 1649582637835, "tick_direction": 3, "price": 0.0035, "mark_price": 0.00346577, "iv": 89.28, "instrument_name": "BTC-30DEC22-300000-C", "index_price": 42540.34, "direction": "sell", "amount": 2.8}, {"trade_seq": 114, "trade_id": "209672850", "timestamp": 1649501461373, "tick_direction": 2, "price": 0.0035, "mark_price": 0.00330993, "iv": 89.2, "instrument_name": "BTC-30DEC22-300000-C", "index_price": 42417.75, "direction": "buy", "amount": 1.0}, {"trade_seq": 113, "trade_id": "209301153", "timestamp": 1649188790749, "tick_direction": 0, "price": 0.004, "mark_price": 0.00347743, "iv": 86.85, "instrument_name": "BTC-30DEC22-300000-C", "index_price": 46020.97, "direction": "buy", "amount": 20.0}, {"trade_seq": 112, "trade_id": "209232756", "timestamp": 1649113337020, "tick_direction": 3, "price": 0.0035, "mark_price": 0.00348093, "iv": 84.79, "instrument_name": "BTC-30DEC22-300000-C", "index_price": 46724.02, "direction": "sell", "amount": 2.2}, {"trade_seq": 111, "trade_id": "209186023", "timestamp": 1649068456054, "tick_direction": 3, "price": 0.0035, "mark_price": 0.00346175, "iv": 85.36, "instrument_name": "BTC-30DEC22-300000-C", "index_price": 45891.12, "direction": "buy", "amount": 3.3}, {"trade_seq": 110, "trade_id": "209001464", "timestamp": 1648857428889, "tick_direction": 3, "price": 0.0035, "mark_price": 0.003489, "iv": 84.6, "instrument_name": "BTC-30DEC22-300000-C", "index_price": 46286.57, "direction": "buy", "amount": 4.5}, {"trade_seq": 109, "trade_id": "208886631", "timestamp": 1648781070072, "tick_direction": 3, "price": 0.0035, "mark_price": 0.00360573, "iv": 85.79, "instrument_name": "BTC-30DEC22-300000-C", "index_price": 44729.64, "direction": "buy", "amount": 0.1}, {"trade_seq": 108, "trade_id": "208886630", "timestamp": 1648781070069, "tick_direction": 3, "price": 0.0035, "mark_price": 0.00360573, "iv": 85.79, "instrument_name": "BTC-30DEC22-300000-C", "index_price": 44729.64, "direction": "sell", "amount": 1.0}, {"trade_seq": 107, "trade_id": "208886629", "timestamp": 1648781070069, "tick_direction": 2, "price": 0.0035, "mark_price": 0.00360573, "iv": 85.79, "instrument_name": "BTC-30DEC22-300000-C", "index_price": 44729.64, "direction": "sell", "amount": 3.9}, {"trade_seq": 106, "trade_id": "208831809", "timestamp": 1648743324797, "tick_direction": 1, "price": 0.004, "mark_price": 0.00361844, "iv": 85.78, "instrument_name": "BTC-30DEC22-300000-C", "index_price": 46289.13, "direction": "buy", "amount": 1.0}, {"trade_seq": 105, "trade_id": "208822737", "timestamp": 1648737283059, "tick_direction": 1, "price": 0.004, "mark_price": 0.00423611, "iv": 85.71, "instrument_name": "BTC-30DEC22-300000-C", "index_price": 46370.86, "direction": "sell", "amount": 10.0}, {"trade_seq": 104, "trade_id": "208822736", "timestamp": 1648737283059, "tick_direction": 1, "price": 0.004, "mark_price": 0.00423611, "iv": 85.71, "instrument_name": "BTC-30DEC22-300000-C", "index_price": 46370.86, "direction": "sell", "amount": 3.9}, {"trade_seq": 103, "trade_id": "208799860", "timestamp": 1648718044048, "tick_direction": 1, "price": 0.004, "mark_price": 0.00372205, "iv": 85.04, "instrument_name": "BTC-30DEC22-300000-C", "index_price": 47220.5, "direction": "sell", "amount": 1.0}, {"trade_seq": 102, "trade_id": "208799680", "timestamp": 1648717895539, "tick_direction": 1, "price": 0.004, "mark_price": 0.00333543, "iv": 85.03, "instrument_name": "BTC-30DEC22-300000-C", "index_price": 47245.05, "direction": "sell", "amount": 4.6}, {"trade_seq": 101, "trade_id": "208799679", "timestamp": 1648717891515, "tick_direction": 1, "price": 0.004, "mark_price": 0.00332137, "iv": 85.03, "instrument_name": "BTC-30DEC22-300000-C", "index_price": 47242.65, "direction": "sell", "amount": 0.5}, {"trade_seq": 100, "trade_id": "208799678", "timestamp": 1648717891515, "tick_direction": 1, "price": 0.004, "mark_price": 0.00332137, "iv": 85.03, "instrument_name": "BTC-30DEC22-300000-C", "index_price": 47242.65, "direction": "sell", "amount": 4.5}, {"trade_seq": 99, "trade_id": "208799677", "timestamp": 1648717885068, "tick_direction": 1, "price": 0.004, "mark_price": 0.00330088, "iv": 85.03, "instrument_name": "BTC-30DEC22-300000-C", "index_price": 47243.32, "direction": "sell", "amount": 5.5}, {"trade_seq": 98, "trade_id": "208799676", "timestamp": 1648717880820, "tick_direction": 1, "price": 0.004, "mark_price": 0.00329151, "iv": 85.03, "instrument_name": "BTC-30DEC22-300000-C", "index_price": 47249.16, "direction": "sell", "amount": 1.7}, {"trade_seq": 97, "trade_id": "208799675", "timestamp": 1648717879831, "tick_direction": 1, "price": 0.004, "mark_price": 0.0032879, "iv": 85.03, "instrument_name": "BTC-30DEC22-300000-C", "index_price": 47250.07, "direction": "sell", "amount": 6.1}, {"trade_seq": 96, "trade_id": "208799674", "timestamp": 1648717879814, "tick_direction": 1, "price": 0.004, "mark_price": 0.00328436, "iv": 85.03, "instrument_name": "BTC-30DEC22-300000-C", "index_price": 47250.07, "direction": "sell", "amount": 1.5}, {"trade_seq": 95, "trade_id": "208799673", "timestamp": 1648717879810, "tick_direction": 1, "price": 0.004, "mark_price": 0.00328436, "iv": 85.03, "instrument_name": "BTC-30DEC22-300000-C", "index_price": 47250.07, "direction": "buy", "amount": 0.7}, {"trade_seq": 94, "trade_id": "208799672", "timestamp": 1648717876091, "tick_direction": 1, "price": 0.004, "mark_price": 0.00327921, "iv": 85.03, "instrument_name": "BTC-30DEC22-300000-C", "index_price": 47249.64, "direction": "buy", "amount": 2.5}, {"trade_seq": 93, "trade_id": "208799671", "timestamp": 1648717876091, "tick_direction": 1, "price": 0.004, "mark_price": 0.00327921, "iv": 85.03, "instrument_name": "BTC-30DEC22-300000-C", "index_price": 47249.64, "direction": "buy", "amount": 7.5}, {"trade_seq": 92, "trade_id": "208799669", "timestamp": 1648717871999, "tick_direction": 1, "price": 0.004, "mark_price": 0.00327184, "iv": 85.03, "instrument_name": "BTC-30DEC22-300000-C", "index_price": 47249.07, "direction": "sell", "amount": 5.8}, {"trade_seq": 91, "trade_id": "208799668", "timestamp": 1648717871996, "tick_direction": 1, "price": 0.004, "mark_price": 0.00327184, "iv": 85.03, "instrument_name": "BTC-30DEC22-300000-C", "index_price": 47249.07, "direction": "buy", "amount": 4.2}, {"trade_seq": 90, "trade_id": "208799664", "timestamp": 1648717864118, "tick_direction": 1, "price": 0.004, "mark_price": 0.00325711, "iv": 85.03, "instrument_name": "BTC-30DEC22-300000-C", "index_price": 47249.23, "direction": "buy", "amount": 3.3}, {"trade_seq": 89, "trade_id": "208799663", "timestamp": 1648717864118, "tick_direction": 1, "price": 0.004, "mark_price": 0.00325711, "iv": 85.03, "instrument_name": "BTC-30DEC22-300000-C", "index_price": 47249.23, "direction": "buy", "amount": 3.5}, {"trade_seq": 88, "trade_id": "208799662", "timestamp": 1648717864118, "tick_direction": 1, "price": 0.004, "mark_price": 0.00325711, "iv": 85.03, "instrument_name": "BTC-30DEC22-300000-C", "index_price": 47249.23, "direction": "buy", "amount": 2.2}, {"trade_seq": 87, "trade_id": "208799661", "timestamp": 1648717864118, "tick_direction": 0, "price": 0.004, "mark_price": 0.00325711, "iv": 85.03, "instrument_name": "BTC-30DEC22-300000-C", "index_price": 47249.23, "direction": "buy", "amount": 1.0}, {"trade_seq": 86, "trade_id": "208799655", "timestamp": 1648717853856, "tick_direction": 1, "price": 0.0035, "mark_price": 0.00323821, "iv": 83.71, "instrument_name": "BTC-30DEC22-300000-C", "index_price": 47248.71, "direction": "buy", "amount": 6.0}, {"trade_seq": 85, "trade_id": "208799654", "timestamp": 1648717853856, "tick_direction": 0, "price": 0.0035, "mark_price": 0.00323821, "iv": 83.71, "instrument_name": "BTC-30DEC22-300000-C", "index_price": 47248.71, "direction": "buy", "amount": 0.1}, {"trade_seq": 84, "trade_id": "208794056", "timestamp": 1648712856411, "tick_direction": 1, "price": 0.003, "mark_price": 0.00274352, "iv": 82.31, "instrument_name": "BTC-30DEC22-300000-C", "index_price": 47138.24, "direction": "sell", "amount": 1.4}, {"trade_seq": 83, "trade_id": "208794055", "timestamp": 1648712855812, "tick_direction": 1, "price": 0.003, "mark_price": 0.00274174, "iv": 82.31, "instrument_name": "BTC-30DEC22-300000-C", "index_price": 47138.24, "direction": "sell", "amount": 2.6}, {"trade_seq": 82, "trade_id": "208794054", "timestamp": 1648712855810, "tick_direction": 1, "price": 0.003, "mark_price": 0.00274174, "iv": 82.31, "instrument_name": "BTC-30DEC22-300000-C", "index_price": 47138.24, "direction": "buy", "amount": 2.3}, {"trade_seq": 81, "trade_id": "208794051", "timestamp": 1648712846032, "tick_direction": 1, "price": 0.003, "mark_price": 0.0027417, "iv": 82.31, "instrument_name": "BTC-30DEC22-300000-C", "index_price": 47138.27, "direction": "buy", "amount": 9.7}, {"trade_seq": 80, "trade_id": "208794050", "timestamp": 1648712846032, "tick_direction": 0, "price": 0.003, "mark_price": 0.0027417, "iv": 82.31, "instrument_name": "BTC-30DEC22-300000-C", "index_price": 47138.27, "direction": "buy", "amount": 0.3}, {"trade_seq": 79, "trade_id": "208467035", "timestamp": 1648407554709, "tick_direction": 3, "price": 0.0025, "mark_price": 0.00273674, "iv": 81.81, "instrument_name": "BTC-30DEC22-300000-C", "index_price": 44878.81, "direction": "sell", "amount": 0.1}, {"trade_seq": 78, "trade_id": "208342127", "timestamp": 1648211821064, "tick_direction": 3, "price": 0.0025, "mark_price": 0.00275014, "iv": 81.76, "instrument_name": "BTC-30DEC22-300000-C", "index_price": 44760.56, "direction": "sell", "amount": 4.0}, {"trade_seq": 77, "trade_id": "208327903", "timestamp": 1648202931313, "tick_direction": 3, "price": 0.0025, "mark_price": 0.00274003, "iv": 82.23, "instrument_name": "BTC-30DEC22-300000-C", "index_price": 44131.48, "direction": "sell", "amount": 0.1}, {"trade_seq": 76, "trade_id": "208327850", "timestamp": 1648202865435, "tick_direction": 3, "price": 0.0025, "mark_price": 0.00274441, "iv": 82.22, "instrument_name": "BTC-30DEC22-300000-C", "index_price": 44153.09, "direction": "sell", "amount": 0.1}, {"trade_seq": 75, "trade_id": "207281888", "timestamp": 1647420687097, "tick_direction": 3, "price": 0.0025, "mark_price": 0.00202323, "iv": 84.35, "instrument_name": "BTC-30DEC22-300000-C", "index_price": 40280.49, "direction": "buy", "amount": 8.8}, {"trade_seq": 74, "trade_id": "207095170", "timestamp": 1647325244898, "tick_direction": 3, "price": 0.0025, "mark_price": 0.0025136, "iv": 85.32, "instrument_name": "BTC-30DEC22-300000-C", "index_price": 38870.5, "direction": "sell", "amount": 2.0}, {"trade_seq": 73, "trade_id": "207095071", "timestamp": 1647325102640, "tick_direction": 2, "price": 0.0025, "mark_price": 0.00241959, "iv": 85.32, "instrument_name": "BTC-30DEC22-300000-C", "index_price": 38866.63, "direction": "sell", "amount": 2.2}, {"trade_seq": 72, "trade_id": "206770098", "timestamp": 1646981854111, "tick_direction": 1, "price": 0.003, "mark_price": 0.00286599, "iv": 86.44, "instrument_name": "BTC-30DEC22-300000-C", "index_price": 38891.63, "direction": "sell", "amount": 1.0}, {"trade_seq": 71, "trade_id": "206503425", "timestamp": 1646827247941, "tick_direction": 1, "price": 0.003, "mark_price": 0.00270466, "iv": 83.29, "instrument_name": "BTC-30DEC22-300000-C", "index_price": 42184.98, "direction": "sell", "amount": 0.3}, {"trade_seq": 70, "trade_id": "206503424", "timestamp": 1646827247926, "tick_direction": 1, "price": 0.003, "mark_price": 0.00270466, "iv": 83.29, "instrument_name": "BTC-30DEC22-300000-C", "index_price": 42184.98, "direction": "buy", "amount": 7.5}, {"trade_seq": 69, "trade_id": "206472077", "timestamp": 1646808822156, "tick_direction": 0, "price": 0.003, "mark_price": 0.00298289, "iv": 83.71, "instrument_name": "BTC-30DEC22-300000-C", "index_price": 41626.21, "direction": "buy", "amount": 9.6}, {"trade_seq": 68, "trade_id": "206192698", "timestamp": 1646656978517, "tick_direction": 2, "price": 0.002, "mark_price": 0.00215721, "iv": 82.31, "instrument_name": "BTC-30DEC22-300000-C", "index_price": 38654.37, "direction": "sell", "amount": 4.4}, {"trade_seq": 67, "trade_id": "205987074", "timestamp": 1646495058786, "tick_direction": 1, "price": 0.0025, "mark_price": 0.00220115, "iv": 83.58, "instrument_name": "BTC-30DEC22-300000-C", "index_price": 39124.6, "direction": "sell", "amount": 1.7}, {"trade_seq": 66, "trade_id": "205987073", "timestamp": 1646495058786, "tick_direction": 1, "price": 0.0025, "mark_price": 0.00220115, "iv": 83.58, "instrument_name": "BTC-30DEC22-300000-C", "index_price": 39124.6, "direction": "sell", "amount": 4.5}, {"trade_seq": 65, "trade_id": "205987072", "timestamp": 1646495058766, "tick_direction": 1, "price": 0.0025, "mark_price": 0.00220115, "iv": 83.58, "instrument_name": "BTC-30DEC22-300000-C", "index_price": 39124.6, "direction": "buy", "amount": 7.5}, {"trade_seq": 64, "trade_id": "205667681", "timestamp": 1646295141846, "tick_direction": 1, "price": 0.0025, "mark_price": 0.00249194, "iv": 79.62, "instrument_name": "BTC-30DEC22-300000-C", "index_price": 43540.35, "direction": "sell", "amount": 2.2}, {"trade_seq": 63, "trade_id": "205667671", "timestamp": 1646295126909, "tick_direction": 1, "price": 0.0025, "mark_price": 0.00247744, "iv": 79.62, "instrument_name": "BTC-30DEC22-300000-C", "index_price": 43533.9, "direction": "sell", "amount": 3.5}, {"trade_seq": 62, "trade_id": "205667270", "timestamp": 1646294760262, "tick_direction": 0, "price": 0.0025, "mark_price": 0.00240478, "iv": 79.67, "instrument_name": "BTC-30DEC22-300000-C", "index_price": 43452.3, "direction": "sell", "amount": 3.6}, {"trade_seq": 61, "trade_id": "205055621", "timestamp": 1645969516711, "tick_direction": 2, "price": 0.0015, "mark_price": 0.00163978, "iv": 78.73, "instrument_name": "BTC-30DEC22-300000-C", "index_price": 38720.93, "direction": "sell", "amount": 4.0}, {"trade_seq": 60, "trade_id": "204991803", "timestamp": 1645892746822, "tick_direction": 0, "price": 0.002, "mark_price": 0.00142969, "iv": 80.52, "instrument_name": "BTC-30DEC22-300000-C", "index_price": 39219.33, "direction": "buy", "amount": 0.1}, {"trade_seq": 59, "trade_id": "204911412", "timestamp": 1645811551819, "tick_direction": 2, "price": 0.0015, "mark_price": 0.00193538, "iv": 78.31, "instrument_name": "BTC-30DEC22-300000-C", "index_price": 38976.5, "direction": "sell", "amount": 1.0}, {"trade_seq": 58, "trade_id": "204334136", "timestamp": 1645554907737, "tick_direction": 2, "price": 0.002, "mark_price": 0.00204983, "iv": 81.18, "instrument_name": "BTC-30DEC22-300000-C", "index_price": 37751.97, "direction": "sell", "amount": 4.4}, {"trade_seq": 57, "trade_id": "204131649", "timestamp": 1645465846546, "tick_direction": 3, "price": 0.0025, "mark_price": 0.00281803, "iv": 82.19, "instrument_name": "BTC-30DEC22-300000-C", "index_price": 38592.66, "direction": "sell", "amount": 3.2}, {"trade_seq": 56, "trade_id": "204131637", "timestamp": 1645465836045, "tick_direction": 3, "price": 0.0025, "mark_price": 0.00281668, "iv": 82.19, "instrument_name": "BTC-30DEC22-300000-C", "index_price": 38602.78, "direction": "sell", "amount": 3.1}, {"trade_seq": 55, "trade_id": "204131626", "timestamp": 1645465824605, "tick_direction": 3, "price": 0.0025, "mark_price": 0.00281791, "iv": 82.18, "instrument_name": "BTC-30DEC22-300000-C", "index_price": 38620.05, "direction": "sell", "amount": 3.0}, {"trade_seq": 54, "trade_id": "204131625", "timestamp": 1645465813484, "tick_direction": 3, "price": 0.0025, "mark_price": 0.00281544, "iv": 82.17, "instrument_name": "BTC-30DEC22-300000-C", "index_price": 38613.81, "direction": "sell", "amount": 3.0}, {"trade_seq": 53, "trade_id": "203787430", "timestamp": 1645133931801, "tick_direction": 2, "price": 0.0025, "mark_price": 0.00338978, "iv": 79.95, "instrument_name": "BTC-30DEC22-300000-C", "index_price": 40720.65, "direction": "sell", "amount": 0.1}, {"trade_seq": 52, "trade_id": "203354629", "timestamp": 1644788572807, "tick_direction": 0, "price": 0.005, "mark_price": 0.0037142, "iv": 84.49, "instrument_name": "BTC-30DEC22-300000-C", "index_price": 42271.92, "direction": "buy", "amount": 1.0}, {"trade_seq": 51, "trade_id": "203325590", "timestamp": 1644753605031, "tick_direction": 2, "price": 0.0035, "mark_price": 0.00397929, "iv": 80.66, "instrument_name": "BTC-30DEC22-300000-C", "index_price": 42496.6, "direction": "sell", "amount": 1.0}, {"trade_seq": 50, "trade_id": "203302404", "timestamp": 1644704582491, "tick_direction": 0, "price": 0.0055, "mark_price": 0.0037919, "iv": 85.63, "instrument_name": "BTC-30DEC22-300000-C", "index_price": 41958.65, "direction": "buy", "amount": 0.7}, {"trade_seq": 49, "trade_id": "203070636", "timestamp": 1644554800778, "tick_direction": 3, "price": 0.0045, "mark_price": 0.00519538, "iv": 82.4, "instrument_name": "BTC-30DEC22-300000-C", "index_price": 43025.44, "direction": "sell", "amount": 0.7}, {"trade_seq": 48, "trade_id": "203070634", "timestamp": 1644554798137, "tick_direction": 3, "price": 0.0045, "mark_price": 0.00519319, "iv": 82.4, "instrument_name": "BTC-30DEC22-300000-C", "index_price": 43021.01, "direction": "sell", "amount": 2.5}, {"trade_seq": 47, "trade_id": "203070529", "timestamp": 1644554676127, "tick_direction": 3, "price": 0.0045, "mark_price": 0.00518505, "iv": 82.39, "instrument_name": "BTC-30DEC22-300000-C", "index_price": 43056.9, "direction": "sell", "amount": 2.5}, {"trade_seq": 46, "trade_id": "203070528", "timestamp": 1644554673956, "tick_direction": 3, "price": 0.0045, "mark_price": 0.00518638, "iv": 82.39, "instrument_name": "BTC-30DEC22-300000-C", "index_price": 43058.15, "direction": "sell", "amount": 2.5}, {"trade_seq": 45, "trade_id": "203070487", "timestamp": 1644554645966, "tick_direction": 3, "price": 0.0045, "mark_price": 0.00518032, "iv": 82.39, "instrument_name": "BTC-30DEC22-300000-C", "index_price": 43042.67, "direction": "sell", "amount": 2.5}, {"trade_seq": 44, "trade_id": "203070267", "timestamp": 1644554593989, "tick_direction": 2, "price": 0.0045, "mark_price": 0.00520462, "iv": 82.33, "instrument_name": "BTC-30DEC22-300000-C", "index_price": 43048.74, "direction": "sell", "amount": 2.5}, {"trade_seq": 43, "trade_id": "203020771", "timestamp": 1644531446613, "tick_direction": 3, "price": 0.006, "mark_price": 0.00521387, "iv": 84.67, "instrument_name": "BTC-30DEC22-300000-C", "index_price": 43813.97, "direction": "buy", "amount": 1.0}, {"trade_seq": 42, "trade_id": "202835876", "timestamp": 1644492894356, "tick_direction": 2, "price": 0.006, "mark_price": 0.00526087, "iv": 83.81, "instrument_name": "BTC-30DEC22-300000-C", "index_price": 45113.17, "direction": "buy", "amount": 0.2}, {"trade_seq": 41, "trade_id": "202670958", "timestamp": 1644362656310, "tick_direction": 0, "price": 0.008, "mark_price": 0.00577155, "iv": 87.46, "instrument_name": "BTC-30DEC22-300000-C", "index_price": 44180.06, "direction": "buy", "amount": 3.0}, {"trade_seq": 40, "trade_id": "202453984", "timestamp": 1644260108299, "tick_direction": 1, "price": 0.007, "mark_price": 0.0050726, "iv": 85.87, "instrument_name": "BTC-30DEC22-300000-C", "index_price": 44023.07, "direction": "buy", "amount": 4.9}, {"trade_seq": 39, "trade_id": "202453983", "timestamp": 1644260108299, "tick_direction": 0, "price": 0.007, "mark_price": 0.0050726, "iv": 85.87, "instrument_name": "BTC-30DEC22-300000-C", "index_price": 44023.07, "direction": "buy", "amount": 0.1}, {"trade_seq": 38, "trade_id": "202055656", "timestamp": 1643969160193, "tick_direction": 3, "price": 0.0055, "mark_price": 0.00443101, "iv": 87.56, "instrument_name": "BTC-30DEC22-300000-C", "index_price": 38144.07, "direction": "buy", "amount": 5.0}, {"trade_seq": 37, "trade_id": "201768502", "timestamp": 1643723953670, "tick_direction": 3, "price": 0.0055, "mark_price": 0.00454727, "iv": 86.48, "instrument_name": "BTC-30DEC22-300000-C", "index_price": 38904.92, "direction": "sell", "amount": 6.7}, {"trade_seq": 36, "trade_id": "201768501", "timestamp": 1643723953667, "tick_direction": 2, "price": 0.0055, "mark_price": 0.00454727, "iv": 86.48, "instrument_name": "BTC-30DEC22-300000-C", "index_price": 38904.92, "direction": "buy", "amount": 3.3}, {"trade_seq": 35, "trade_id": "201696088", "timestamp": 1643658277817, "tick_direction": 1, "price": 0.006, "mark_price": 0.00431287, "iv": 87.7, "instrument_name": "BTC-30DEC22-300000-C", "index_price": 38471.97, "direction": "buy", "amount": 4.0}, {"trade_seq": 34, "trade_id": "201687203", "timestamp": 1643653460221, "tick_direction": 0, "price": 0.006, "mark_price": 0.00539488, "iv": 87.66, "instrument_name": "BTC-30DEC22-300000-C", "index_price": 38517.81, "direction": "buy", "amount": 6.0}, {"trade_seq": 33, "trade_id": "201508719", "timestamp": 1643451695501, "tick_direction": 2, "price": 0.005, "mark_price": 0.00572248, "iv": 86.14, "instrument_name": "BTC-30DEC22-300000-C", "index_price": 37659.56, "direction": "sell", "amount": 0.1}, {"trade_seq": 32, "trade_id": "200870444", "timestamp": 1643129583898, "tick_direction": 0, "price": 0.0065, "mark_price": 0.00667034, "iv": 88.98, "instrument_name": "BTC-30DEC22-300000-C", "index_price": 37030.56, "direction": "buy", "amount": 0.1}, {"trade_seq": 31, "trade_id": "200713088", "timestamp": 1643054817723, "tick_direction": 0, "price": 0.006, "mark_price": 0.00395864, "iv": 88.93, "instrument_name": "BTC-30DEC22-300000-C", "index_price": 36008.22, "direction": "buy", "amount": 0.1}, {"trade_seq": 30, "trade_id": "200443090", "timestamp": 1642998959983, "tick_direction": 2, "price": 0.005, "mark_price": 0.00523025, "iv": 87.3, "instrument_name": "BTC-30DEC22-300000-C", "index_price": 35394.92, "direction": "buy", "amount": 0.1}, {"trade_seq": 29, "trade_id": "199996735", "timestamp": 1642838231827, "tick_direction": 2, "price": 0.008, "mark_price": 0.00542178, "iv": 92.46, "instrument_name": "BTC-30DEC22-300000-C", "index_price": 35470.14, "direction": "buy", "amount": 0.1}, {"trade_seq": 28, "trade_id": "199926429", "timestamp": 1642811727534, "tick_direction": 0, "price": 0.0085, "mark_price": 0.00578648, "iv": 92.13, "instrument_name": "BTC-30DEC22-300000-C", "index_price": 36591.74, "direction": "buy", "amount": 0.1}, {"trade_seq": 27, "trade_id": "199516422", "timestamp": 1642685516231, "tick_direction": 3, "price": 0.005, "mark_price": 0.0059634, "iv": 81.02, "instrument_name": "BTC-30DEC22-300000-C", "index_price": 42091.92, "direction": "sell", "amount": 3.4}, {"trade_seq": 26, "trade_id": "199516421", "timestamp": 1642685516231, "tick_direction": 3, "price": 0.005, "mark_price": 0.0059634, "iv": 81.02, "instrument_name": "BTC-30DEC22-300000-C", "index_price": 42091.92, "direction": "sell", "amount": 5.0}, {"trade_seq": 25, "trade_id": "199516420", "timestamp": 1642685516231, "tick_direction": 3, "price": 0.005, "mark_price": 0.0059634, "iv": 81.02, "instrument_name": "BTC-30DEC22-300000-C", "index_price": 42091.92, "direction": "sell", "amount": 6.0}, {"trade_seq": 24, "trade_id": "199516419", "timestamp": 1642685516231, "tick_direction": 3, "price": 0.005, "mark_price": 0.0059634, "iv": 81.02, "instrument_name": "BTC-30DEC22-300000-C", "index_price": 42091.92, "direction": "sell", "amount": 1.0}, {"trade_seq": 23, "trade_id": "199516418", "timestamp": 1642685516231, "tick_direction": 2, "price": 0.005, "mark_price": 0.0059634, "iv": 81.02, "instrument_name": "BTC-30DEC22-300000-C", "index_price": 42091.92, "direction": "sell", "amount": 0.1}, {"trade_seq": 22, "trade_id": "199505167", "timestamp": 1642670689718, "tick_direction": 0, "price": 0.007, "mark_price": 0.00593807, "iv": 84.74, "instrument_name": "BTC-30DEC22-300000-C", "index_price": 41860.11, "direction": "buy", "amount": 1.0}, {"trade_seq": 21, "trade_id": "199441444", "timestamp": 1642604556914, "tick_direction": 2, "price": 0.005, "mark_price": 0.00594858, "iv": 80.63, "instrument_name": "BTC-30DEC22-300000-C", "index_price": 42475.65, "direction": "sell", "amount": 0.1}, {"trade_seq": 20, "trade_id": "199438941", "timestamp": 1642603998187, "tick_direction": 0, "price": 0.007, "mark_price": 0.00594198, "iv": 84.18, "instrument_name": "BTC-30DEC22-300000-C", "index_price": 42458.07, "direction": "buy", "amount": 0.1}, {"trade_seq": 19, "trade_id": "199130516", "timestamp": 1642246576903, "tick_direction": 2, "price": 0.006, "mark_price": 0.00739, "iv": 81.42, "instrument_name": "BTC-30DEC22-300000-C", "index_price": 43057.88, "direction": "sell", "amount": 0.1}, {"trade_seq": 18, "trade_id": "198843062", "timestamp": 1641993484247, "tick_direction": 0, "price": 0.0115, "mark_price": 0.00961841, "iv": 88.4, "instrument_name": "BTC-30DEC22-300000-C", "index_price": 43265.57, "direction": "buy", "amount": 0.3}, {"trade_seq": 17, "trade_id": "198791908", "timestamp": 1641941163042, "tick_direction": 0, "price": 0.007, "mark_price": 0.00905345, "iv": 82.99, "instrument_name": "BTC-30DEC22-300000-C", "index_price": 42671.51, "direction": "sell", "amount": 0.1}, {"trade_seq": 16, "trade_id": "198520608", "timestamp": 1641823422020, "tick_direction": 2, "price": 0.006, "mark_price": 0.00837785, "iv": 82.62, "instrument_name": "BTC-30DEC22-300000-C", "index_price": 40763.72, "direction": "sell", "amount": 0.1}, {"trade_seq": 15, "trade_id": "198492594", "timestamp": 1641805679249, "tick_direction": 1, "price": 0.0095, "mark_price": 0.00817139, "iv": 86.87, "instrument_name": "BTC-30DEC22-300000-C", "index_price": 41766.48, "direction": "buy", "amount": 2.0}, {"trade_seq": 14, "trade_id": "198492593", "timestamp": 1641805679229, "tick_direction": 1, "price": 0.0095, "mark_price": 0.00817139, "iv": 86.87, "instrument_name": "BTC-30DEC22-300000-C", "index_price": 41766.48, "direction": "buy", "amount": 5.7}, {"trade_seq": 13, "trade_id": "198492592", "timestamp": 1641805679229, "tick_direction": 0, "price": 0.0095, "mark_price": 0.00817139, "iv": 86.87, "instrument_name": "BTC-30DEC22-300000-C", "index_price": 41766.48, "direction": "buy", "amount": 0.4}, {"trade_seq": 12, "trade_id": "198486276", "timestamp": 1641798793318, "tick_direction": 3, "price": 0.009, "mark_price": 0.00768254, "iv": 85.97, "instrument_name": "BTC-30DEC22-300000-C", "index_price": 42077.48, "direction": "buy", "amount": 0.4}, {"trade_seq": 11, "trade_id": "198486275", "timestamp": 1641798793305, "tick_direction": 2, "price": 0.009, "mark_price": 0.00768254, "iv": 85.97, "instrument_name": "BTC-30DEC22-300000-C", "index_price": 42077.48, "direction": "buy", "amount": 0.1}, {"trade_seq": 10, "trade_id": "197950858", "timestamp": 1641435889399, "tick_direction": 1, "price": 0.01, "mark_price": 0.00813211, "iv": 85.37, "instrument_name": "BTC-30DEC22-300000-C", "index_price": 43403.46, "direction": "sell", "amount": 3.1}, {"trade_seq": 9, "trade_id": "197950855", "timestamp": 1641435888748, "tick_direction": 1, "price": 0.01, "mark_price": 0.00813211, "iv": 85.37, "instrument_name": "BTC-30DEC22-300000-C", "index_price": 43403.46, "direction": "sell", "amount": 3.1}, {"trade_seq": 8, "trade_id": "197950854", "timestamp": 1641435888742, "tick_direction": 1, "price": 0.01, "mark_price": 0.00813211, "iv": 85.37, "instrument_name": "BTC-30DEC22-300000-C", "index_price": 43403.46, "direction": "sell", "amount": 3.1}, {"trade_seq": 7, "trade_id": "197950853", "timestamp": 1641435888738, "tick_direction": 1, "price": 0.01, "mark_price": 0.00813211, "iv": 85.37, "instrument_name": "BTC-30DEC22-300000-C", "index_price": 43403.46, "direction": "buy", "amount": 0.1}, {"trade_seq": 6, "trade_id": "197950852", "timestamp": 1641435888738, "tick_direction": 1, "price": 0.01, "mark_price": 0.00813211, "iv": 85.37, "instrument_name": "BTC-30DEC22-300000-C", "index_price": 43403.46, "direction": "buy", "amount": 0.1}, {"trade_seq": 5, "trade_id": "197950851", "timestamp": 1641435888738, "tick_direction": 0, "price": 0.01, "mark_price": 0.00813211, "iv": 85.37, "instrument_name": "BTC-30DEC22-300000-C", "index_price": 43403.46, "direction": "buy", "amount": 1.0}, {"trade_seq": 4, "trade_id": "197791605", "timestamp": 1641393734409, "tick_direction": 2, "price": 0.0095, "mark_price": 0.00835596, "iv": 82.01, "instrument_name": "BTC-30DEC22-300000-C", "index_price": 46731.65, "direction": "buy", "amount": 0.1}, {"trade_seq": 3, "trade_id": "197399970", "timestamp": 1641003918634, "tick_direction": 2, "price": 0.015, "mark_price": 0.01362067, "iv": 87.28, "instrument_name": "BTC-30DEC22-300000-C", "index_price": 46841.58, "direction": "buy", "amount": 0.1}, {"trade_seq": 2, "trade_id": "197228316", "timestamp": 1640931805901, "tick_direction": 1, "price": 0.017, "mark_price": 0.01280664, "iv": 88.51, "instrument_name": "BTC-30DEC22-300000-C", "index_price": 47444.48, "direction": "buy", "amount": 1.0}, {"trade_seq": 1, "trade_id": "197228315", "timestamp": 1640931805901, "tick_direction": 1, "price": 0.017, "mark_price": 0.01280664, "iv": 88.51, "instrument_name": "BTC-30DEC22-300000-C", "index_price": 47444.48, "direction": "buy", "amount": 0.5}], "has_more": false}