{"trades": [{"trade_seq": 505, "trade_id": "3189649", "timestamp": 1514022085004, "tick_direction": 2, "price": 0.5657, "mark_price": 0.5764967, "iv": 0.0, "instrument_name": "BTC-29DEC17-6000-C", "index_price": 14499.01, "direction": "sell", "amount": 0.1}, {"trade_seq": 504, "trade_id": "3041255", "timestamp": 1513871742730, "tick_direction": 2, "price": 0.6097, "mark_price": 0.61328997, "iv": 0.0, "instrument_name": "BTC-29DEC17-6000-C", "index_price": 15377.65, "direction": "buy", "amount": 0.1}, {"trade_seq": 503, "trade_id": "2988052", "timestamp": 1513733122885, "tick_direction": 2, "price": 0.6296, "mark_price": 0.63517705, "iv": 0.0, "instrument_name": "BTC-29DEC17-6000-C", "index_price": 16271.52, "direction": "buy", "amount": 0.1}, {"trade_seq": 502, "trade_id": "2970256", "timestamp": 1513717960296, "tick_direction": 0, "price": 0.6649, "mark_price": 0.65887754, "iv": 387.29, "instrument_name": "BTC-29DEC17-6000-C", "index_price": 17414.88, "direction": "sell", "amount": 2.5}, {"trade_seq": 501, "trade_id": "2734013", "timestamp": 1513373374667, "tick_direction": 3, "price": 0.664, "mark_price": 0.66401537, "iv": 0.0, "instrument_name": "BTC-29DEC17-6000-C", "index_price": 17576.49, "direction": "buy", "amount": 1.0}, {"trade_seq": 500, "trade_id": "2734004", "timestamp": 1513373374477, "tick_direction": 2, "price": 0.664, "mark_price": 0.66401537, "iv": 0.0, "instrument_name": "BTC-29DEC17-6000-C", "index_price": 17576.49, "direction": "buy", "amount": 1.0}, {"trade_seq": 499, "trade_id": "2731148", "timestamp": 1513368629125, "tick_direction": 0, "price": 0.6731, "mark_price": 0.67671047, "iv": 0.0, "instrument_name": "BTC-29DEC17-6000-C", "index_price": 17699.32, "direction": "sell", "amount": 1.0}, {"trade_seq": 498, "trade_id": "2638327", "timestamp": 1513169148510, "tick_direction": 1, "price": 0.666, "mark_price": 0.66707344, "iv": 0.0, "instrument_name": "BTC-29DEC17-6000-C", "index_price": 17283.54, "direction": "buy", "amount": 0.5}, {"trade_seq": 497, "trade_id": "2638319", "timestamp": 1513169137618, "tick_direction": 1, "price": 0.666, "mark_price": 0.66695362, "iv": 0.0, "instrument_name": "BTC-29DEC17-6000-C", "index_price": 17283.86, "direction": "buy", "amount": 1.5}, {"trade_seq": 496, "trade_id": "2638262", "timestamp": 1513168982292, "tick_direction": 1, "price": 0.666, "mark_price": 0.66664831, "iv": 0.0, "instrument_name": "BTC-29DEC17-6000-C", "index_price": 17261.13, "direction": "buy", "amount": 1.5}, {"trade_seq": 495, "trade_id": "2637293", "timestamp": 1513167899028, "tick_direction": 0, "price": 0.666, "mark_price": 0.66455372, "iv": 240.31, "instrument_name": "BTC-29DEC17-6000-C", "index_price": 17181.18, "direction": "buy", "amount": 1.5}, {"trade_seq": 494, "trade_id": "2581261", "timestamp": 1513032686044, "tick_direction": 0, "price": 0.6645, "mark_price": 0.66387851, "iv": 205.67, "instrument_name": "BTC-29DEC17-6000-C", "index_price": 17020.62, "direction": "sell", "amount": 0.7}, {"trade_seq": 493, "trade_id": "2569829", "timestamp": 1513016173070, "tick_direction": 3, "price": 0.656, "mark_price": 0.65473383, "iv": 218.7, "instrument_name": "BTC-29DEC17-6000-C", "index_price": 16753.83, "direction": "buy", "amount": 0.5}, {"trade_seq": 492, "trade_id": "2569828", "timestamp": 1513016172496, "tick_direction": 2, "price": 0.656, "mark_price": 0.65473383, "iv": 218.7, "instrument_name": "BTC-29DEC17-6000-C", "index_price": 16563.31, "direction": "buy", "amount": 1.5}, {"trade_seq": 491, "trade_id": "2562484", "timestamp": 1512997727087, "tick_direction": 0, "price": 0.6594, "mark_price": 0.65296885, "iv": 281.9, "instrument_name": "BTC-29DEC17-6000-C", "index_price": 16610.19, "direction": "buy", "amount": 3.0}, {"trade_seq": 490, "trade_id": "2553680", "timestamp": 1512983504651, "tick_direction": 2, "price": 0.6542, "mark_price": 0.64801746, "iv": 275.07, "instrument_name": "BTC-29DEC17-6000-C", "index_price": 16625.0, "direction": "buy", "amount": 0.3}, {"trade_seq": 489, "trade_id": "2553657", "timestamp": 1512983362880, "tick_direction": 0, "price": 0.6564, "mark_price": 0.64914282, "iv": 284.72, "instrument_name": "BTC-29DEC17-6000-C", "index_price": 16625.47, "direction": "buy", "amount": 1.2}, {"trade_seq": 488, "trade_id": "2553538", "timestamp": 1512983244903, "tick_direction": 0, "price": 0.6551, "mark_price": 0.64826613, "iv": 280.68, "instrument_name": "BTC-29DEC17-6000-C", "index_price": 16591.62, "direction": "buy", "amount": 1.2}, {"trade_seq": 487, "trade_id": "2500772", "timestamp": 1512927493308, "tick_direction": 0, "price": 0.6248, "mark_price": 0.62322584, "iv": 202.19, "instrument_name": "BTC-29DEC17-6000-C", "index_price": 15587.14, "direction": "sell", "amount": 0.1}, {"trade_seq": 486, "trade_id": "2466354", "timestamp": 1512894265518, "tick_direction": 2, "price": 0.5781, "mark_price": 0.56222933, "iv": 267.88, "instrument_name": "BTC-29DEC17-6000-C", "index_price": 13785.88, "direction": "sell", "amount": 1.0}, {"trade_seq": 485, "trade_id": "2234630", "timestamp": 1512668242194, "tick_direction": 0, "price": 0.6113, "mark_price": 0.61433699, "iv": 0.0, "instrument_name": "BTC-29DEC17-6000-C", "index_price": 15013.05, "direction": "sell", "amount": 2.5}, {"trade_seq": 484, "trade_id": "2177673", "timestamp": 1512644800557, "tick_direction": 1, "price": 0.61, "mark_price": 0.5967822, "iv": 258.88, "instrument_name": "BTC-29DEC17-6000-C", "index_price": 15002.97, "direction": "sell", "amount": 0.5}, {"trade_seq": 483, "trade_id": "2177670", "timestamp": 1512644783125, "tick_direction": 1, "price": 0.61, "mark_price": 0.5970126, "iv": 257.93, "instrument_name": "BTC-29DEC17-6000-C", "index_price": 15007.24, "direction": "sell", "amount": 1.0}, {"trade_seq": 482, "trade_id": "2177656", "timestamp": 1512644752991, "tick_direction": 0, "price": 0.61, "mark_price": 0.59668195, "iv": 259.29, "instrument_name": "BTC-29DEC17-6000-C", "index_price": 15006.3, "direction": "sell", "amount": 1.0}, {"trade_seq": 481, "trade_id": "2168970", "timestamp": 1512634910080, "tick_direction": 1, "price": 0.5874, "mark_price": 0.58941818, "iv": 0.0, "instrument_name": "BTC-29DEC17-6000-C", "index_price": 14550.86, "direction": "buy", "amount": 1.5}, {"trade_seq": 480, "trade_id": "2168869", "timestamp": 1512634784719, "tick_direction": 0, "price": 0.5874, "mark_price": 0.58876505, "iv": 0.0, "instrument_name": "BTC-29DEC17-6000-C", "index_price": 14452.13, "direction": "buy", "amount": 1.0}, {"trade_seq": 479, "trade_id": "2155708", "timestamp": 1512612218764, "tick_direction": 0, "price": 0.5772, "mark_price": 0.57670308, "iv": 141.59, "instrument_name": "BTC-29DEC17-6000-C", "index_price": 14120.78, "direction": "sell", "amount": 0.5}, {"trade_seq": 478, "trade_id": "2143971", "timestamp": 1512601360904, "tick_direction": 1, "price": 0.5632, "mark_price": 0.54992245, "iv": 228.97, "instrument_name": "BTC-29DEC17-6000-C", "index_price": 12927.04, "direction": "sell", "amount": 1.0}, {"trade_seq": 477, "trade_id": "2143967", "timestamp": 1512601360726, "tick_direction": 0, "price": 0.5632, "mark_price": 0.54992245, "iv": 228.97, "instrument_name": "BTC-29DEC17-6000-C", "index_price": 13685.26, "direction": "sell", "amount": 1.0}, {"trade_seq": 476, "trade_id": "2136483", "timestamp": 1512596808360, "tick_direction": 0, "price": 0.5494, "mark_price": 0.54799345, "iv": 150.0, "instrument_name": "BTC-29DEC17-6000-C", "index_price": 13189.26, "direction": "buy", "amount": 0.3}, {"trade_seq": 475, "trade_id": "2018906", "timestamp": 1512334981495, "tick_direction": 1, "price": 0.48, "mark_price": 0.48061216, "iv": 0.0, "instrument_name": "BTC-29DEC17-6000-C", "index_price": 11383.47, "direction": "buy", "amount": 1.3}, {"trade_seq": 474, "trade_id": "2018624", "timestamp": 1512334691923, "tick_direction": 1, "price": 0.48, "mark_price": 0.47933618, "iv": 110.56, "instrument_name": "BTC-29DEC17-6000-C", "index_price": 11391.56, "direction": "buy", "amount": 1.5}, {"trade_seq": 473, "trade_id": "2018623", "timestamp": 1512334691378, "tick_direction": 1, "price": 0.48, "mark_price": 0.47933618, "iv": 110.56, "instrument_name": "BTC-29DEC17-6000-C", "index_price": 11391.56, "direction": "buy", "amount": 1.5}, {"trade_seq": 472, "trade_id": "2018621", "timestamp": 1512334690583, "tick_direction": 0, "price": 0.48, "mark_price": 0.479, "iv": 116.4, "instrument_name": "BTC-29DEC17-6000-C", "index_price": 11392.63, "direction": "buy", "amount": 1.5}, {"trade_seq": 471, "trade_id": "1947948", "timestamp": 1512174653491, "tick_direction": 0, "price": 0.4738, "mark_price": 0.46467071, "iv": 156.23, "instrument_name": "BTC-29DEC17-6000-C", "index_price": 10973.1, "direction": "buy", "amount": 0.5}, {"trade_seq": 470, "trade_id": "1933960", "timestamp": 1512150135900, "tick_direction": 0, "price": 0.4392, "mark_price": 0.44051, "iv": 0.0, "instrument_name": "BTC-29DEC17-6000-C", "index_price": 10519.43, "direction": "sell", "amount": 0.1}, {"trade_seq": 469, "trade_id": "1912422", "timestamp": 1512117934226, "tick_direction": 2, "price": 0.3977, "mark_price": 0.38786945, "iv": 132.24, "instrument_name": "BTC-29DEC17-6000-C", "index_price": 9692.52, "direction": "buy", "amount": 0.5}, {"trade_seq": 468, "trade_id": "1912372", "timestamp": 1512117680319, "tick_direction": 2, "price": 0.4003, "mark_price": 0.39006679, "iv": 133.95, "instrument_name": "BTC-29DEC17-6000-C", "index_price": 9731.84, "direction": "sell", "amount": 0.5}, {"trade_seq": 467, "trade_id": "1912007", "timestamp": 1512116645975, "tick_direction": 0, "price": 0.4013, "mark_price": 0.39147579, "iv": 133.13, "instrument_name": "BTC-29DEC17-6000-C", "index_price": 9629.43, "direction": "buy", "amount": 1.0}, {"trade_seq": 466, "trade_id": "1886895", "timestamp": 1512074352687, "tick_direction": 0, "price": 0.376, "mark_price": 0.37863751, "iv": 0.0, "instrument_name": "BTC-29DEC17-6000-C", "index_price": 9636.95, "direction": "sell", "amount": 0.1}, {"trade_seq": 465, "trade_id": "1873500", "timestamp": 1512056702709, "tick_direction": 2, "price": 0.3711, "mark_price": 0.36065109, "iv": 124.93, "instrument_name": "BTC-29DEC17-6000-C", "index_price": 9329.55, "direction": "buy", "amount": 1.1}, {"trade_seq": 464, "trade_id": "1795204", "timestamp": 1511982600804, "tick_direction": 2, "price": 0.4196, "mark_price": 0.42152883, "iv": 0.0, "instrument_name": "BTC-29DEC17-6000-C", "index_price": 10142.23, "direction": "buy", "amount": 0.5}, {"trade_seq": 463, "trade_id": "1784976", "timestamp": 1511972525415, "tick_direction": 0, "price": 0.4665, "mark_price": 0.46813256, "iv": 0.0, "instrument_name": "BTC-29DEC17-6000-C", "index_price": 10882.19, "direction": "sell", "amount": 0.2}, {"trade_seq": 462, "trade_id": "1779263", "timestamp": 1511968725726, "tick_direction": 2, "price": 0.4664, "mark_price": 0.462692, "iv": 123.64, "instrument_name": "BTC-29DEC17-6000-C", "index_price": 11291.12, "direction": "sell", "amount": 0.5}, {"trade_seq": 461, "trade_id": "1775108", "timestamp": 1511965399738, "tick_direction": 0, "price": 0.4805, "mark_price": 0.48008532, "iv": 97.38, "instrument_name": "BTC-29DEC17-6000-C", "index_price": 11270.75, "direction": "sell", "amount": 0.4}, {"trade_seq": 460, "trade_id": "1773853", "timestamp": 1511964248048, "tick_direction": 0, "price": 0.4777, "mark_price": 0.46895039, "iv": 148.31, "instrument_name": "BTC-29DEC17-6000-C", "index_price": 10883.78, "direction": "sell", "amount": 0.5}, {"trade_seq": 459, "trade_id": "1771832", "timestamp": 1511961686210, "tick_direction": 2, "price": 0.4609, "mark_price": 0.45986247, "iv": 102.69, "instrument_name": "BTC-29DEC17-6000-C", "index_price": 10928.39, "direction": "sell", "amount": 0.1}, {"trade_seq": 458, "trade_id": "1771360", "timestamp": 1511959975340, "tick_direction": 1, "price": 0.463, "mark_price": 0.46033034, "iv": 116.41, "instrument_name": "BTC-29DEC17-6000-C", "index_price": 10914.94, "direction": "sell", "amount": 0.1}, {"trade_seq": 457, "trade_id": "1771358", "timestamp": 1511959970219, "tick_direction": 1, "price": 0.463, "mark_price": 0.46035829, "iv": 116.22, "instrument_name": "BTC-29DEC17-6000-C", "index_price": 10914.59, "direction": "sell", "amount": 0.1}, {"trade_seq": 456, "trade_id": "1771353", "timestamp": 1511959963537, "tick_direction": 1, "price": 0.463, "mark_price": 0.46058755, "iv": 114.69, "instrument_name": "BTC-29DEC17-6000-C", "index_price": 10914.59, "direction": "sell", "amount": 0.1}, {"trade_seq": 455, "trade_id": "1771352", "timestamp": 1511959960607, "tick_direction": 1, "price": 0.463, "mark_price": 0.46058755, "iv": 114.69, "instrument_name": "BTC-29DEC17-6000-C", "index_price": 10912.54, "direction": "sell", "amount": 0.1}, {"trade_seq": 454, "trade_id": "1771349", "timestamp": 1511959956595, "tick_direction": 0, "price": 0.463, "mark_price": 0.46066697, "iv": 114.14, "instrument_name": "BTC-29DEC17-6000-C", "index_price": 10912.54, "direction": "sell", "amount": 0.1}, {"trade_seq": 453, "trade_id": "1756440", "timestamp": 1511932814294, "tick_direction": 1, "price": 0.4509, "mark_price": 0.45095245, "iv": 79.15, "instrument_name": "BTC-29DEC17-6000-C", "index_price": 10643.26, "direction": "sell", "amount": 0.1}, {"trade_seq": 452, "trade_id": "1756434", "timestamp": 1511932809151, "tick_direction": 0, "price": 0.4509, "mark_price": 0.45095245, "iv": 79.15, "instrument_name": "BTC-29DEC17-6000-C", "index_price": 10639.42, "direction": "sell", "amount": 0.1}, {"trade_seq": 451, "trade_id": "1756223", "timestamp": 1511932603263, "tick_direction": 0, "price": 0.4477, "mark_price": 0.44773271, "iv": 79.96, "instrument_name": "BTC-29DEC17-6000-C", "index_price": 9876.67, "direction": "buy", "amount": 0.1}, {"trade_seq": 450, "trade_id": "1756212", "timestamp": 1511932591274, "tick_direction": 0, "price": 0.4473, "mark_price": 0.4472, "iv": 80.91, "instrument_name": "BTC-29DEC17-6000-C", "index_price": 9635.53, "direction": "buy", "amount": 0.1}, {"trade_seq": 449, "trade_id": "1755889", "timestamp": 1511932289910, "tick_direction": 0, "price": 0.4467, "mark_price": 0.44675038, "iv": 79.4, "instrument_name": "BTC-29DEC17-6000-C", "index_price": 10577.73, "direction": "sell", "amount": 0.1}, {"trade_seq": 448, "trade_id": "1743546", "timestamp": 1511891048204, "tick_direction": 2, "price": 0.4024, "mark_price": 0.4023476, "iv": 81.64, "instrument_name": "BTC-29DEC17-6000-C", "index_price": 9913.39, "direction": "sell", "amount": 0.2}, {"trade_seq": 447, "trade_id": "1742515", "timestamp": 1511883575654, "tick_direction": 2, "price": 0.4032, "mark_price": 0.40000606, "iv": 103.08, "instrument_name": "BTC-29DEC17-6000-C", "index_price": 9857.23, "direction": "sell", "amount": 0.2}, {"trade_seq": 446, "trade_id": "1742291", "timestamp": 1511880367219, "tick_direction": 0, "price": 0.4045, "mark_price": 0.4026629, "iv": 96.19, "instrument_name": "BTC-29DEC17-6000-C", "index_price": 9900.17, "direction": "buy", "amount": 0.1}, {"trade_seq": 445, "trade_id": "1738487", "timestamp": 1511862463980, "tick_direction": 0, "price": 0.4012, "mark_price": 0.40097614, "iv": 83.44, "instrument_name": "BTC-29DEC17-6000-C", "index_price": 9882.46, "direction": "buy", "amount": 0.1}, {"trade_seq": 444, "trade_id": "1720108", "timestamp": 1511779423682, "tick_direction": 3, "price": 0.38, "mark_price": 0.38175, "iv": 0.0, "instrument_name": "BTC-29DEC17-6000-C", "index_price": 9556.7, "direction": "buy", "amount": 0.5}, {"trade_seq": 443, "trade_id": "1720102", "timestamp": 1511779399766, "tick_direction": 2, "price": 0.38, "mark_price": 0.38148198, "iv": 0.0, "instrument_name": "BTC-29DEC17-6000-C", "index_price": 9553.49, "direction": "buy", "amount": 1.5}, {"trade_seq": 442, "trade_id": "1713539", "timestamp": 1511760763087, "tick_direction": 2, "price": 0.389, "mark_price": 0.38537637, "iv": 99.03, "instrument_name": "BTC-29DEC17-6000-C", "index_price": 9577.86, "direction": "buy", "amount": 1.2}, {"trade_seq": 441, "trade_id": "1713129", "timestamp": 1511759957817, "tick_direction": 0, "price": 0.3905, "mark_price": 0.38738918, "iv": 98.94, "instrument_name": "BTC-29DEC17-6000-C", "index_price": 9599.51, "direction": "buy", "amount": 1.5}, {"trade_seq": 440, "trade_id": "1693750", "timestamp": 1511721887941, "tick_direction": 0, "price": 0.3772, "mark_price": 0.37344926, "iv": 98.86, "instrument_name": "BTC-29DEC17-6000-C", "index_price": 9410.81, "direction": "buy", "amount": 1.0}, {"trade_seq": 439, "trade_id": "1693057", "timestamp": 1511720652392, "tick_direction": 0, "price": 0.37, "mark_price": 0.37179925, "iv": 61.23, "instrument_name": "BTC-29DEC17-6000-C", "index_price": 9366.8, "direction": "buy", "amount": 0.4}, {"trade_seq": 438, "trade_id": "1688845", "timestamp": 1511713324685, "tick_direction": 0, "price": 0.35, "mark_price": 0.3529183, "iv": 43.09, "instrument_name": "BTC-29DEC17-6000-C", "index_price": 9124.38, "direction": "buy", "amount": 0.1}, {"trade_seq": 437, "trade_id": "1674974", "timestamp": 1511654026308, "tick_direction": 1, "price": 0.324, "mark_price": 0.32584717, "iv": 73.61, "instrument_name": "BTC-29DEC17-6000-C", "index_price": 8754.81, "direction": "buy", "amount": 3.0}, {"trade_seq": 436, "trade_id": "1674973", "timestamp": 1511654026308, "tick_direction": 1, "price": 0.324, "mark_price": 0.32584717, "iv": 73.61, "instrument_name": "BTC-29DEC17-6000-C", "index_price": 8754.81, "direction": "buy", "amount": 1.3}, {"trade_seq": 435, "trade_id": "1674948", "timestamp": 1511653978356, "tick_direction": 1, "price": 0.324, "mark_price": 0.32530602, "iv": 71.05, "instrument_name": "BTC-29DEC17-6000-C", "index_price": 8751.24, "direction": "buy", "amount": 2.0}, {"trade_seq": 434, "trade_id": "1674943", "timestamp": 1511653978210, "tick_direction": 1, "price": 0.324, "mark_price": 0.32530602, "iv": 71.05, "instrument_name": "BTC-29DEC17-6000-C", "index_price": 8751.24, "direction": "buy", "amount": 2.0}, {"trade_seq": 433, "trade_id": "1674940", "timestamp": 1511653960078, "tick_direction": 1, "price": 0.324, "mark_price": 0.32530602, "iv": 71.05, "instrument_name": "BTC-29DEC17-6000-C", "index_price": 8750.68, "direction": "buy", "amount": 2.0}, {"trade_seq": 432, "trade_id": "1673591", "timestamp": 1511647987520, "tick_direction": 1, "price": 0.324, "mark_price": 0.32333162, "iv": 79.53, "instrument_name": "BTC-29DEC17-6000-C", "index_price": 8722.84, "direction": "buy", "amount": 1.2}, {"trade_seq": 431, "trade_id": "1670800", "timestamp": 1511632412133, "tick_direction": 0, "price": 0.324, "mark_price": 0.32351539, "iv": 81.66, "instrument_name": "BTC-29DEC17-6000-C", "index_price": 8696.18, "direction": "buy", "amount": 1.5}, {"trade_seq": 430, "trade_id": "1653227", "timestamp": 1511534613249, "tick_direction": 3, "price": 0.28, "mark_price": 0.27790933, "iv": 87.93, "instrument_name": "BTC-29DEC17-6000-C", "index_price": 8167.8, "direction": "sell", "amount": 0.1}, {"trade_seq": 429, "trade_id": "1652788", "timestamp": 1511531637391, "tick_direction": 2, "price": 0.28, "mark_price": 0.28006148, "iv": 83.88, "instrument_name": "BTC-29DEC17-6000-C", "index_price": 8203.69, "direction": "sell", "amount": 0.1}, {"trade_seq": 428, "trade_id": "1649379", "timestamp": 1511512543771, "tick_direction": 0, "price": 0.2891, "mark_price": 0.28305, "iv": 92.98, "instrument_name": "BTC-29DEC17-6000-C", "index_price": 8297.47, "direction": "buy", "amount": 1.5}, {"trade_seq": 427, "trade_id": "1644486", "timestamp": 1511494186314, "tick_direction": 0, "price": 0.2673, "mark_price": 0.27191406, "iv": 85.49, "instrument_name": "BTC-29DEC17-6000-C", "index_price": 8115.06, "direction": "sell", "amount": 0.1}, {"trade_seq": 426, "trade_id": "1642607", "timestamp": 1511487994477, "tick_direction": 3, "price": 0.2561, "mark_price": 0.25608682, "iv": 93.02, "instrument_name": "BTC-29DEC17-6000-C", "index_price": 8194.3, "direction": "buy", "amount": 0.1}, {"trade_seq": 425, "trade_id": "1642606", "timestamp": 1511487994382, "tick_direction": 2, "price": 0.2561, "mark_price": 0.25608682, "iv": 93.02, "instrument_name": "BTC-29DEC17-6000-C", "index_price": 8189.95, "direction": "buy", "amount": 0.2}, {"trade_seq": 424, "trade_id": "1634404", "timestamp": 1511453151199, "tick_direction": 3, "price": 0.2773, "mark_price": 0.28157355, "iv": 85.68, "instrument_name": "BTC-29DEC17-6000-C", "index_price": 8154.19, "direction": "buy", "amount": 0.1}, {"trade_seq": 423, "trade_id": "1634402", "timestamp": 1511453145911, "tick_direction": 2, "price": 0.2773, "mark_price": 0.28143221, "iv": 85.94, "instrument_name": "BTC-29DEC17-6000-C", "index_price": 8152.68, "direction": "sell", "amount": 0.1}, {"trade_seq": 422, "trade_id": "1571660", "timestamp": 1511232031733, "tick_direction": 2, "price": 0.2935, "mark_price": 0.28583613, "iv": 103.35, "instrument_name": "BTC-29DEC17-6000-C", "index_price": 8219.73, "direction": "sell", "amount": 0.2}, {"trade_seq": 421, "trade_id": "1565628", "timestamp": 1511203035781, "tick_direction": 2, "price": 0.299, "mark_price": 0.29846039, "iv": 92.91, "instrument_name": "BTC-29DEC17-6000-C", "index_price": 8209.97, "direction": "buy", "amount": 0.5}, {"trade_seq": 420, "trade_id": "1565145", "timestamp": 1511202005693, "tick_direction": 2, "price": 0.2992, "mark_price": 0.2989, "iv": 92.45, "instrument_name": "BTC-29DEC17-6000-C", "index_price": 8246.68, "direction": "sell", "amount": 0.1}, {"trade_seq": 419, "trade_id": "1559554", "timestamp": 1511176551989, "tick_direction": 3, "price": 0.3, "mark_price": 0.28874426, "iv": 112.4, "instrument_name": "BTC-29DEC17-6000-C", "index_price": 8028.06, "direction": "sell", "amount": 1.3}, {"trade_seq": 418, "trade_id": "1559223", "timestamp": 1511173907109, "tick_direction": 3, "price": 0.3, "mark_price": 0.28737839, "iv": 114.03, "instrument_name": "BTC-29DEC17-6000-C", "index_price": 8015.73, "direction": "sell", "amount": 0.1}, {"trade_seq": 417, "trade_id": "1559222", "timestamp": 1511173905881, "tick_direction": 3, "price": 0.3, "mark_price": 0.28737839, "iv": 114.03, "instrument_name": "BTC-29DEC17-6000-C", "index_price": 8015.73, "direction": "sell", "amount": 0.1}, {"trade_seq": 416, "trade_id": "1559216", "timestamp": 1511173806996, "tick_direction": 2, "price": 0.3, "mark_price": 0.28789461, "iv": 113.41, "instrument_name": "BTC-29DEC17-6000-C", "index_price": 8021.54, "direction": "sell", "amount": 0.1}, {"trade_seq": 415, "trade_id": "1559047", "timestamp": 1511171712949, "tick_direction": 1, "price": 0.3002, "mark_price": 0.28727053, "iv": 114.4, "instrument_name": "BTC-29DEC17-6000-C", "index_price": 8023.03, "direction": "sell", "amount": 0.1}, {"trade_seq": 414, "trade_id": "1559036", "timestamp": 1511171357893, "tick_direction": 1, "price": 0.3002, "mark_price": 0.28784559, "iv": 113.71, "instrument_name": "BTC-29DEC17-6000-C", "index_price": 8026.66, "direction": "sell", "amount": 0.1}, {"trade_seq": 413, "trade_id": "1559035", "timestamp": 1511171349966, "tick_direction": 0, "price": 0.3002, "mark_price": 0.28779703, "iv": 113.77, "instrument_name": "BTC-29DEC17-6000-C", "index_price": 8026.65, "direction": "sell", "amount": 0.1}, {"trade_seq": 412, "trade_id": "1557560", "timestamp": 1511158418512, "tick_direction": 1, "price": 0.3, "mark_price": 0.28612773, "iv": 114.6, "instrument_name": "BTC-29DEC17-6000-C", "index_price": 7985.78, "direction": "sell", "amount": 1.0}, {"trade_seq": 411, "trade_id": "1557559", "timestamp": 1511158362228, "tick_direction": 1, "price": 0.3, "mark_price": 0.28612832, "iv": 114.6, "instrument_name": "BTC-29DEC17-6000-C", "index_price": 7984.79, "direction": "sell", "amount": 1.0}, {"trade_seq": 410, "trade_id": "1557263", "timestamp": 1511154916041, "tick_direction": 1, "price": 0.3, "mark_price": 0.28645382, "iv": 114.2, "instrument_name": "BTC-29DEC17-6000-C", "index_price": 7978.54, "direction": "sell", "amount": 0.2}, {"trade_seq": 409, "trade_id": "1553898", "timestamp": 1511131536797, "tick_direction": 0, "price": 0.3, "mark_price": 0.29081592, "iv": 108.79, "instrument_name": "BTC-29DEC17-6000-C", "index_price": 7997.56, "direction": "buy", "amount": 1.2}, {"trade_seq": 408, "trade_id": "1549518", "timestamp": 1511115141255, "tick_direction": 0, "price": 0.2847, "mark_price": 0.2892155, "iv": 86.99, "instrument_name": "BTC-29DEC17-6000-C", "index_price": 8031.19, "direction": "sell", "amount": 0.1}, {"trade_seq": 407, "trade_id": "1547013", "timestamp": 1511108384526, "tick_direction": 2, "price": 0.27, "mark_price": 0.26734703, "iv": 97.42, "instrument_name": "BTC-29DEC17-6000-C", "index_price": 7759.6, "direction": "sell", "amount": 0.1}, {"trade_seq": 406, "trade_id": "1506583", "timestamp": 1510922476888, "tick_direction": 1, "price": 0.277, "mark_price": 0.27496739, "iv": 93.69, "instrument_name": "BTC-29DEC17-6000-C", "index_price": 7901.3, "direction": "buy", "amount": 3.0}, {"trade_seq": 405, "trade_id": "1506582", "timestamp": 1510922476888, "tick_direction": 1, "price": 0.277, "mark_price": 0.27496739, "iv": 93.69, "instrument_name": "BTC-29DEC17-6000-C", "index_price": 7901.3, "direction": "buy", "amount": 5.2}, {"trade_seq": 404, "trade_id": "1506581", "timestamp": 1510922476701, "tick_direction": 1, "price": 0.277, "mark_price": 0.2749, "iv": 93.69, "instrument_name": "BTC-29DEC17-6000-C", "index_price": 7901.3, "direction": "buy", "amount": 0.2}, {"trade_seq": 403, "trade_id": "1506555", "timestamp": 1510922446683, "tick_direction": 1, "price": 0.277, "mark_price": 0.2749, "iv": 93.7, "instrument_name": "BTC-29DEC17-6000-C", "index_price": 7893.23, "direction": "buy", "amount": 0.2}, {"trade_seq": 402, "trade_id": "1506511", "timestamp": 1510922408516, "tick_direction": 1, "price": 0.277, "mark_price": 0.27343497, "iv": 95.63, "instrument_name": "BTC-29DEC17-6000-C", "index_price": 7890.17, "direction": "buy", "amount": 0.2}, {"trade_seq": 401, "trade_id": "1506439", "timestamp": 1510922358225, "tick_direction": 1, "price": 0.277, "mark_price": 0.27290548, "iv": 96.29, "instrument_name": "BTC-29DEC17-6000-C", "index_price": 7878.44, "direction": "buy", "amount": 0.2}, {"trade_seq": 400, "trade_id": "1506394", "timestamp": 1510922323703, "tick_direction": 1, "price": 0.277, "mark_price": 0.27187076, "iv": 97.56, "instrument_name": "BTC-29DEC17-6000-C", "index_price": 7874.57, "direction": "buy", "amount": 0.2}, {"trade_seq": 399, "trade_id": "1504829", "timestamp": 1510917273340, "tick_direction": 1, "price": 0.277, "mark_price": 0.27207807, "iv": 97.3, "instrument_name": "BTC-29DEC17-6000-C", "index_price": 7892.12, "direction": "buy", "amount": 2.0}, {"trade_seq": 398, "trade_id": "1504738", "timestamp": 1510916994338, "tick_direction": 1, "price": 0.277, "mark_price": 0.27190869, "iv": 97.5, "instrument_name": "BTC-29DEC17-6000-C", "index_price": 7885.73, "direction": "buy", "amount": 1.7}, {"trade_seq": 397, "trade_id": "1504471", "timestamp": 1510915903969, "tick_direction": 0, "price": 0.277, "mark_price": 0.26998422, "iv": 99.79, "instrument_name": "BTC-29DEC17-6000-C", "index_price": 7868.43, "direction": "buy", "amount": 0.1}, {"trade_seq": 396, "trade_id": "1498961", "timestamp": 1510904460434, "tick_direction": 0, "price": 0.2748, "mark_price": 0.25353503, "iv": 114.48, "instrument_name": "BTC-29DEC17-6000-C", "index_price": 7646.7, "direction": "buy", "amount": 0.4}, {"trade_seq": 395, "trade_id": "1498920", "timestamp": 1510904413952, "tick_direction": 2, "price": 0.2564, "mark_price": 0.25364316, "iv": 94.22, "instrument_name": "BTC-29DEC17-6000-C", "index_price": 7655.61, "direction": "sell", "amount": 1.0}, {"trade_seq": 394, "trade_id": "1486925", "timestamp": 1510868396643, "tick_direction": 1, "price": 0.3, "mark_price": 0.27584347, "iv": 119.9, "instrument_name": "BTC-29DEC17-6000-C", "index_price": 7879.54, "direction": "buy", "amount": 0.1}, {"trade_seq": 393, "trade_id": "1486889", "timestamp": 1510868365430, "tick_direction": 0, "price": 0.3, "mark_price": 0.27711246, "iv": 118.64, "instrument_name": "BTC-29DEC17-6000-C", "index_price": 7873.64, "direction": "buy", "amount": 0.1}, {"trade_seq": 392, "trade_id": "1482264", "timestamp": 1510856630992, "tick_direction": 0, "price": 0.2808, "mark_price": 0.26639791, "iv": 107.96, "instrument_name": "BTC-29DEC17-6000-C", "index_price": 7772.71, "direction": "buy", "amount": 0.1}, {"trade_seq": 391, "trade_id": "1482193", "timestamp": 1510856500058, "tick_direction": 0, "price": 0.2791, "mark_price": 0.26454881, "iv": 107.98, "instrument_name": "BTC-29DEC17-6000-C", "index_price": 7749.35, "direction": "buy", "amount": 0.1}, {"trade_seq": 390, "trade_id": "1482055", "timestamp": 1510856422107, "tick_direction": 0, "price": 0.2786, "mark_price": 0.26380876, "iv": 108.19, "instrument_name": "BTC-29DEC17-6000-C", "index_price": 7710.2, "direction": "buy", "amount": 0.5}, {"trade_seq": 389, "trade_id": "1480524", "timestamp": 1510854790709, "tick_direction": 2, "price": 0.2596, "mark_price": 0.25538643, "iv": 95.87, "instrument_name": "BTC-29DEC17-6000-C", "index_price": 7648.02, "direction": "sell", "amount": 0.1}, {"trade_seq": 388, "trade_id": "1480523", "timestamp": 1510854790709, "tick_direction": 0, "price": 0.2597, "mark_price": 0.25538643, "iv": 95.98, "instrument_name": "BTC-29DEC17-6000-C", "index_price": 7648.02, "direction": "sell", "amount": 0.1}, {"trade_seq": 387, "trade_id": "1473454", "timestamp": 1510832294088, "tick_direction": 0, "price": 0.25, "mark_price": 0.23301098, "iv": 108.09, "instrument_name": "BTC-29DEC17-6000-C", "index_price": 6401.9, "direction": "buy", "amount": 0.1}, {"trade_seq": 386, "trade_id": "1468700", "timestamp": 1510815769890, "tick_direction": 2, "price": 0.2174, "mark_price": 0.21941645, "iv": 89.03, "instrument_name": "BTC-29DEC17-6000-C", "index_price": 7283.2, "direction": "buy", "amount": 0.1}, {"trade_seq": 385, "trade_id": "1457363", "timestamp": 1510764910227, "tick_direction": 2, "price": 0.2296, "mark_price": 0.21086946, "iv": 108.04, "instrument_name": "BTC-29DEC17-6000-C", "index_price": 7159.6, "direction": "buy", "amount": 0.1}, {"trade_seq": 384, "trade_id": "1457357", "timestamp": 1510764808611, "tick_direction": 0, "price": 0.2299, "mark_price": 0.21129126, "iv": 107.96, "instrument_name": "BTC-29DEC17-6000-C", "index_price": 7161.5, "direction": "buy", "amount": 0.2}, {"trade_seq": 383, "trade_id": "1457340", "timestamp": 1510764658604, "tick_direction": 2, "price": 0.2289, "mark_price": 0.21061932, "iv": 107.63, "instrument_name": "BTC-29DEC17-6000-C", "index_price": 7149.12, "direction": "buy", "amount": 0.2}, {"trade_seq": 382, "trade_id": "1454609", "timestamp": 1510755279890, "tick_direction": 0, "price": 0.2303, "mark_price": 0.21192253, "iv": 107.76, "instrument_name": "BTC-29DEC17-6000-C", "index_price": 7237.1, "direction": "buy", "amount": 0.5}, {"trade_seq": 381, "trade_id": "1437890", "timestamp": 1510681873887, "tick_direction": 0, "price": 0.161, "mark_price": 0.16530888, "iv": 87.62, "instrument_name": "BTC-29DEC17-6000-C", "index_price": 6561.29, "direction": "buy", "amount": 0.5}, {"trade_seq": 380, "trade_id": "1399884", "timestamp": 1510553431128, "tick_direction": 2, "price": 0.1511, "mark_price": null, "iv": 91.03, "instrument_name": "BTC-29DEC17-6000-C", "index_price": 6306.21, "direction": "buy", "amount": 0.1}, {"trade_seq": 379, "trade_id": "1396715", "timestamp": 1510547871275, "tick_direction": 0, "price": 0.1634, "mark_price": null, "iv": 116.3, "instrument_name": "BTC-29DEC17-6000-C", "index_price": 5994.35, "direction": "buy", "amount": 0.1}, {"trade_seq": 378, "trade_id": "1391249", "timestamp": 1510534097868, "tick_direction": 0, "price": 0.1614, "mark_price": null, "iv": 117.11, "instrument_name": "BTC-29DEC17-6000-C", "index_price": 5945.32, "direction": "buy", "amount": 1.1}, {"trade_seq": 377, "trade_id": "1391244", "timestamp": 1510534086204, "tick_direction": 0, "price": 0.1613, "mark_price": null, "iv": 117.1, "instrument_name": "BTC-29DEC17-6000-C", "index_price": 5944.17, "direction": "buy", "amount": 2.1}, {"trade_seq": 376, "trade_id": "1391243", "timestamp": 1510534086204, "tick_direction": 0, "price": 0.1486, "mark_price": null, "iv": 108.02, "instrument_name": "BTC-29DEC17-6000-C", "index_price": 5944.17, "direction": "sell", "amount": 1.5}, {"trade_seq": 375, "trade_id": "1385432", "timestamp": 1510524675055, "tick_direction": 2, "price": 0.1135, "mark_price": null, "iv": 90.98, "instrument_name": "BTC-29DEC17-6000-C", "index_price": 5785.04, "direction": "buy", "amount": 0.3}, {"trade_seq": 374, "trade_id": "1383068", "timestamp": 1510520752110, "tick_direction": 3, "price": 0.14, "mark_price": null, "iv": 104.59, "instrument_name": "BTC-29DEC17-6000-C", "index_price": 5886.93, "direction": "sell", "amount": 0.2}, {"trade_seq": 373, "trade_id": "1383067", "timestamp": 1510520752110, "tick_direction": 3, "price": 0.14, "mark_price": null, "iv": 104.59, "instrument_name": "BTC-29DEC17-6000-C", "index_price": 5886.93, "direction": "sell", "amount": 3.0}, {"trade_seq": 372, "trade_id": "1383066", "timestamp": 1510520752110, "tick_direction": 3, "price": 0.14, "mark_price": null, "iv": 104.59, "instrument_name": "BTC-29DEC17-6000-C", "index_price": 5886.93, "direction": "sell", "amount": 3.5}, {"trade_seq": 371, "trade_id": "1383058", "timestamp": 1510520748597, "tick_direction": 3, "price": 0.14, "mark_price": null, "iv": 104.51, "instrument_name": "BTC-29DEC17-6000-C", "index_price": 5888.49, "direction": "sell", "amount": 1.5}, {"trade_seq": 370, "trade_id": "1382799", "timestamp": 1510520492569, "tick_direction": 3, "price": 0.14, "mark_price": null, "iv": 100.82, "instrument_name": "BTC-29DEC17-6000-C", "index_price": 5961.77, "direction": "sell", "amount": 0.2}, {"trade_seq": 369, "trade_id": "1382640", "timestamp": 1510520341534, "tick_direction": 3, "price": 0.14, "mark_price": null, "iv": 101.67, "instrument_name": "BTC-29DEC17-6000-C", "index_price": 5944.97, "direction": "sell", "amount": 0.2}, {"trade_seq": 368, "trade_id": "1380757", "timestamp": 1510516612026, "tick_direction": 2, "price": 0.14, "mark_price": null, "iv": 96.55, "instrument_name": "BTC-29DEC17-6000-C", "index_price": 6044.26, "direction": "sell", "amount": 4.4}, {"trade_seq": 367, "trade_id": "1373698", "timestamp": 1510499911093, "tick_direction": 0, "price": 0.1433, "mark_price": null, "iv": 90.99, "instrument_name": "BTC-29DEC17-6000-C", "index_price": 6191.25, "direction": "buy", "amount": 0.2}, {"trade_seq": 366, "trade_id": "1373582", "timestamp": 1510499417639, "tick_direction": 0, "price": 0.1405, "mark_price": null, "iv": 91.0, "instrument_name": "BTC-29DEC17-6000-C", "index_price": 6153.03, "direction": "buy", "amount": 0.2}, {"trade_seq": 365, "trade_id": "1370450", "timestamp": 1510492595659, "tick_direction": 2, "price": 0.14, "mark_price": null, "iv": 97.56, "instrument_name": "BTC-29DEC17-6000-C", "index_price": 6018.99, "direction": "sell", "amount": 0.2}, {"trade_seq": 364, "trade_id": "1368290", "timestamp": 1510487964220, "tick_direction": 2, "price": 0.1628, "mark_price": null, "iv": 95.03, "instrument_name": "BTC-29DEC17-6000-C", "index_price": 6377.07, "direction": "sell", "amount": 1.0}, {"trade_seq": 363, "trade_id": "1367461", "timestamp": 1510485837823, "tick_direction": 1, "price": 0.1665, "mark_price": null, "iv": 95.06, "instrument_name": "BTC-29DEC17-6000-C", "index_price": 6425.97, "direction": "buy", "amount": 0.1}, {"trade_seq": 362, "trade_id": "1367451", "timestamp": 1510485809812, "tick_direction": 0, "price": 0.1665, "mark_price": null, "iv": 95.03, "instrument_name": "BTC-29DEC17-6000-C", "index_price": 6426.43, "direction": "sell", "amount": 0.2}, {"trade_seq": 361, "trade_id": "1358972", "timestamp": 1510473290546, "tick_direction": 2, "price": 0.1371, "mark_price": null, "iv": 87.63, "instrument_name": "BTC-29DEC17-6000-C", "index_price": 6165.01, "direction": "buy", "amount": 1.0}, {"trade_seq": 360, "trade_id": "1344613", "timestamp": 1510453168382, "tick_direction": 2, "price": 0.1714, "mark_price": null, "iv": 110.49, "instrument_name": "BTC-29DEC17-6000-C", "index_price": 6196.56, "direction": "buy", "amount": 0.2}, {"trade_seq": 359, "trade_id": "1344568", "timestamp": 1510453101869, "tick_direction": 2, "price": 0.1717, "mark_price": null, "iv": 110.68, "instrument_name": "BTC-29DEC17-6000-C", "index_price": 6197.12, "direction": "buy", "amount": 0.2}, {"trade_seq": 358, "trade_id": "1342562", "timestamp": 1510447123672, "tick_direction": 2, "price": 0.1775, "mark_price": null, "iv": 110.44, "instrument_name": "BTC-29DEC17-6000-C", "index_price": 6281.97, "direction": "buy", "amount": 0.2}, {"trade_seq": 357, "trade_id": "1342268", "timestamp": 1510445840782, "tick_direction": 0, "price": 0.183, "mark_price": null, "iv": 112.2, "instrument_name": "BTC-29DEC17-6000-C", "index_price": 6325.4, "direction": "buy", "amount": 0.1}, {"trade_seq": 356, "trade_id": "1339549", "timestamp": 1510438440546, "tick_direction": 2, "price": 0.1464, "mark_price": null, "iv": 80.07, "instrument_name": "BTC-29DEC17-6000-C", "index_price": 6416.31, "direction": "sell", "amount": 0.1}, {"trade_seq": 355, "trade_id": "1339548", "timestamp": 1510438440546, "tick_direction": 0, "price": 0.1561, "mark_price": null, "iv": 87.3, "instrument_name": "BTC-29DEC17-6000-C", "index_price": 6416.31, "direction": "buy", "amount": 0.1}, {"trade_seq": 354, "trade_id": "1333901", "timestamp": 1510425559238, "tick_direction": 3, "price": 0.15, "mark_price": null, "iv": 91.21, "instrument_name": "BTC-29DEC17-6000-C", "index_price": 6261.97, "direction": "sell", "amount": 3.0}, {"trade_seq": 353, "trade_id": "1333900", "timestamp": 1510425559238, "tick_direction": 2, "price": 0.15, "mark_price": null, "iv": 91.21, "instrument_name": "BTC-29DEC17-6000-C", "index_price": 6261.97, "direction": "sell", "amount": 10.0}, {"trade_seq": 352, "trade_id": "1326524", "timestamp": 1510405509543, "tick_direction": 3, "price": 0.16, "mark_price": null, "iv": 93.82, "instrument_name": "BTC-29DEC17-6000-C", "index_price": 6344.07, "direction": "sell", "amount": 3.0}, {"trade_seq": 351, "trade_id": "1326523", "timestamp": 1510405509543, "tick_direction": 2, "price": 0.16, "mark_price": null, "iv": 93.82, "instrument_name": "BTC-29DEC17-6000-C", "index_price": 6344.07, "direction": "sell", "amount": 10.0}, {"trade_seq": 350, "trade_id": "1326437", "timestamp": 1510405360232, "tick_direction": 2, "price": 0.1691, "mark_price": null, "iv": 99.99, "instrument_name": "BTC-29DEC17-6000-C", "index_price": 6353.5, "direction": "sell", "amount": 0.5}, {"trade_seq": 349, "trade_id": "1324448", "timestamp": 1510401365925, "tick_direction": 3, "price": 0.17, "mark_price": null, "iv": 91.39, "instrument_name": "BTC-29DEC17-6000-C", "index_price": 6520.7, "direction": "sell", "amount": 0.7}, {"trade_seq": 348, "trade_id": "1324314", "timestamp": 1510401025036, "tick_direction": 3, "price": 0.17, "mark_price": null, "iv": 90.58, "instrument_name": "BTC-29DEC17-6000-C", "index_price": 6534.77, "direction": "sell", "amount": 0.1}, {"trade_seq": 347, "trade_id": "1323501", "timestamp": 1510398985913, "tick_direction": 3, "price": 0.17, "mark_price": null, "iv": 88.02, "instrument_name": "BTC-29DEC17-6000-C", "index_price": 6578.54, "direction": "sell", "amount": 0.1}, {"trade_seq": 346, "trade_id": "1323152", "timestamp": 1510397910773, "tick_direction": 3, "price": 0.17, "mark_price": null, "iv": 87.43, "instrument_name": "BTC-29DEC17-6000-C", "index_price": 6588.41, "direction": "sell", "amount": 0.1}, {"trade_seq": 345, "trade_id": "1321840", "timestamp": 1510396094039, "tick_direction": 2, "price": 0.17, "mark_price": null, "iv": 81.17, "instrument_name": "BTC-29DEC17-6000-C", "index_price": 6691.58, "direction": "sell", "amount": 2.0}, {"trade_seq": 344, "trade_id": "1316134", "timestamp": 1510364783154, "tick_direction": 3, "price": 0.1702, "mark_price": null, "iv": 74.63, "instrument_name": "BTC-29DEC17-6000-C", "index_price": 6790.88, "direction": "sell", "amount": 0.3}, {"trade_seq": 343, "trade_id": "1315947", "timestamp": 1510363951604, "tick_direction": 2, "price": 0.1702, "mark_price": null, "iv": 76.39, "instrument_name": "BTC-29DEC17-6000-C", "index_price": 6764.16, "direction": "sell", "amount": 0.5}, {"trade_seq": 342, "trade_id": "1311458", "timestamp": 1510349843741, "tick_direction": 0, "price": 0.185, "mark_price": null, "iv": 95.73, "instrument_name": "BTC-29DEC17-6000-C", "index_price": 6634.53, "direction": "buy", "amount": 0.7}, {"trade_seq": 341, "trade_id": "1307574", "timestamp": 1510342322110, "tick_direction": 0, "price": 0.1848, "mark_price": null, "iv": 96.79, "instrument_name": "BTC-29DEC17-6000-C", "index_price": 6611.72, "direction": "buy", "amount": 0.1}, {"trade_seq": 340, "trade_id": "1307496", "timestamp": 1510341985347, "tick_direction": 2, "price": 0.1602, "mark_price": null, "iv": 77.8, "instrument_name": "BTC-29DEC17-6000-C", "index_price": 6613.91, "direction": "sell", "amount": 1.0}, {"trade_seq": 339, "trade_id": "1307449", "timestamp": 1510341919384, "tick_direction": 2, "price": 0.185, "mark_price": null, "iv": 98.28, "instrument_name": "BTC-29DEC17-6000-C", "index_price": 6587.67, "direction": "buy", "amount": 0.3}, {"trade_seq": 338, "trade_id": "1303789", "timestamp": 1510334151162, "tick_direction": 0, "price": 0.203, "mark_price": null, "iv": 99.99, "instrument_name": "BTC-29DEC17-6000-C", "index_price": 6801.17, "direction": "buy", "amount": 0.1}, {"trade_seq": 337, "trade_id": "1301448", "timestamp": 1510323091228, "tick_direction": 3, "price": 0.2, "mark_price": null, "iv": 97.71, "instrument_name": "BTC-29DEC17-6000-C", "index_price": 6797.44, "direction": "sell", "amount": 5.4}, {"trade_seq": 336, "trade_id": "1301440", "timestamp": 1510323083645, "tick_direction": 3, "price": 0.2, "mark_price": null, "iv": 97.74, "instrument_name": "BTC-29DEC17-6000-C", "index_price": 6796.88, "direction": "sell", "amount": 0.1}, {"trade_seq": 335, "trade_id": "1301438", "timestamp": 1510323081062, "tick_direction": 3, "price": 0.2, "mark_price": null, "iv": 97.74, "instrument_name": "BTC-29DEC17-6000-C", "index_price": 6796.88, "direction": "sell", "amount": 0.1}, {"trade_seq": 334, "trade_id": "1301406", "timestamp": 1510322944619, "tick_direction": 3, "price": 0.2, "mark_price": null, "iv": 97.37, "instrument_name": "BTC-29DEC17-6000-C", "index_price": 6803.2, "direction": "sell", "amount": 0.2}, {"trade_seq": 333, "trade_id": "1301354", "timestamp": 1510322872585, "tick_direction": 3, "price": 0.2, "mark_price": null, "iv": 96.61, "instrument_name": "BTC-29DEC17-6000-C", "index_price": 6816.2, "direction": "sell", "amount": 0.2}, {"trade_seq": 332, "trade_id": "1301348", "timestamp": 1510322852674, "tick_direction": 3, "price": 0.2, "mark_price": null, "iv": 96.11, "instrument_name": "BTC-29DEC17-6000-C", "index_price": 6824.6, "direction": "sell", "amount": 0.2}, {"trade_seq": 331, "trade_id": "1301343", "timestamp": 1510322832722, "tick_direction": 3, "price": 0.2, "mark_price": null, "iv": 96.14, "instrument_name": "BTC-29DEC17-6000-C", "index_price": 6824.08, "direction": "sell", "amount": 0.2}, {"trade_seq": 330, "trade_id": "1301337", "timestamp": 1510322809341, "tick_direction": 3, "price": 0.2, "mark_price": null, "iv": 96.29, "instrument_name": "BTC-29DEC17-6000-C", "index_price": 6821.62, "direction": "sell", "amount": 0.2}, {"trade_seq": 329, "trade_id": "1301292", "timestamp": 1510322659943, "tick_direction": 3, "price": 0.2, "mark_price": null, "iv": 96.29, "instrument_name": "BTC-29DEC17-6000-C", "index_price": 6821.49, "direction": "sell", "amount": 0.1}, {"trade_seq": 328, "trade_id": "1301290", "timestamp": 1510322655515, "tick_direction": 3, "price": 0.2, "mark_price": null, "iv": 96.29, "instrument_name": "BTC-29DEC17-6000-C", "index_price": 6821.49, "direction": "sell", "amount": 0.1}, {"trade_seq": 327, "trade_id": "1301281", "timestamp": 1510322598790, "tick_direction": 3, "price": 0.2, "mark_price": null, "iv": 96.1, "instrument_name": "BTC-29DEC17-6000-C", "index_price": 6824.73, "direction": "sell", "amount": 0.1}, {"trade_seq": 326, "trade_id": "1301214", "timestamp": 1510322498327, "tick_direction": 3, "price": 0.2, "mark_price": null, "iv": 94.91, "instrument_name": "BTC-29DEC17-6000-C", "index_price": 6844.81, "direction": "sell", "amount": 0.1}, {"trade_seq": 325, "trade_id": "1300436", "timestamp": 1510320427688, "tick_direction": 3, "price": 0.2, "mark_price": null, "iv": 98.51, "instrument_name": "BTC-29DEC17-6000-C", "index_price": 6783.07, "direction": "sell", "amount": 1.5}, {"trade_seq": 324, "trade_id": "1300387", "timestamp": 1510320127321, "tick_direction": 2, "price": 0.2, "mark_price": null, "iv": 97.5, "instrument_name": "BTC-29DEC17-6000-C", "index_price": 6800.43, "direction": "sell", "amount": 1.5}, {"trade_seq": 323, "trade_id": "1292031", "timestamp": 1510249972081, "tick_direction": 0, "price": 0.24, "mark_price": null, "iv": 106.3, "instrument_name": "BTC-29DEC17-6000-C", "index_price": 7191.48, "direction": "sell", "amount": 0.1}, {"trade_seq": 322, "trade_id": "1289806", "timestamp": 1510207987173, "tick_direction": 3, "price": 0.22, "mark_price": null, "iv": 75.21, "instrument_name": "BTC-29DEC17-6000-C", "index_price": 7378.19, "direction": "buy", "amount": 0.2}, {"trade_seq": 321, "trade_id": "1289435", "timestamp": 1510206298865, "tick_direction": 3, "price": 0.22, "mark_price": null, "iv": 71.52, "instrument_name": "BTC-29DEC17-6000-C", "index_price": 7422.68, "direction": "buy", "amount": 1.0}, {"trade_seq": 320, "trade_id": "1289284", "timestamp": 1510205061870, "tick_direction": 3, "price": 0.22, "mark_price": null, "iv": 70.73, "instrument_name": "BTC-29DEC17-6000-C", "index_price": 7431.79, "direction": "buy", "amount": 0.3}, {"trade_seq": 319, "trade_id": "1288237", "timestamp": 1510199227452, "tick_direction": 3, "price": 0.22, "mark_price": null, "iv": 76.65, "instrument_name": "BTC-29DEC17-6000-C", "index_price": 7358.99, "direction": "buy", "amount": 0.3}, {"trade_seq": 318, "trade_id": "1287897", "timestamp": 1510197662106, "tick_direction": 3, "price": 0.22, "mark_price": null, "iv": 71.88, "instrument_name": "BTC-29DEC17-6000-C", "index_price": 7417.57, "direction": "buy", "amount": 0.5}, {"trade_seq": 317, "trade_id": "1287873", "timestamp": 1510197414139, "tick_direction": 3, "price": 0.22, "mark_price": null, "iv": 73.25, "instrument_name": "BTC-29DEC17-6000-C", "index_price": 7401.24, "direction": "buy", "amount": 0.4}, {"trade_seq": 316, "trade_id": "1287857", "timestamp": 1510197172585, "tick_direction": 2, "price": 0.22, "mark_price": null, "iv": 73.68, "instrument_name": "BTC-29DEC17-6000-C", "index_price": 7395.96, "direction": "buy", "amount": 0.5}, {"trade_seq": 315, "trade_id": "1271512", "timestamp": 1510164185440, "tick_direction": 0, "price": 0.25, "mark_price": null, "iv": 78.1, "instrument_name": "BTC-29DEC17-6000-C", "index_price": 7720.49, "direction": "buy", "amount": 0.3}, {"trade_seq": 314, "trade_id": "1271462", "timestamp": 1510164167976, "tick_direction": 0, "price": 0.2499, "mark_price": null, "iv": 78.03, "instrument_name": "BTC-29DEC17-6000-C", "index_price": 7720.0, "direction": "buy", "amount": 2.1}, {"trade_seq": 313, "trade_id": "1271364", "timestamp": 1510164109347, "tick_direction": 1, "price": 0.2333, "mark_price": null, "iv": 57.48, "instrument_name": "BTC-29DEC17-6000-C", "index_price": 7713.9, "direction": "buy", "amount": 1.0}, {"trade_seq": 312, "trade_id": "1271363", "timestamp": 1510164109347, "tick_direction": 0, "price": 0.2333, "mark_price": null, "iv": 57.48, "instrument_name": "BTC-29DEC17-6000-C", "index_price": 7713.9, "direction": "buy", "amount": 2.6}, {"trade_seq": 311, "trade_id": "1271308", "timestamp": 1510164021395, "tick_direction": 1, "price": 0.2332, "mark_price": null, "iv": 56.73, "instrument_name": "BTC-29DEC17-6000-C", "index_price": 7718.32, "direction": "buy", "amount": 0.1}, {"trade_seq": 310, "trade_id": "1271304", "timestamp": 1510164014288, "tick_direction": 1, "price": 0.2332, "mark_price": null, "iv": 56.57, "instrument_name": "BTC-29DEC17-6000-C", "index_price": 7719.54, "direction": "buy", "amount": 0.1}, {"trade_seq": 309, "trade_id": "1271297", "timestamp": 1510164007036, "tick_direction": 1, "price": 0.2332, "mark_price": null, "iv": 56.66, "instrument_name": "BTC-29DEC17-6000-C", "index_price": 7718.88, "direction": "buy", "amount": 0.1}, {"trade_seq": 308, "trade_id": "1271295", "timestamp": 1510163992743, "tick_direction": 1, "price": 0.2332, "mark_price": null, "iv": 56.68, "instrument_name": "BTC-29DEC17-6000-C", "index_price": 7718.74, "direction": "buy", "amount": 0.1}, {"trade_seq": 307, "trade_id": "1271265", "timestamp": 1510163903492, "tick_direction": 1, "price": 0.2332, "mark_price": null, "iv": 56.76, "instrument_name": "BTC-29DEC17-6000-C", "index_price": 7718.1, "direction": "buy", "amount": 2.0}, {"trade_seq": 306, "trade_id": "1271247", "timestamp": 1510163883083, "tick_direction": 0, "price": 0.2332, "mark_price": null, "iv": 56.77, "instrument_name": "BTC-29DEC17-6000-C", "index_price": 7718.06, "direction": "buy", "amount": 3.0}, {"trade_seq": 305, "trade_id": "1271001", "timestamp": 1510163787766, "tick_direction": 2, "price": 0.23, "mark_price": null, "iv": 52.36, "instrument_name": "BTC-29DEC17-6000-C", "index_price": 7711.99, "direction": "buy", "amount": 0.7}, {"trade_seq": 304, "trade_id": "1269673", "timestamp": 1510163348780, "tick_direction": 0, "price": 0.2314, "mark_price": null, "iv": 41.92, "instrument_name": "BTC-29DEC17-6000-C", "index_price": 7778.77, "direction": "buy", "amount": 1.0}, {"trade_seq": 303, "trade_id": "1269622", "timestamp": 1510163199401, "tick_direction": 0, "price": 0.2312, "mark_price": null, "iv": 39.57, "instrument_name": "BTC-29DEC17-6000-C", "index_price": 7784.12, "direction": "buy", "amount": 1.0}, {"trade_seq": 302, "trade_id": "1269540", "timestamp": 1510163161727, "tick_direction": 0, "price": 0.2234, "mark_price": null, "iv": 0.0, "instrument_name": "BTC-29DEC17-6000-C", "index_price": 7784.41, "direction": "buy", "amount": 0.2}, {"trade_seq": 301, "trade_id": "1269537", "timestamp": 1510163155904, "tick_direction": 2, "price": 0.2184, "mark_price": null, "iv": 0.0, "instrument_name": "BTC-29DEC17-6000-C", "index_price": 7784.58, "direction": "buy", "amount": 6.0}, {"trade_seq": 300, "trade_id": "1269180", "timestamp": 1510162807687, "tick_direction": 0, "price": 0.22, "mark_price": null, "iv": 0.0, "instrument_name": "BTC-29DEC17-6000-C", "index_price": 7724.04, "direction": "buy", "amount": 1.0}, {"trade_seq": 299, "trade_id": "1268659", "timestamp": 1510162328826, "tick_direction": 3, "price": 0.2161, "mark_price": null, "iv": 0.0, "instrument_name": "BTC-29DEC17-6000-C", "index_price": 7866.65, "direction": "buy", "amount": 1.5}, {"trade_seq": 298, "trade_id": "1268643", "timestamp": 1510162297570, "tick_direction": 2, "price": 0.2161, "mark_price": null, "iv": 0.0, "instrument_name": "BTC-29DEC17-6000-C", "index_price": 7867.46, "direction": "buy", "amount": 0.1}, {"trade_seq": 297, "trade_id": "1268571", "timestamp": 1510162236723, "tick_direction": 2, "price": 0.2168, "mark_price": null, "iv": 0.0, "instrument_name": "BTC-29DEC17-6000-C", "index_price": 7839.98, "direction": "buy", "amount": 0.1}, {"trade_seq": 296, "trade_id": "1268567", "timestamp": 1510162233229, "tick_direction": 2, "price": 0.2169, "mark_price": null, "iv": 0.0, "instrument_name": "BTC-29DEC17-6000-C", "index_price": 7836.53, "direction": "buy", "amount": 0.1}, {"trade_seq": 295, "trade_id": "1268561", "timestamp": 1510162230230, "tick_direction": 3, "price": 0.217, "mark_price": null, "iv": 0.0, "instrument_name": "BTC-29DEC17-6000-C", "index_price": 7833.36, "direction": "buy", "amount": 0.1}, {"trade_seq": 294, "trade_id": "1268553", "timestamp": 1510162227752, "tick_direction": 2, "price": 0.217, "mark_price": null, "iv": 0.0, "instrument_name": "BTC-29DEC17-6000-C", "index_price": 7833.36, "direction": "buy", "amount": 0.1}, {"trade_seq": 293, "trade_id": "1268531", "timestamp": 1510162168795, "tick_direction": 2, "price": 0.2173, "mark_price": null, "iv": 0.0, "instrument_name": "BTC-29DEC17-6000-C", "index_price": 7821.58, "direction": "buy", "amount": 1.5}, {"trade_seq": 292, "trade_id": "1268259", "timestamp": 1510162005544, "tick_direction": 1, "price": 0.219, "mark_price": null, "iv": 0.0, "instrument_name": "BTC-29DEC17-6000-C", "index_price": 7761.26, "direction": "buy", "amount": 0.5}, {"trade_seq": 291, "trade_id": "1268258", "timestamp": 1510162005544, "tick_direction": 0, "price": 0.219, "mark_price": null, "iv": 0.0, "instrument_name": "BTC-29DEC17-6000-C", "index_price": 7761.26, "direction": "buy", "amount": 1.0}, {"trade_seq": 290, "trade_id": "1268161", "timestamp": 1510161912818, "tick_direction": 3, "price": 0.207, "mark_price": null, "iv": 0.0, "instrument_name": "BTC-29DEC17-6000-C", "index_price": 7731.11, "direction": "buy", "amount": 0.8}, {"trade_seq": 289, "trade_id": "1268160", "timestamp": 1510161912818, "tick_direction": 3, "price": 0.207, "mark_price": null, "iv": 0.0, "instrument_name": "BTC-29DEC17-6000-C", "index_price": 7731.11, "direction": "buy", "amount": 0.7}, {"trade_seq": 288, "trade_id": "1268155", "timestamp": 1510161911873, "tick_direction": 2, "price": 0.207, "mark_price": null, "iv": 0.0, "instrument_name": "BTC-29DEC17-6000-C", "index_price": 7731.11, "direction": "buy", "amount": 1.5}, {"trade_seq": 287, "trade_id": "1268004", "timestamp": 1510161860235, "tick_direction": 2, "price": 0.2074, "mark_price": null, "iv": 0.0, "instrument_name": "BTC-29DEC17-6000-C", "index_price": 7716.2, "direction": "buy", "amount": 1.5}, {"trade_seq": 286, "trade_id": "1267881", "timestamp": 1510161718452, "tick_direction": 2, "price": 0.2077, "mark_price": null, "iv": 0.0, "instrument_name": "BTC-29DEC17-6000-C", "index_price": 7702.15, "direction": "buy", "amount": 0.2}, {"trade_seq": 285, "trade_id": "1265139", "timestamp": 1510152187815, "tick_direction": 2, "price": 0.21, "mark_price": null, "iv": 45.98, "instrument_name": "BTC-29DEC17-6000-C", "index_price": 7532.41, "direction": "buy", "amount": 0.1}, {"trade_seq": 284, "trade_id": "1244277", "timestamp": 1510000473409, "tick_direction": 0, "price": 0.2232, "mark_price": null, "iv": 93.13, "instrument_name": "BTC-29DEC17-6000-C", "index_price": 7130.18, "direction": "buy", "amount": 0.2}, {"trade_seq": 283, "trade_id": "1244274", "timestamp": 1510000437651, "tick_direction": 1, "price": 0.161, "mark_price": null, "iv": 23.95, "instrument_name": "BTC-29DEC17-6000-C", "index_price": 7143.97, "direction": "sell", "amount": 0.2}, {"trade_seq": 282, "trade_id": "1244273", "timestamp": 1510000436524, "tick_direction": 0, "price": 0.161, "mark_price": null, "iv": 23.95, "instrument_name": "BTC-29DEC17-6000-C", "index_price": 7143.97, "direction": "sell", "amount": 0.2}, {"trade_seq": 281, "trade_id": "1244223", "timestamp": 1510000110324, "tick_direction": 1, "price": 0.159, "mark_price": null, "iv": 0.0, "instrument_name": "BTC-29DEC17-6000-C", "index_price": 7134.47, "direction": "buy", "amount": 0.1}, {"trade_seq": 280, "trade_id": "1244220", "timestamp": 1510000107659, "tick_direction": 1, "price": 0.159, "mark_price": null, "iv": 0.0, "instrument_name": "BTC-29DEC17-6000-C", "index_price": 7134.47, "direction": "buy", "amount": 0.1}, {"trade_seq": 279, "trade_id": "1244218", "timestamp": 1510000104924, "tick_direction": 1, "price": 0.159, "mark_price": null, "iv": 0.0, "instrument_name": "BTC-29DEC17-6000-C", "index_price": 7134.47, "direction": "buy", "amount": 0.1}, {"trade_seq": 278, "trade_id": "1244212", "timestamp": 1510000101061, "tick_direction": 1, "price": 0.159, "mark_price": null, "iv": 15.58, "instrument_name": "BTC-29DEC17-6000-C", "index_price": 7134.14, "direction": "buy", "amount": 0.1}, {"trade_seq": 277, "trade_id": "1244207", "timestamp": 1510000098858, "tick_direction": 1, "price": 0.159, "mark_price": null, "iv": 15.58, "instrument_name": "BTC-29DEC17-6000-C", "index_price": 7134.14, "direction": "buy", "amount": 0.1}, {"trade_seq": 276, "trade_id": "1244202", "timestamp": 1510000095079, "tick_direction": 1, "price": 0.159, "mark_price": null, "iv": 16.92, "instrument_name": "BTC-29DEC17-6000-C", "index_price": 7133.83, "direction": "buy", "amount": 0.1}, {"trade_seq": 275, "trade_id": "1244201", "timestamp": 1510000092100, "tick_direction": 1, "price": 0.159, "mark_price": null, "iv": 16.12, "instrument_name": "BTC-29DEC17-6000-C", "index_price": 7134.04, "direction": "buy", "amount": 0.1}, {"trade_seq": 274, "trade_id": "1244199", "timestamp": 1510000089842, "tick_direction": 0, "price": 0.159, "mark_price": null, "iv": 16.12, "instrument_name": "BTC-29DEC17-6000-C", "index_price": 7134.04, "direction": "buy", "amount": 0.1}, {"trade_seq": 273, "trade_id": "1244054", "timestamp": 1509998820041, "tick_direction": 2, "price": 0.1522, "mark_price": null, "iv": 18.22, "instrument_name": "BTC-29DEC17-6000-C", "index_price": 7075.64, "direction": "sell", "amount": 0.3}, {"trade_seq": 272, "trade_id": "1239854", "timestamp": 1509981825440, "tick_direction": 2, "price": 0.17, "mark_price": null, "iv": 0.0, "instrument_name": "BTC-29DEC17-6000-C", "index_price": 7229.0, "direction": "sell", "amount": 1.0}, {"trade_seq": 271, "trade_id": "1239853", "timestamp": 1509981825440, "tick_direction": 2, "price": 0.172, "mark_price": null, "iv": 29.35, "instrument_name": "BTC-29DEC17-6000-C", "index_price": 7229.0, "direction": "sell", "amount": 0.3}, {"trade_seq": 270, "trade_id": "1238721", "timestamp": 1509977068290, "tick_direction": 2, "price": 0.183, "mark_price": null, "iv": 26.07, "instrument_name": "BTC-29DEC17-6000-C", "index_price": 7337.65, "direction": "sell", "amount": 1.0}, {"trade_seq": 269, "trade_id": "1227509", "timestamp": 1509912096165, "tick_direction": 1, "price": 0.2113, "mark_price": null, "iv": 39.6, "instrument_name": "BTC-29DEC17-6000-C", "index_price": 7572.49, "direction": "buy", "amount": 0.1}, {"trade_seq": 268, "trade_id": "1227477", "timestamp": 1509911687231, "tick_direction": 0, "price": 0.2113, "mark_price": null, "iv": 41.88, "instrument_name": "BTC-29DEC17-6000-C", "index_price": 7561.9, "direction": "sell", "amount": 0.1}, {"trade_seq": 267, "trade_id": "1227315", "timestamp": 1509910108836, "tick_direction": 2, "price": 0.2112, "mark_price": null, "iv": 41.66, "instrument_name": "BTC-29DEC17-6000-C", "index_price": 7561.9, "direction": "sell", "amount": 0.1}, {"trade_seq": 266, "trade_id": "1227314", "timestamp": 1509910103888, "tick_direction": 3, "price": 0.2113, "mark_price": null, "iv": 39.53, "instrument_name": "BTC-29DEC17-6000-C", "index_price": 7572.78, "direction": "buy", "amount": 0.1}, {"trade_seq": 265, "trade_id": "1227300", "timestamp": 1509909899164, "tick_direction": 2, "price": 0.2113, "mark_price": null, "iv": 39.63, "instrument_name": "BTC-29DEC17-6000-C", "index_price": 7572.34, "direction": "buy", "amount": 0.2}, {"trade_seq": 264, "trade_id": "1227283", "timestamp": 1509909824737, "tick_direction": 3, "price": 0.2114, "mark_price": null, "iv": 40.52, "instrument_name": "BTC-29DEC17-6000-C", "index_price": 7569.43, "direction": "buy", "amount": 0.2}, {"trade_seq": 263, "trade_id": "1227273", "timestamp": 1509909700757, "tick_direction": 2, "price": 0.2114, "mark_price": null, "iv": 42.08, "instrument_name": "BTC-29DEC17-6000-C", "index_price": 7561.9, "direction": "sell", "amount": 0.1}, {"trade_seq": 262, "trade_id": "1227236", "timestamp": 1509909630433, "tick_direction": 2, "price": 0.2115, "mark_price": null, "iv": 43.93, "instrument_name": "BTC-29DEC17-6000-C", "index_price": 7553.09, "direction": "buy", "amount": 2.0}, {"trade_seq": 261, "trade_id": "1226938", "timestamp": 1509906444929, "tick_direction": 2, "price": 0.2116, "mark_price": null, "iv": 42.79, "instrument_name": "BTC-29DEC17-6000-C", "index_price": 7560.27, "direction": "buy", "amount": 0.2}, {"trade_seq": 260, "trade_id": "1226795", "timestamp": 1509905691581, "tick_direction": 2, "price": 0.2119, "mark_price": null, "iv": 45.09, "instrument_name": "BTC-29DEC17-6000-C", "index_price": 7550.49, "direction": "buy", "amount": 0.2}, {"trade_seq": 259, "trade_id": "1225835", "timestamp": 1509896817482, "tick_direction": 1, "price": 0.212, "mark_price": null, "iv": 45.9, "instrument_name": "BTC-29DEC17-6000-C", "index_price": 7546.38, "direction": "buy", "amount": 0.1}, {"trade_seq": 258, "trade_id": "1225677", "timestamp": 1509895704964, "tick_direction": 1, "price": 0.212, "mark_price": null, "iv": 43.22, "instrument_name": "BTC-29DEC17-6000-C", "index_price": 7561.9, "direction": "sell", "amount": 0.2}, {"trade_seq": 257, "trade_id": "1225660", "timestamp": 1509895518918, "tick_direction": 0, "price": 0.212, "mark_price": null, "iv": 43.22, "instrument_name": "BTC-29DEC17-6000-C", "index_price": 7561.9, "direction": "sell", "amount": 0.2}, {"trade_seq": 256, "trade_id": "1224828", "timestamp": 1509892483218, "tick_direction": 0, "price": 0.2115, "mark_price": null, "iv": 41.44, "instrument_name": "BTC-29DEC17-6000-C", "index_price": 7565.75, "direction": "buy", "amount": 2.5}, {"trade_seq": 255, "trade_id": "1224739", "timestamp": 1509891428869, "tick_direction": 0, "price": 0.207, "mark_price": null, "iv": 25.28, "instrument_name": "BTC-29DEC17-6000-C", "index_price": 7563.88, "direction": "sell", "amount": 1.0}, {"trade_seq": 254, "trade_id": "1224671", "timestamp": 1509891187277, "tick_direction": 2, "price": 0.205, "mark_price": null, "iv": 0.0, "instrument_name": "BTC-29DEC17-6000-C", "index_price": 7550.32, "direction": "sell", "amount": 8.8}, {"trade_seq": 253, "trade_id": "1224670", "timestamp": 1509891187277, "tick_direction": 2, "price": 0.2052, "mark_price": null, "iv": 0.0, "instrument_name": "BTC-29DEC17-6000-C", "index_price": 7550.32, "direction": "sell", "amount": 1.2}, {"trade_seq": 252, "trade_id": "1195010", "timestamp": 1509729493524, "tick_direction": 0, "price": 0.2998, "mark_price": null, "iv": 142.98, "instrument_name": "BTC-29DEC17-6000-C", "index_price": 7277.57, "direction": "buy", "amount": 1.0}, {"trade_seq": 251, "trade_id": "1195009", "timestamp": 1509729489554, "tick_direction": 0, "price": 0.22, "mark_price": null, "iv": 78.55, "instrument_name": "BTC-29DEC17-6000-C", "index_price": 7277.59, "direction": "buy", "amount": 0.1}, {"trade_seq": 250, "trade_id": "1194561", "timestamp": 1509726962324, "tick_direction": 0, "price": 0.2198, "mark_price": null, "iv": 74.49, "instrument_name": "BTC-29DEC17-6000-C", "index_price": 7333.02, "direction": "buy", "amount": 1.2}, {"trade_seq": 249, "trade_id": "1189514", "timestamp": 1509702399062, "tick_direction": 0, "price": 0.2, "mark_price": null, "iv": 46.46, "instrument_name": "BTC-29DEC17-6000-C", "index_price": 7407.79, "direction": "buy", "amount": 0.3}, {"trade_seq": 248, "trade_id": "1187382", "timestamp": 1509696863047, "tick_direction": 0, "price": 0.19, "mark_price": null, "iv": 46.44, "instrument_name": "BTC-29DEC17-6000-C", "index_price": 7301.46, "direction": "buy", "amount": 0.1}, {"trade_seq": 247, "trade_id": "1187287", "timestamp": 1509696338559, "tick_direction": 0, "price": 0.1865, "mark_price": null, "iv": 37.23, "instrument_name": "BTC-29DEC17-6000-C", "index_price": 7329.3, "direction": "buy", "amount": 0.1}, {"trade_seq": 246, "trade_id": "1186244", "timestamp": 1509693158067, "tick_direction": 2, "price": 0.185, "mark_price": null, "iv": 48.27, "instrument_name": "BTC-29DEC17-6000-C", "index_price": 7231.85, "direction": "buy", "amount": 0.1}, {"trade_seq": 245, "trade_id": "1185891", "timestamp": 1509690407364, "tick_direction": 1, "price": 0.1865, "mark_price": null, "iv": 48.74, "instrument_name": "BTC-29DEC17-6000-C", "index_price": 7243.45, "direction": "buy", "amount": 0.1}, {"trade_seq": 244, "trade_id": "1185513", "timestamp": 1509688441021, "tick_direction": 1, "price": 0.1865, "mark_price": null, "iv": 50.32, "instrument_name": "BTC-29DEC17-6000-C", "index_price": 7228.17, "direction": "buy", "amount": 0.1}, {"trade_seq": 243, "trade_id": "1185503", "timestamp": 1509688398340, "tick_direction": 1, "price": 0.1865, "mark_price": null, "iv": 50.32, "instrument_name": "BTC-29DEC17-6000-C", "index_price": 7228.17, "direction": "buy", "amount": 0.1}, {"trade_seq": 242, "trade_id": "1185501", "timestamp": 1509688356153, "tick_direction": 0, "price": 0.1865, "mark_price": null, "iv": 50.61, "instrument_name": "BTC-29DEC17-6000-C", "index_price": 7225.24, "direction": "buy", "amount": 0.1}, {"trade_seq": 241, "trade_id": "1180916", "timestamp": 1509654618658, "tick_direction": 1, "price": 0.17, "mark_price": null, "iv": 48.47, "instrument_name": "BTC-29DEC17-6000-C", "index_price": 7067.38, "direction": "buy", "amount": 0.3}, {"trade_seq": 240, "trade_id": "1178038", "timestamp": 1509639080999, "tick_direction": 0, "price": 0.17, "mark_price": null, "iv": 49.74, "instrument_name": "BTC-29DEC17-6000-C", "index_price": 7052.76, "direction": "buy", "amount": 0.1}, {"trade_seq": 239, "trade_id": "1175937", "timestamp": 1509626489767, "tick_direction": 3, "price": 0.1502, "mark_price": null, "iv": 38.49, "instrument_name": "BTC-29DEC17-6000-C", "index_price": 6960.29, "direction": "buy", "amount": 1.7}, {"trade_seq": 238, "trade_id": "1175824", "timestamp": 1509625861452, "tick_direction": 3, "price": 0.1502, "mark_price": null, "iv": 42.2, "instrument_name": "BTC-29DEC17-6000-C", "index_price": 6924.61, "direction": "buy", "amount": 0.1}, {"trade_seq": 237, "trade_id": "1175807", "timestamp": 1509625792520, "tick_direction": 2, "price": 0.1502, "mark_price": null, "iv": 44.45, "instrument_name": "BTC-29DEC17-6000-C", "index_price": 6900.44, "direction": "buy", "amount": 0.2}, {"trade_seq": 236, "trade_id": "1173364", "timestamp": 1509621214134, "tick_direction": 0, "price": 0.18, "mark_price": null, "iv": 66.51, "instrument_name": "BTC-29DEC17-6000-C", "index_price": 6945.38, "direction": "buy", "amount": 0.1}, {"trade_seq": 235, "trade_id": "1172606", "timestamp": 1509620463733, "tick_direction": 0, "price": 0.17, "mark_price": null, "iv": 58.29, "instrument_name": "BTC-29DEC17-6000-C", "index_price": 6945.38, "direction": "buy", "amount": 0.1}, {"trade_seq": 234, "trade_id": "1172114", "timestamp": 1509619244321, "tick_direction": 1, "price": 0.168, "mark_price": null, "iv": 37.29, "instrument_name": "BTC-29DEC17-6000-C", "index_price": 7144.83, "direction": "buy", "amount": 0.1}, {"trade_seq": 233, "trade_id": "1172039", "timestamp": 1509619134914, "tick_direction": 1, "price": 0.168, "mark_price": null, "iv": 41.12, "instrument_name": "BTC-29DEC17-6000-C", "index_price": 7115.28, "direction": "buy", "amount": 0.1}, {"trade_seq": 232, "trade_id": "1171743", "timestamp": 1509617774544, "tick_direction": 1, "price": 0.168, "mark_price": null, "iv": 48.67, "instrument_name": "BTC-29DEC17-6000-C", "index_price": 7041.82, "direction": "buy", "amount": 0.1}, {"trade_seq": 231, "trade_id": "1171454", "timestamp": 1509617439512, "tick_direction": 0, "price": 0.168, "mark_price": null, "iv": 51.98, "instrument_name": "BTC-29DEC17-6000-C", "index_price": 7003.74, "direction": "buy", "amount": 0.1}, {"trade_seq": 230, "trade_id": "1170572", "timestamp": 1509610205485, "tick_direction": 0, "price": 0.1678, "mark_price": null, "iv": 56.84, "instrument_name": "BTC-29DEC17-6000-C", "index_price": 6938.97, "direction": "buy", "amount": 0.1}, {"trade_seq": 229, "trade_id": "1169711", "timestamp": 1509605093670, "tick_direction": 0, "price": 0.16, "mark_price": null, "iv": 50.6, "instrument_name": "BTC-29DEC17-6000-C", "index_price": 6931.94, "direction": "buy", "amount": 0.1}, {"trade_seq": 228, "trade_id": "1169171", "timestamp": 1509604837293, "tick_direction": 0, "price": 0.158, "mark_price": null, "iv": 51.46, "instrument_name": "BTC-29DEC17-6000-C", "index_price": 6899.24, "direction": "buy", "amount": 0.1}, {"trade_seq": 227, "trade_id": "1165709", "timestamp": 1509585782423, "tick_direction": 2, "price": 0.1, "mark_price": null, "iv": 0.0, "instrument_name": "BTC-29DEC17-6000-C", "index_price": 6891.51, "direction": "sell", "amount": 0.7}, {"trade_seq": 226, "trade_id": "1165696", "timestamp": 1509585757491, "tick_direction": 1, "price": 0.1283, "mark_price": null, "iv": 0.0, "instrument_name": "BTC-29DEC17-6000-C", "index_price": 6889.48, "direction": "sell", "amount": 1.2}, {"trade_seq": 225, "trade_id": "1165693", "timestamp": 1509585751791, "tick_direction": 0, "price": 0.1283, "mark_price": null, "iv": 0.0, "instrument_name": "BTC-29DEC17-6000-C", "index_price": 6890.36, "direction": "sell", "amount": 1.2}, {"trade_seq": 224, "trade_id": "1165679", "timestamp": 1509585719282, "tick_direction": 2, "price": 0.1282, "mark_price": null, "iv": 27.74, "instrument_name": "BTC-29DEC17-6000-C", "index_price": 6835.83, "direction": "buy", "amount": 0.8}, {"trade_seq": 223, "trade_id": "1165664", "timestamp": 1509585683558, "tick_direction": 2, "price": 0.1341, "mark_price": null, "iv": 28.54, "instrument_name": "BTC-29DEC17-6000-C", "index_price": 6883.61, "direction": "sell", "amount": 0.1}, {"trade_seq": 222, "trade_id": "1165568", "timestamp": 1509585119974, "tick_direction": 2, "price": 0.1343, "mark_price": null, "iv": 34.6, "instrument_name": "BTC-29DEC17-6000-C", "index_price": 6838.94, "direction": "sell", "amount": 2.0}, {"trade_seq": 221, "trade_id": "1164405", "timestamp": 1509580252296, "tick_direction": 0, "price": 0.2998, "mark_price": null, "iv": 164.16, "instrument_name": "BTC-29DEC17-6000-C", "index_price": 6742.36, "direction": "buy", "amount": 0.1}, {"trade_seq": 220, "trade_id": "1161466", "timestamp": 1509559437934, "tick_direction": 2, "price": 0.154, "mark_price": null, "iv": 68.07, "instrument_name": "BTC-29DEC17-6000-C", "index_price": 6595.38, "direction": "sell", "amount": 0.1}, {"trade_seq": 219, "trade_id": "1161270", "timestamp": 1509557595833, "tick_direction": 0, "price": 0.168, "mark_price": null, "iv": 77.93, "instrument_name": "BTC-29DEC17-6000-C", "index_price": 6595.54, "direction": "buy", "amount": 2.3}, {"trade_seq": 218, "trade_id": "1161266", "timestamp": 1509557590785, "tick_direction": 0, "price": 0.1678, "mark_price": null, "iv": 77.79, "instrument_name": "BTC-29DEC17-6000-C", "index_price": 6595.54, "direction": "buy", "amount": 0.8}, {"trade_seq": 217, "trade_id": "1161261", "timestamp": 1509557582107, "tick_direction": 0, "price": 0.165, "mark_price": null, "iv": 75.77, "instrument_name": "BTC-29DEC17-6000-C", "index_price": 6596.42, "direction": "buy", "amount": 0.1}, {"trade_seq": 216, "trade_id": "1161258", "timestamp": 1509557576624, "tick_direction": 0, "price": 0.1648, "mark_price": null, "iv": 75.65, "instrument_name": "BTC-29DEC17-6000-C", "index_price": 6596.03, "direction": "buy", "amount": 1.4}, {"trade_seq": 215, "trade_id": "1160111", "timestamp": 1509549741671, "tick_direction": 2, "price": 0.1404, "mark_price": null, "iv": 61.13, "instrument_name": "BTC-29DEC17-6000-C", "index_price": 6547.93, "direction": "sell", "amount": 1.0}, {"trade_seq": 214, "trade_id": "1159433", "timestamp": 1509544300414, "tick_direction": 0, "price": 0.1539, "mark_price": null, "iv": 72.99, "instrument_name": "BTC-29DEC17-6000-C", "index_price": 6503.7, "direction": "sell", "amount": 0.3}, {"trade_seq": 213, "trade_id": "1158556", "timestamp": 1509539007729, "tick_direction": 2, "price": 0.1343, "mark_price": null, "iv": 58.46, "instrument_name": "BTC-29DEC17-6000-C", "index_price": 6518.95, "direction": "sell", "amount": 1.7}, {"trade_seq": 212, "trade_id": "1158348", "timestamp": 1509538336589, "tick_direction": 3, "price": 0.1419, "mark_price": null, "iv": 62.2, "instrument_name": "BTC-29DEC17-6000-C", "index_price": 6546.42, "direction": "buy", "amount": 1.7}, {"trade_seq": 211, "trade_id": "1158345", "timestamp": 1509538333971, "tick_direction": 2, "price": 0.1419, "mark_price": null, "iv": 62.18, "instrument_name": "BTC-29DEC17-6000-C", "index_price": 6546.84, "direction": "buy", "amount": 1.5}, {"trade_seq": 210, "trade_id": "1144299", "timestamp": 1509461673337, "tick_direction": 0, "price": 0.1477, "mark_price": null, "iv": 74.23, "instrument_name": "BTC-29DEC17-6000-C", "index_price": 6389.02, "direction": "sell", "amount": 0.1}, {"trade_seq": 209, "trade_id": "1125503", "timestamp": 1509325601180, "tick_direction": 2, "price": 0.1393, "mark_price": null, "iv": 77.3, "instrument_name": "BTC-29DEC17-6000-C", "index_price": 6196.1, "direction": "buy", "amount": 1.3}, {"trade_seq": 208, "trade_id": "1123770", "timestamp": 1509310266893, "tick_direction": 0, "price": 0.157, "mark_price": null, "iv": 88.52, "instrument_name": "BTC-29DEC17-6000-C", "index_price": 6194.98, "direction": "buy", "amount": 0.1}, {"trade_seq": 207, "trade_id": "1123666", "timestamp": 1509309765071, "tick_direction": 2, "price": 0.1476, "mark_price": null, "iv": 82.47, "instrument_name": "BTC-29DEC17-6000-C", "index_price": 6196.17, "direction": "sell", "amount": 0.6}, {"trade_seq": 206, "trade_id": "1122311", "timestamp": 1509308003727, "tick_direction": 1, "price": 0.1534, "mark_price": null, "iv": 89.18, "instrument_name": "BTC-29DEC17-6000-C", "index_price": 6130.44, "direction": "buy", "amount": 0.4}, {"trade_seq": 205, "trade_id": "1122258", "timestamp": 1509307978591, "tick_direction": 1, "price": 0.1534, "mark_price": null, "iv": 85.89, "instrument_name": "BTC-29DEC17-6000-C", "index_price": 6201.75, "direction": "buy", "amount": 0.3}, {"trade_seq": 204, "trade_id": "1122145", "timestamp": 1509307945553, "tick_direction": 1, "price": 0.1534, "mark_price": null, "iv": 86.56, "instrument_name": "BTC-29DEC17-6000-C", "index_price": 6187.31, "direction": "buy", "amount": 0.1}, {"trade_seq": 203, "trade_id": "1122041", "timestamp": 1509307806433, "tick_direction": 0, "price": 0.1534, "mark_price": null, "iv": 87.79, "instrument_name": "BTC-29DEC17-6000-C", "index_price": 6160.73, "direction": "buy", "amount": 0.2}, {"trade_seq": 202, "trade_id": "1112171", "timestamp": 1509230170798, "tick_direction": 0, "price": 0.1266, "mark_price": null, "iv": 88.42, "instrument_name": "BTC-29DEC17-6000-C", "index_price": 5754.83, "direction": "sell", "amount": 0.1}, {"trade_seq": 201, "trade_id": "1112170", "timestamp": 1509230161387, "tick_direction": 0, "price": 0.1265, "mark_price": null, "iv": 88.35, "instrument_name": "BTC-29DEC17-6000-C", "index_price": 5755.06, "direction": "buy", "amount": 1.3}, {"trade_seq": 200, "trade_id": "1112142", "timestamp": 1509228495035, "tick_direction": 0, "price": 0.1255, "mark_price": null, "iv": 88.39, "instrument_name": "BTC-29DEC17-6000-C", "index_price": 5739.4, "direction": "buy", "amount": 0.5}, {"trade_seq": 199, "trade_id": "1109460", "timestamp": 1509197294859, "tick_direction": 2, "price": 0.1, "mark_price": null, "iv": 73.85, "instrument_name": "BTC-29DEC17-6000-C", "index_price": 5709.39, "direction": "sell", "amount": 0.9}, {"trade_seq": 198, "trade_id": "1109459", "timestamp": 1509197294859, "tick_direction": 0, "price": 0.1002, "mark_price": null, "iv": 73.97, "instrument_name": "BTC-29DEC17-6000-C", "index_price": 5709.39, "direction": "sell", "amount": 0.1}, {"trade_seq": 197, "trade_id": "1108631", "timestamp": 1509190385266, "tick_direction": 2, "price": 0.1, "mark_price": null, "iv": 73.94, "instrument_name": "BTC-29DEC17-6000-C", "index_price": 5706.07, "direction": "sell", "amount": 0.1}, {"trade_seq": 196, "trade_id": "1108259", "timestamp": 1509188212917, "tick_direction": 1, "price": 0.12, "mark_price": null, "iv": 84.82, "instrument_name": "BTC-29DEC17-6000-C", "index_price": 5736.64, "direction": "sell", "amount": 0.1}, {"trade_seq": 195, "trade_id": "1108235", "timestamp": 1509188167451, "tick_direction": 1, "price": 0.12, "mark_price": null, "iv": 84.52, "instrument_name": "BTC-29DEC17-6000-C", "index_price": 5743.58, "direction": "sell", "amount": 1.4}, {"trade_seq": 194, "trade_id": "1108013", "timestamp": 1509186660002, "tick_direction": 0, "price": 0.12, "mark_price": null, "iv": 83.09, "instrument_name": "BTC-29DEC17-6000-C", "index_price": 5776.92, "direction": "sell", "amount": 1.5}, {"trade_seq": 193, "trade_id": "1102742", "timestamp": 1509118369741, "tick_direction": 2, "price": 0.116, "mark_price": null, "iv": 81.55, "instrument_name": "BTC-29DEC17-6000-C", "index_price": 5743.72, "direction": "sell", "amount": 0.1}, {"trade_seq": 192, "trade_id": "1096045", "timestamp": 1509065118104, "tick_direction": 2, "price": 0.1518, "mark_price": null, "iv": 95.65, "instrument_name": "BTC-29DEC17-6000-C", "index_price": 5913.22, "direction": "buy", "amount": 1.3}, {"trade_seq": 191, "trade_id": "1095836", "timestamp": 1509060519261, "tick_direction": 0, "price": 0.1528, "mark_price": null, "iv": 96.74, "instrument_name": "BTC-29DEC17-6000-C", "index_price": 5901.15, "direction": "buy", "amount": 1.3}, {"trade_seq": 190, "trade_id": "1095794", "timestamp": 1509059750924, "tick_direction": 3, "price": 0.151, "mark_price": null, "iv": 95.28, "instrument_name": "BTC-29DEC17-6000-C", "index_price": 5909.56, "direction": "buy", "amount": 1.0}, {"trade_seq": 189, "trade_id": "1095790", "timestamp": 1509059725577, "tick_direction": 2, "price": 0.151, "mark_price": null, "iv": 95.27, "instrument_name": "BTC-29DEC17-6000-C", "index_price": 5909.58, "direction": "buy", "amount": 1.0}, {"trade_seq": 188, "trade_id": "1095740", "timestamp": 1509059426953, "tick_direction": 0, "price": 0.1531, "mark_price": null, "iv": 96.87, "instrument_name": "BTC-29DEC17-6000-C", "index_price": 5902.03, "direction": "buy", "amount": 0.8}, {"trade_seq": 187, "trade_id": "1079854", "timestamp": 1508947594720, "tick_direction": 2, "price": 0.11, "mark_price": null, "iv": 87.35, "instrument_name": "BTC-29DEC17-6000-C", "index_price": 5481.66, "direction": "sell", "amount": 1.0}, {"trade_seq": 186, "trade_id": "1075903", "timestamp": 1508920420992, "tick_direction": 0, "price": 0.1437, "mark_price": null, "iv": 101.02, "instrument_name": "BTC-29DEC17-6000-C", "index_price": 5635.0, "direction": "buy", "amount": 0.1}, {"trade_seq": 185, "trade_id": "1070764", "timestamp": 1508882615333, "tick_direction": 0, "price": 0.1035, "mark_price": null, "iv": 83.01, "instrument_name": "BTC-29DEC17-6000-C", "index_price": 5481.06, "direction": "buy", "amount": 0.1}, {"trade_seq": 184, "trade_id": "1070743", "timestamp": 1508882573697, "tick_direction": 2, "price": 0.1032, "mark_price": null, "iv": 83.01, "instrument_name": "BTC-29DEC17-6000-C", "index_price": 5476.62, "direction": "buy", "amount": 0.1}, {"trade_seq": 183, "trade_id": "1065994", "timestamp": 1508860975218, "tick_direction": 0, "price": 0.15, "mark_price": null, "iv": 102.25, "instrument_name": "BTC-29DEC17-6000-C", "index_price": 5684.06, "direction": "buy", "amount": 1.0}, {"trade_seq": 182, "trade_id": "1064035", "timestamp": 1508848647536, "tick_direction": 2, "price": 0.086, "mark_price": null, "iv": 66.03, "instrument_name": "BTC-29DEC17-6000-C", "index_price": 5641.59, "direction": "sell", "amount": 0.2}, {"trade_seq": 181, "trade_id": "1064030", "timestamp": 1508848612539, "tick_direction": 2, "price": 0.1095, "mark_price": null, "iv": 79.91, "instrument_name": "BTC-29DEC17-6000-C", "index_price": 5641.59, "direction": "sell", "amount": 0.1}, {"trade_seq": 180, "trade_id": "1064018", "timestamp": 1508848588172, "tick_direction": 2, "price": 0.1181, "mark_price": null, "iv": 84.99, "instrument_name": "BTC-29DEC17-6000-C", "index_price": 5641.59, "direction": "sell", "amount": 0.1}, {"trade_seq": 179, "trade_id": "1063282", "timestamp": 1508844184156, "tick_direction": 2, "price": 0.1482, "mark_price": null, "iv": 100.84, "instrument_name": "BTC-29DEC17-6000-C", "index_price": 5688.94, "direction": "sell", "amount": 1.0}, {"trade_seq": 178, "trade_id": "1061556", "timestamp": 1508831472459, "tick_direction": 1, "price": 0.1519, "mark_price": null, "iv": 100.68, "instrument_name": "BTC-29DEC17-6000-C", "index_price": 5744.1, "direction": "buy", "amount": 0.1}, {"trade_seq": 177, "trade_id": "1061551", "timestamp": 1508831435228, "tick_direction": 0, "price": 0.1519, "mark_price": null, "iv": 100.68, "instrument_name": "BTC-29DEC17-6000-C", "index_price": 5744.12, "direction": "buy", "amount": 0.5}, {"trade_seq": 176, "trade_id": "1061527", "timestamp": 1508831205719, "tick_direction": 0, "price": 0.1517, "mark_price": null, "iv": 100.69, "instrument_name": "BTC-29DEC17-6000-C", "index_price": 5741.01, "direction": "buy", "amount": 0.1}, {"trade_seq": 175, "trade_id": "1061516", "timestamp": 1508830987422, "tick_direction": 0, "price": 0.1461, "mark_price": null, "iv": 99.76, "instrument_name": "BTC-29DEC17-6000-C", "index_price": 5681.85, "direction": "sell", "amount": 0.1}, {"trade_seq": 174, "trade_id": "1043301", "timestamp": 1508763446938, "tick_direction": 2, "price": 0.1334, "mark_price": null, "iv": 87.03, "instrument_name": "BTC-29DEC17-6000-C", "index_price": 5797.34, "direction": "sell", "amount": 0.1}, {"trade_seq": 173, "trade_id": "1041855", "timestamp": 1508755339291, "tick_direction": 1, "price": 0.1719, "mark_price": null, "iv": 106.98, "instrument_name": "BTC-29DEC17-6000-C", "index_price": 5864.85, "direction": "buy", "amount": 0.2}, {"trade_seq": 172, "trade_id": "1028679", "timestamp": 1508671169822, "tick_direction": 0, "price": 0.1719, "mark_price": null, "iv": 110.62, "instrument_name": "BTC-29DEC17-6000-C", "index_price": 5754.33, "direction": "buy", "amount": 0.2}, {"trade_seq": 171, "trade_id": "1025904", "timestamp": 1508652992226, "tick_direction": 3, "price": 0.1502, "mark_price": null, "iv": 95.18, "instrument_name": "BTC-29DEC17-6000-C", "index_price": 5818.02, "direction": "sell", "amount": 0.1}, {"trade_seq": 170, "trade_id": "1025902", "timestamp": 1508652959527, "tick_direction": 3, "price": 0.1502, "mark_price": null, "iv": 95.16, "instrument_name": "BTC-29DEC17-6000-C", "index_price": 5818.48, "direction": "sell", "amount": 0.1}, {"trade_seq": 169, "trade_id": "1025857", "timestamp": 1508652707798, "tick_direction": 3, "price": 0.1502, "mark_price": null, "iv": 94.67, "instrument_name": "BTC-29DEC17-6000-C", "index_price": 5830.6, "direction": "sell", "amount": 0.1}, {"trade_seq": 168, "trade_id": "1024404", "timestamp": 1508647835968, "tick_direction": 3, "price": 0.1502, "mark_price": null, "iv": 94.98, "instrument_name": "BTC-29DEC17-6000-C", "index_price": 5821.87, "direction": "sell", "amount": 0.2}, {"trade_seq": 167, "trade_id": "1024315", "timestamp": 1508647760587, "tick_direction": 3, "price": 0.1502, "mark_price": null, "iv": 93.91, "instrument_name": "BTC-29DEC17-6000-C", "index_price": 5848.43, "direction": "sell", "amount": 0.2}, {"trade_seq": 166, "trade_id": "1024272", "timestamp": 1508647705853, "tick_direction": 3, "price": 0.1502, "mark_price": null, "iv": 93.63, "instrument_name": "BTC-29DEC17-6000-C", "index_price": 5855.15, "direction": "sell", "amount": 0.2}, {"trade_seq": 165, "trade_id": "1023215", "timestamp": 1508646036069, "tick_direction": 3, "price": 0.1502, "mark_price": null, "iv": 94.42, "instrument_name": "BTC-29DEC17-6000-C", "index_price": 5835.33, "direction": "sell", "amount": 0.2}, {"trade_seq": 164, "trade_id": "1023190", "timestamp": 1508646005830, "tick_direction": 3, "price": 0.1502, "mark_price": null, "iv": 94.19, "instrument_name": "BTC-29DEC17-6000-C", "index_price": 5841.11, "direction": "sell", "amount": 0.2}, {"trade_seq": 163, "trade_id": "1023111", "timestamp": 1508645926816, "tick_direction": 2, "price": 0.1502, "mark_price": null, "iv": 94.56, "instrument_name": "BTC-29DEC17-6000-C", "index_price": 5832.06, "direction": "sell", "amount": 0.2}, {"trade_seq": 162, "trade_id": "1015463", "timestamp": 1508613519037, "tick_direction": 3, "price": 0.1998, "mark_price": null, "iv": 115.59, "instrument_name": "BTC-29DEC17-6000-C", "index_price": 6030.76, "direction": "sell", "amount": 1.0}, {"trade_seq": 161, "trade_id": "1015462", "timestamp": 1508613519037, "tick_direction": 3, "price": 0.1998, "mark_price": null, "iv": 115.59, "instrument_name": "BTC-29DEC17-6000-C", "index_price": 6030.76, "direction": "sell", "amount": 1.0}, {"trade_seq": 160, "trade_id": "1015451", "timestamp": 1508613412395, "tick_direction": 2, "price": 0.1998, "mark_price": null, "iv": 115.69, "instrument_name": "BTC-29DEC17-6000-C", "index_price": 6028.3, "direction": "sell", "amount": 0.5}, {"trade_seq": 159, "trade_id": "1015437", "timestamp": 1508613219314, "tick_direction": 3, "price": 0.2001, "mark_price": null, "iv": 116.14, "instrument_name": "BTC-29DEC17-6000-C", "index_price": 6021.37, "direction": "sell", "amount": 1.0}, {"trade_seq": 158, "trade_id": "1015434", "timestamp": 1508613213113, "tick_direction": 2, "price": 0.2001, "mark_price": null, "iv": 116.12, "instrument_name": "BTC-29DEC17-6000-C", "index_price": 6021.83, "direction": "sell", "amount": 1.0}, {"trade_seq": 157, "trade_id": "1010552", "timestamp": 1508595856403, "tick_direction": 0, "price": 0.2156, "mark_price": null, "iv": 119.63, "instrument_name": "BTC-29DEC17-6000-C", "index_price": 6163.32, "direction": "buy", "amount": 0.4}, {"trade_seq": 156, "trade_id": "1010551", "timestamp": 1508595856403, "tick_direction": 0, "price": 0.2102, "mark_price": null, "iv": 116.36, "instrument_name": "BTC-29DEC17-6000-C", "index_price": 6163.32, "direction": "buy", "amount": 0.6}, {"trade_seq": 155, "trade_id": "1004761", "timestamp": 1508550091111, "tick_direction": 0, "price": 0.2096, "mark_price": null, "iv": 119.02, "instrument_name": "BTC-29DEC17-6000-C", "index_price": 6076.27, "direction": "buy", "amount": 1.0}, {"trade_seq": 154, "trade_id": "999710", "timestamp": 1508519783581, "tick_direction": 2, "price": 0.1502, "mark_price": null, "iv": 90.24, "instrument_name": "BTC-29DEC17-6000-C", "index_price": 5914.22, "direction": "sell", "amount": 0.5}, {"trade_seq": 153, "trade_id": "996449", "timestamp": 1508510963233, "tick_direction": 0, "price": 0.1674, "mark_price": null, "iv": 99.98, "instrument_name": "BTC-29DEC17-6000-C", "index_price": 5919.49, "direction": "buy", "amount": 0.1}, {"trade_seq": 152, "trade_id": "986338", "timestamp": 1508423070376, "tick_direction": 2, "price": 0.1225, "mark_price": null, "iv": 81.05, "instrument_name": "BTC-29DEC17-6000-C", "index_price": 5729.2, "direction": "sell", "amount": 0.5}, {"trade_seq": 151, "trade_id": "968879", "timestamp": 1508316012635, "tick_direction": 0, "price": 0.1364, "mark_price": null, "iv": 102.37, "instrument_name": "BTC-29DEC17-6000-C", "index_price": 5357.57, "direction": "buy", "amount": 1.0}, {"trade_seq": 150, "trade_id": "967982", "timestamp": 1508313906634, "tick_direction": 3, "price": 0.12, "mark_price": null, "iv": 96.96, "instrument_name": "BTC-29DEC17-6000-C", "index_price": 5253.26, "direction": "sell", "amount": 0.1}, {"trade_seq": 149, "trade_id": "967930", "timestamp": 1508313830026, "tick_direction": 2, "price": 0.12, "mark_price": null, "iv": 96.88, "instrument_name": "BTC-29DEC17-6000-C", "index_price": 5255.46, "direction": "sell", "amount": 0.1}, {"trade_seq": 148, "trade_id": "965570", "timestamp": 1508307061983, "tick_direction": 2, "price": 0.1249, "mark_price": null, "iv": 92.88, "instrument_name": "BTC-29DEC17-6000-C", "index_price": 5435.62, "direction": "sell", "amount": 1.0}, {"trade_seq": 147, "trade_id": "964941", "timestamp": 1508302835674, "tick_direction": 2, "price": 0.1438, "mark_price": null, "iv": 99.98, "instrument_name": "BTC-29DEC17-6000-C", "index_price": 5529.08, "direction": "buy", "amount": 0.1}, {"trade_seq": 146, "trade_id": "964913", "timestamp": 1508302098048, "tick_direction": 0, "price": 0.1487, "mark_price": null, "iv": 102.82, "instrument_name": "BTC-29DEC17-6000-C", "index_price": 5526.95, "direction": "sell", "amount": 0.1}, {"trade_seq": 145, "trade_id": "964428", "timestamp": 1508297455487, "tick_direction": 0, "price": 0.144, "mark_price": null, "iv": 101.75, "instrument_name": "BTC-29DEC17-6000-C", "index_price": 5484.12, "direction": "buy", "amount": 0.1}, {"trade_seq": 144, "trade_id": "964418", "timestamp": 1508297206327, "tick_direction": 0, "price": 0.125, "mark_price": null, "iv": 91.11, "instrument_name": "BTC-29DEC17-6000-C", "index_price": 5482.33, "direction": "buy", "amount": 0.1}, {"trade_seq": 143, "trade_id": "964155", "timestamp": 1508293339511, "tick_direction": 1, "price": 0.1249, "mark_price": null, "iv": 89.82, "instrument_name": "BTC-29DEC17-6000-C", "index_price": 5514.1, "direction": "sell", "amount": 0.1}, {"trade_seq": 142, "trade_id": "964154", "timestamp": 1508293321989, "tick_direction": 0, "price": 0.1249, "mark_price": null, "iv": 89.82, "instrument_name": "BTC-29DEC17-6000-C", "index_price": 5514.08, "direction": "sell", "amount": 0.4}, {"trade_seq": 141, "trade_id": "964147", "timestamp": 1508293025905, "tick_direction": 2, "price": 0.1205, "mark_price": null, "iv": 88.01, "instrument_name": "BTC-29DEC17-6000-C", "index_price": 5496.31, "direction": "sell", "amount": 0.1}, {"trade_seq": 140, "trade_id": "960818", "timestamp": 1508264774023, "tick_direction": 2, "price": 0.156, "mark_price": null, "iv": 102.86, "instrument_name": "BTC-29DEC17-6000-C", "index_price": 5626.39, "direction": "sell", "amount": 0.1}, {"trade_seq": 139, "trade_id": "958158", "timestamp": 1508240910735, "tick_direction": 2, "price": 0.16, "mark_price": null, "iv": 107.53, "instrument_name": "BTC-29DEC17-6000-C", "index_price": 5557.41, "direction": "sell", "amount": 2.0}, {"trade_seq": 138, "trade_id": "958013", "timestamp": 1508240819873, "tick_direction": 1, "price": 0.1641, "mark_price": null, "iv": 109.74, "instrument_name": "BTC-29DEC17-6000-C", "index_price": 5560.0, "direction": "sell", "amount": 0.9}, {"trade_seq": 137, "trade_id": "957954", "timestamp": 1508240725166, "tick_direction": 0, "price": 0.1641, "mark_price": null, "iv": 105.37, "instrument_name": "BTC-29DEC17-6000-C", "index_price": 5675.29, "direction": "buy", "amount": 0.1}, {"trade_seq": 136, "trade_id": "936867", "timestamp": 1508059982723, "tick_direction": 2, "price": 0.1575, "mark_price": null, "iv": 104.69, "instrument_name": "BTC-29DEC17-6000-C", "index_price": 5555.66, "direction": "buy", "amount": 0.1}, {"trade_seq": 135, "trade_id": "928621", "timestamp": 1507998077180, "tick_direction": 1, "price": 0.16, "mark_price": null, "iv": 99.42, "instrument_name": "BTC-29DEC17-6000-C", "index_price": 5720.58, "direction": "buy", "amount": 2.0}, {"trade_seq": 134, "trade_id": "928620", "timestamp": 1507998077180, "tick_direction": 1, "price": 0.16, "mark_price": null, "iv": 99.42, "instrument_name": "BTC-29DEC17-6000-C", "index_price": 5720.58, "direction": "buy", "amount": 0.8}, {"trade_seq": 133, "trade_id": "928350", "timestamp": 1507994065878, "tick_direction": 0, "price": 0.16, "mark_price": null, "iv": 98.85, "instrument_name": "BTC-29DEC17-6000-C", "index_price": 5734.96, "direction": "buy", "amount": 0.2}, {"trade_seq": 132, "trade_id": "917805", "timestamp": 1507918837103, "tick_direction": 2, "price": 0.1254, "mark_price": null, "iv": 81.11, "instrument_name": "BTC-29DEC17-6000-C", "index_price": 5686.4, "direction": "sell", "amount": 0.5}, {"trade_seq": 131, "trade_id": "898629", "timestamp": 1507859715492, "tick_direction": 0, "price": 0.1515, "mark_price": null, "iv": 102.31, "instrument_name": "BTC-29DEC17-6000-C", "index_price": 5487.79, "direction": "buy", "amount": 1.0}, {"trade_seq": 130, "trade_id": "898139", "timestamp": 1507857533935, "tick_direction": 2, "price": 0.12, "mark_price": null, "iv": 87.57, "instrument_name": "BTC-29DEC17-6000-C", "index_price": 5420.75, "direction": "buy", "amount": 0.5}, {"trade_seq": 129, "trade_id": "896847", "timestamp": 1507853776199, "tick_direction": 0, "price": 0.1211, "mark_price": null, "iv": 89.01, "instrument_name": "BTC-29DEC17-6000-C", "index_price": 5396.82, "direction": "sell", "amount": 0.1}, {"trade_seq": 128, "trade_id": "895766", "timestamp": 1507851382431, "tick_direction": 0, "price": 0.12, "mark_price": null, "iv": 91.2, "instrument_name": "BTC-29DEC17-6000-C", "index_price": 5318.68, "direction": "buy", "amount": 0.1}, {"trade_seq": 127, "trade_id": "894350", "timestamp": 1507839731409, "tick_direction": 2, "price": 0.1161, "mark_price": null, "iv": 89.0, "instrument_name": "BTC-29DEC17-6000-C", "index_price": 5318.68, "direction": "buy", "amount": 0.8}, {"trade_seq": 126, "trade_id": "891924", "timestamp": 1507826437618, "tick_direction": 0, "price": 0.1193, "mark_price": null, "iv": 88.99, "instrument_name": "BTC-29DEC17-6000-C", "index_price": 5364.97, "direction": "buy", "amount": 0.2}, {"trade_seq": 125, "trade_id": "890712", "timestamp": 1507822797065, "tick_direction": 1, "price": 0.105, "mark_price": null, "iv": 85.27, "instrument_name": "BTC-29DEC17-6000-C", "index_price": 5249.64, "direction": "buy", "amount": 0.1}, {"trade_seq": 124, "trade_id": "890624", "timestamp": 1507822601333, "tick_direction": 0, "price": 0.105, "mark_price": null, "iv": 85.58, "instrument_name": "BTC-29DEC17-6000-C", "index_price": 5240.79, "direction": "buy", "amount": 0.5}, {"trade_seq": 123, "trade_id": "890448", "timestamp": 1507821523818, "tick_direction": 2, "price": 0.1, "mark_price": null, "iv": 83.25, "instrument_name": "BTC-29DEC17-6000-C", "index_price": 5228.65, "direction": "buy", "amount": 0.1}, {"trade_seq": 122, "trade_id": "890395", "timestamp": 1507821281207, "tick_direction": 1, "price": 0.105, "mark_price": null, "iv": 86.53, "instrument_name": "BTC-29DEC17-6000-C", "index_price": 5213.45, "direction": "buy", "amount": 0.2}, {"trade_seq": 121, "trade_id": "890344", "timestamp": 1507820781321, "tick_direction": 1, "price": 0.105, "mark_price": null, "iv": 86.78, "instrument_name": "BTC-29DEC17-6000-C", "index_price": 5206.42, "direction": "buy", "amount": 0.1}, {"trade_seq": 120, "trade_id": "890326", "timestamp": 1507820690397, "tick_direction": 1, "price": 0.105, "mark_price": null, "iv": 86.85, "instrument_name": "BTC-29DEC17-6000-C", "index_price": 5204.26, "direction": "buy", "amount": 0.1}, {"trade_seq": 119, "trade_id": "887894", "timestamp": 1507807375138, "tick_direction": 0, "price": 0.105, "mark_price": null, "iv": 86.85, "instrument_name": "BTC-29DEC17-6000-C", "index_price": 5202.07, "direction": "buy", "amount": 0.5}, {"trade_seq": 118, "trade_id": "884396", "timestamp": 1507796581193, "tick_direction": 0, "price": 0.1008, "mark_price": null, "iv": 85.99, "instrument_name": "BTC-29DEC17-6000-C", "index_price": 5158.61, "direction": "buy", "amount": 1.0}, {"trade_seq": 117, "trade_id": "883207", "timestamp": 1507795726891, "tick_direction": 1, "price": 0.085, "mark_price": null, "iv": 81.78, "instrument_name": "BTC-29DEC17-6000-C", "index_price": 5025.91, "direction": "buy", "amount": 0.7}, {"trade_seq": 116, "trade_id": "882261", "timestamp": 1507795288617, "tick_direction": 1, "price": 0.085, "mark_price": null, "iv": 85.65, "instrument_name": "BTC-29DEC17-6000-C", "index_price": 4912.37, "direction": "buy", "amount": 3.0}, {"trade_seq": 115, "trade_id": "882255", "timestamp": 1507795284440, "tick_direction": 0, "price": 0.085, "mark_price": null, "iv": 83.14, "instrument_name": "BTC-29DEC17-6000-C", "index_price": 4985.87, "direction": "buy", "amount": 1.3}, {"trade_seq": 114, "trade_id": "863159", "timestamp": 1507596476419, "tick_direction": 2, "price": 0.0772, "mark_price": null, "iv": 83.05, "instrument_name": "BTC-29DEC17-6000-C", "index_price": 4821.08, "direction": "sell", "amount": 1.4}, {"trade_seq": 113, "trade_id": "825880", "timestamp": 1506966851715, "tick_direction": 2, "price": 0.08, "mark_price": null, "iv": 95.26, "instrument_name": "BTC-29DEC17-6000-C", "index_price": 4375.77, "direction": "sell", "amount": 0.1}, {"trade_seq": 112, "trade_id": "824532", "timestamp": 1506945612877, "tick_direction": 2, "price": 0.0889, "mark_price": null, "iv": 99.5, "instrument_name": "BTC-29DEC17-6000-C", "index_price": 4393.88, "direction": "buy", "amount": 0.1}, {"trade_seq": 111, "trade_id": "822141", "timestamp": 1506899696541, "tick_direction": 0, "price": 0.0918, "mark_price": null, "iv": 101.4, "instrument_name": "BTC-29DEC17-6000-C", "index_price": 4375.41, "direction": "buy", "amount": 0.1}, {"trade_seq": 110, "trade_id": "812533", "timestamp": 1506683026338, "tick_direction": 2, "price": 0.075, "mark_price": null, "iv": 97.88, "instrument_name": "BTC-29DEC17-6000-C", "index_price": 4148.7, "direction": "sell", "amount": 1.0}, {"trade_seq": 109, "trade_id": "810104", "timestamp": 1506617895462, "tick_direction": 1, "price": 0.09, "mark_price": null, "iv": 105.71, "instrument_name": "BTC-29DEC17-6000-C", "index_price": 4153.18, "direction": "buy", "amount": 0.1}, {"trade_seq": 108, "trade_id": "809161", "timestamp": 1506588588589, "tick_direction": 0, "price": 0.09, "mark_price": null, "iv": 101.92, "instrument_name": "BTC-29DEC17-6000-C", "index_price": 4265.38, "direction": "buy", "amount": 0.1}, {"trade_seq": 107, "trade_id": "808686", "timestamp": 1506569275416, "tick_direction": 3, "price": 0.0775, "mark_price": null, "iv": 98.0, "instrument_name": "BTC-29DEC17-6000-C", "index_price": 4167.45, "direction": "buy", "amount": 0.2}, {"trade_seq": 106, "trade_id": "808684", "timestamp": 1506569164571, "tick_direction": 3, "price": 0.0775, "mark_price": null, "iv": 98.11, "instrument_name": "BTC-29DEC17-6000-C", "index_price": 4164.03, "direction": "buy", "amount": 0.2}, {"trade_seq": 105, "trade_id": "808681", "timestamp": 1506568466243, "tick_direction": 3, "price": 0.0775, "mark_price": null, "iv": 98.17, "instrument_name": "BTC-29DEC17-6000-C", "index_price": 4161.89, "direction": "buy", "amount": 0.1}, {"trade_seq": 104, "trade_id": "808674", "timestamp": 1506568139376, "tick_direction": 3, "price": 0.0775, "mark_price": null, "iv": 98.3, "instrument_name": "BTC-29DEC17-6000-C", "index_price": 4157.62, "direction": "buy", "amount": 0.2}, {"trade_seq": 103, "trade_id": "808663", "timestamp": 1506568019670, "tick_direction": 3, "price": 0.0775, "mark_price": null, "iv": 98.4, "instrument_name": "BTC-29DEC17-6000-C", "index_price": 4154.39, "direction": "buy", "amount": 0.1}, {"trade_seq": 102, "trade_id": "808660", "timestamp": 1506567867915, "tick_direction": 3, "price": 0.0775, "mark_price": null, "iv": 98.14, "instrument_name": "BTC-29DEC17-6000-C", "index_price": 4162.81, "direction": "buy", "amount": 0.1}, {"trade_seq": 101, "trade_id": "808624", "timestamp": 1506566385409, "tick_direction": 2, "price": 0.0775, "mark_price": null, "iv": 98.21, "instrument_name": "BTC-29DEC17-6000-C", "index_price": 4160.25, "direction": "buy", "amount": 0.1}, {"trade_seq": 100, "trade_id": "806544", "timestamp": 1506507660498, "tick_direction": 2, "price": 0.0877, "mark_price": null, "iv": 107.48, "instrument_name": "BTC-29DEC17-6000-C", "index_price": 4036.01, "direction": "buy", "amount": 0.1}, {"trade_seq": 99, "trade_id": "803341", "timestamp": 1506423780633, "tick_direction": 0, "price": 0.0885, "mark_price": null, "iv": 110.55, "instrument_name": "BTC-29DEC17-6000-C", "index_price": 3936.94, "direction": "sell", "amount": 0.1}, {"trade_seq": 98, "trade_id": "800951", "timestamp": 1506357002841, "tick_direction": 0, "price": 0.0864, "mark_price": null, "iv": 109.01, "instrument_name": "BTC-29DEC17-6000-C", "index_price": 3934.54, "direction": "buy", "amount": 0.1}, {"trade_seq": 97, "trade_id": "798249", "timestamp": 1506274113040, "tick_direction": 2, "price": 0.0738, "mark_price": null, "iv": 109.02, "instrument_name": "BTC-29DEC17-6000-C", "index_price": 3694.76, "direction": "buy", "amount": 0.1}, {"trade_seq": 96, "trade_id": "798174", "timestamp": 1506267603414, "tick_direction": 0, "price": 0.0754, "mark_price": null, "iv": 109.34, "instrument_name": "BTC-29DEC17-6000-C", "index_price": 3712.26, "direction": "buy", "amount": 1.0}, {"trade_seq": 95, "trade_id": "796828", "timestamp": 1506176077014, "tick_direction": 2, "price": 0.055, "mark_price": null, "iv": 94.6, "instrument_name": "BTC-29DEC17-6000-C", "index_price": 3774.23, "direction": "buy", "amount": 0.1}