{"trades": [{"trade_seq": 31, "trade_id": "138540937", "timestamp": 1616631677157, "tick_direction": 2, "price": 0.887, "mark_price": 0.88645112, "iv": 500.0, "instrument_name": "BTC-26MAR21-6000-C", "index_price": 52685.83, "direction": "buy", "amount": 0.1}, {"trade_seq": 30, "trade_id": "135153828", "timestamp": 1615507923189, "tick_direction": 0, "price": 0.9, "mark_price": 0.89746378, "iv": 500.0, "instrument_name": "BTC-26MAR21-6000-C", "index_price": 57702.96, "direction": "buy", "amount": 0.1}, {"trade_seq": 29, "trade_id": "129924583", "timestamp": 1614003568158, "tick_direction": 0, "price": 0.881, "mark_price": 0.88225196, "iv": 0.0, "instrument_name": "BTC-26MAR21-6000-C", "index_price": 49301.6, "direction": "buy", "amount": 0.1}, {"trade_seq": 28, "trade_id": "122957286", "timestamp": 1611910529299, "tick_direction": 0, "price": 0.835, "mark_price": 0.83617572, "iv": 0.0, "instrument_name": "BTC-26MAR21-6000-C", "index_price": 35502.81, "direction": "buy", "amount": 0.2}, {"trade_seq": 27, "trade_id": "122953105", "timestamp": 1611910467894, "tick_direction": 0, "price": 0.833, "mark_price": 0.83350913, "iv": 166.22, "instrument_name": "BTC-26MAR21-6000-C", "index_price": 34974.28, "direction": "buy", "amount": 0.2}, {"trade_seq": 26, "trade_id": "122433302", "timestamp": 1611774241829, "tick_direction": 0, "price": 0.8055, "mark_price": 0.80546142, "iv": 163.95, "instrument_name": "BTC-26MAR21-6000-C", "index_price": 30333.82, "direction": "buy", "amount": 0.2}, {"trade_seq": 25, "trade_id": "103324329", "timestamp": 1606209898774, "tick_direction": 0, "price": 0.693, "mark_price": 0.69413747, "iv": 93.41, "instrument_name": "BTC-26MAR21-6000-C", "index_price": 18789.7, "direction": "buy", "amount": 0.2}, {"trade_seq": 24, "trade_id": "102975949", "timestamp": 1606093123323, "tick_direction": 0, "price": 0.6815, "mark_price": 0.68154227, "iv": 99.59, "instrument_name": "BTC-26MAR21-6000-C", "index_price": 18136.62, "direction": "sell", "amount": 0.1}, {"trade_seq": 23, "trade_id": "101303248", "timestamp": 1605520369605, "tick_direction": 1, "price": 0.632, "mark_price": 0.64307751, "iv": 0.0, "instrument_name": "BTC-26MAR21-6000-C", "index_price": 16195.17, "direction": "sell", "amount": 0.8}, {"trade_seq": 22, "trade_id": "101303247", "timestamp": 1605520369605, "tick_direction": 0, "price": 0.632, "mark_price": 0.64307751, "iv": 0.0, "instrument_name": "BTC-26MAR21-6000-C", "index_price": 16195.17, "direction": "sell", "amount": 0.2}, {"trade_seq": 21, "trade_id": "98559512", "timestamp": 1604441028453, "tick_direction": 2, "price": 0.58, "mark_price": 0.58196475, "iv": 79.71, "instrument_name": "BTC-26MAR21-6000-C", "index_price": 13732.58, "direction": "buy", "amount": 1.0}, {"trade_seq": 20, "trade_id": "98144564", "timestamp": 1604235822052, "tick_direction": 0, "price": 0.583, "mark_price": 0.58474775, "iv": 81.15, "instrument_name": "BTC-26MAR21-6000-C", "index_price": 13757.92, "direction": "buy", "amount": 1.0}, {"trade_seq": 19, "trade_id": "96316058", "timestamp": 1603323793926, "tick_direction": 0, "price": 0.559, "mark_price": 0.56179775, "iv": 79.6, "instrument_name": "BTC-26MAR21-6000-C", "index_price": 12830.51, "direction": "buy", "amount": 1.0}, {"trade_seq": 18, "trade_id": "95590339", "timestamp": 1602832733304, "tick_direction": 2, "price": 0.488, "mark_price": 0.49638863, "iv": 41.04, "instrument_name": "BTC-26MAR21-6000-C", "index_price": 11337.74, "direction": "sell", "amount": 2.0}, {"trade_seq": 17, "trade_id": "95367366", "timestamp": 1602671923014, "tick_direction": 2, "price": 0.492, "mark_price": 0.50168524, "iv": 39.86, "instrument_name": "BTC-26MAR21-6000-C", "index_price": 11390.67, "direction": "sell", "amount": 1.0}, {"trade_seq": 16, "trade_id": "95175357", "timestamp": 1602535401879, "tick_direction": 0, "price": 0.511, "mark_price": 0.51094831, "iv": 70.07, "instrument_name": "BTC-26MAR21-6000-C", "index_price": 11574.77, "direction": "buy", "amount": 1.0}, {"trade_seq": 15, "trade_id": "94638175", "timestamp": 1602067190000, "tick_direction": 2, "price": 0.4495, "mark_price": 0.46596699, "iv": 44.15, "instrument_name": "BTC-26MAR21-6000-C", "index_price": 10586.36, "direction": "sell", "amount": 2.0}, {"trade_seq": 14, "trade_id": "94161709", "timestamp": 1601578954536, "tick_direction": 0, "price": 0.47, "mark_price": 0.4670969, "iv": 71.76, "instrument_name": "BTC-26MAR21-6000-C", "index_price": 10597.32, "direction": "sell", "amount": 0.5}, {"trade_seq": 13, "trade_id": "93415748", "timestamp": 1600889622975, "tick_direction": 2, "price": 0.434, "mark_price": 0.4558508, "iv": 40.1, "instrument_name": "BTC-26MAR21-6000-C", "index_price": 10302.4, "direction": "sell", "amount": 5.0}, {"trade_seq": 12, "trade_id": "91114828", "timestamp": 1599229009430, "tick_direction": 3, "price": 0.475, "mark_price": 0.47229093, "iv": 80.73, "instrument_name": "BTC-26MAR21-6000-C", "index_price": 10336.2, "direction": "sell", "amount": 0.1}, {"trade_seq": 11, "trade_id": "91112903", "timestamp": 1599228820166, "tick_direction": 2, "price": 0.475, "mark_price": 0.47360617, "iv": 79.95, "instrument_name": "BTC-26MAR21-6000-C", "index_price": 10356.99, "direction": "sell", "amount": 0.4}, {"trade_seq": 10, "trade_id": "91105095", "timestamp": 1599226830344, "tick_direction": 2, "price": 0.481, "mark_price": 0.4796796, "iv": 80.28, "instrument_name": "BTC-26MAR21-6000-C", "index_price": 10496.94, "direction": "sell", "amount": 0.5}, {"trade_seq": 9, "trade_id": "91104776", "timestamp": 1599226581073, "tick_direction": 2, "price": 0.485, "mark_price": 0.47984549, "iv": 83.18, "instrument_name": "BTC-26MAR21-6000-C", "index_price": 10500.75, "direction": "sell", "amount": 1.0}, {"trade_seq": 8, "trade_id": "85666093", "timestamp": 1595883102693, "tick_direction": 0, "price": 0.51, "mark_price": 0.50499873, "iv": 75.24, "instrument_name": "BTC-26MAR21-6000-C", "index_price": 10848.12, "direction": "sell", "amount": 0.5}, {"trade_seq": 7, "trade_id": "85534975", "timestamp": 1595856043795, "tick_direction": 3, "price": 0.475, "mark_price": 0.47893556, "iv": 63.66, "instrument_name": "BTC-26MAR21-6000-C", "index_price": 10346.71, "direction": "sell", "amount": 0.1}, {"trade_seq": 6, "trade_id": "85534410", "timestamp": 1595855903620, "tick_direction": 3, "price": 0.475, "mark_price": 0.47828951, "iv": 64.2, "instrument_name": "BTC-26MAR21-6000-C", "index_price": 10328.4, "direction": "sell", "amount": 0.1}, {"trade_seq": 5, "trade_id": "85534201", "timestamp": 1595855813966, "tick_direction": 2, "price": 0.475, "mark_price": 0.47853171, "iv": 64.26, "instrument_name": "BTC-26MAR21-6000-C", "index_price": 10327.62, "direction": "sell", "amount": 0.1}, {"trade_seq": 4, "trade_id": "85531092", "timestamp": 1595855122720, "tick_direction": 2, "price": 0.4755, "mark_price": 0.47842489, "iv": 65.36, "instrument_name": "BTC-26MAR21-6000-C", "index_price": 10299.71, "direction": "sell", "amount": 0.1}, {"trade_seq": 3, "trade_id": "85530710", "timestamp": 1595854980177, "tick_direction": 2, "price": 0.476, "mark_price": 0.47898963, "iv": 65.85, "instrument_name": "BTC-26MAR21-6000-C", "index_price": 10297.65, "direction": "sell", "amount": 0.1}, {"trade_seq": 2, "trade_id": "85529515", "timestamp": 1595854485213, "tick_direction": 2, "price": 0.4765, "mark_price": 0.47913905, "iv": 66.82, "instrument_name": "BTC-26MAR21-6000-C", "index_price": 10282.85, "direction": "sell", "amount": 0.1}, {"trade_seq": 1, "trade_id": "85528680", "timestamp": 1595854229142, "tick_direction": 1, "price": 0.4785, "mark_price": 0.48109925, "iv": 67.41, "instrument_name": "BTC-26MAR21-6000-C", "index_price": 10310.32, "direction": "sell", "amount": 0.1}], "has_more": false}