{"trades": [{"trade_seq": 893, "trade_id": "248872466", "timestamp": 1680145628599, "tick_direction": 2, "price": 0.3665, "mark_price": 0.36890622, "iv": 0.0, "instrument_name": "BTC-31MAR23-18000-C", "index_price": 28471.09, "direction": "sell", "amount": 1.0}, {"trade_seq": 892, "trade_id": "248863464", "timestamp": 1680144016855, "tick_direction": 0, "price": 0.3835, "mark_price": 0.38314463, "iv": 322.64, "instrument_name": "BTC-31MAR23-18000-C", "index_price": 29148.5, "direction": "buy", "amount": 0.1}, {"trade_seq": 891, "trade_id": "248026701", "timestamp": 1679668842945, "tick_direction": 2, "price": 0.3595, "mark_price": 0.358889, "iv": 151.68, "instrument_name": "BTC-31MAR23-18000-C", "index_price": 28044.05, "direction": "sell", "amount": 0.5}, {"trade_seq": 890, "trade_id": "246638861", "timestamp": 1679260184926, "tick_direction": 2, "price": 0.3645, "mark_price": 0.36447759, "iv": 117.58, "instrument_name": "BTC-31MAR23-18000-C", "index_price": 28237.06, "direction": "buy", "amount": 1.2}, {"trade_seq": 889, "trade_id": "246638197", "timestamp": 1679260114883, "tick_direction": 0, "price": 0.365, "mark_price": 0.36484074, "iv": 120.02, "instrument_name": "BTC-31MAR23-18000-C", "index_price": 28258.89, "direction": "buy", "amount": 1.6}, {"trade_seq": 888, "trade_id": "246637582", "timestamp": 1679260055788, "tick_direction": 0, "price": 0.3625, "mark_price": 0.36241437, "iv": 118.68, "instrument_name": "BTC-31MAR23-18000-C", "index_price": 28147.32, "direction": "buy", "amount": 1.5}, {"trade_seq": 887, "trade_id": "246635807", "timestamp": 1679259703662, "tick_direction": 0, "price": 0.3595, "mark_price": 0.3594775, "iv": 117.56, "instrument_name": "BTC-31MAR23-18000-C", "index_price": 28026.87, "direction": "buy", "amount": 1.4}, {"trade_seq": 886, "trade_id": "246261729", "timestamp": 1679117609280, "tick_direction": 0, "price": 0.3505, "mark_price": 0.35015675, "iv": 108.36, "instrument_name": "BTC-31MAR23-18000-C", "index_price": 27622.52, "direction": "buy", "amount": 1.9}, {"trade_seq": 885, "trade_id": "245944751", "timestamp": 1679050979493, "tick_direction": 0, "price": 0.3294, "mark_price": 0.32725297, "iv": 118.65, "instrument_name": "BTC-31MAR23-18000-C", "index_price": 26702.6, "direction": "sell", "combo_id": "BTC-CDIAG-30JUN23_31MAR23-20000_18000", "block_trade_id": "68897", "amount": 75.0}, {"trade_seq": 884, "trade_id": "245214936", "timestamp": 1678827844001, "tick_direction": 2, "price": 0.2695, "mark_price": 0.26999578, "iv": 88.37, "instrument_name": "BTC-31MAR23-18000-C", "index_price": 24528.53, "direction": "sell", "amount": 0.1}, {"trade_seq": 883, "trade_id": "245208721", "timestamp": 1678826357531, "tick_direction": 2, "price": 0.2725, "mark_price": 0.27385488, "iv": 83.83, "instrument_name": "BTC-31MAR23-18000-C", "index_price": 24652.53, "direction": "sell", "amount": 0.1}, {"trade_seq": 882, "trade_id": "245206957", "timestamp": 1678826163504, "tick_direction": 2, "price": 0.2755, "mark_price": 0.27653986, "iv": 86.0, "instrument_name": "BTC-31MAR23-18000-C", "index_price": 24752.99, "direction": "sell", "amount": 0.1}, {"trade_seq": 881, "trade_id": "245161383", "timestamp": 1678819874156, "tick_direction": 0, "price": 0.2875, "mark_price": 0.2882178, "iv": 89.59, "instrument_name": "BTC-31MAR23-18000-C", "index_price": 25125.5, "direction": "sell", "amount": 0.1}, {"trade_seq": 880, "trade_id": "244901141", "timestamp": 1678753024568, "tick_direction": 2, "price": 0.258, "mark_price": 0.25821363, "iv": 80.72, "instrument_name": "BTC-31MAR23-18000-C", "index_price": 24191.62, "direction": "sell", "amount": 0.1}, {"trade_seq": 879, "trade_id": "244858496", "timestamp": 1678733045288, "tick_direction": 0, "price": 0.265, "mark_price": 0.26221403, "iv": 94.25, "instrument_name": "BTC-31MAR23-18000-C", "index_price": 24291.45, "direction": "sell", "amount": 1.0}, {"trade_seq": 878, "trade_id": "244467290", "timestamp": 1678649101433, "tick_direction": 1, "price": 0.1565, "mark_price": 0.15721607, "iv": 72.4, "instrument_name": "BTC-31MAR23-18000-C", "index_price": 21270.48, "direction": "buy", "amount": 0.3}, {"trade_seq": 877, "trade_id": "244467285", "timestamp": 1678649101186, "tick_direction": 1, "price": 0.1565, "mark_price": 0.15721607, "iv": 72.4, "instrument_name": "BTC-31MAR23-18000-C", "index_price": 21270.48, "direction": "buy", "amount": 1.5}, {"trade_seq": 876, "trade_id": "244467283", "timestamp": 1678649100908, "tick_direction": 0, "price": 0.1565, "mark_price": 0.15721607, "iv": 72.4, "instrument_name": "BTC-31MAR23-18000-C", "index_price": 21270.48, "direction": "buy", "amount": 1.2}, {"trade_seq": 875, "trade_id": "244351931", "timestamp": 1678603928679, "tick_direction": 0, "price": 0.132, "mark_price": 0.13200938, "iv": 64.16, "instrument_name": "BTC-31MAR23-18000-C", "index_price": 20549.04, "direction": "sell", "amount": 1.0}, {"trade_seq": 874, "trade_id": "244046880", "timestamp": 1678470601282, "tick_direction": 0, "price": 0.1191, "mark_price": 0.11887033, "iv": 59.72, "instrument_name": "BTC-31MAR23-18000-C", "index_price": 20022.24, "direction": "sell", "combo_id": "BTC-CS-31MAR23-18000_22000", "block_trade_id": "67343", "amount": 100.0}, {"trade_seq": 873, "trade_id": "244011236", "timestamp": 1678459244266, "tick_direction": 1, "price": 0.113, "mark_price": 0.11336594, "iv": 56.47, "instrument_name": "BTC-31MAR23-18000-C", "index_price": 19907.39, "direction": "sell", "amount": 0.3}, {"trade_seq": 872, "trade_id": "244011207", "timestamp": 1678459243974, "tick_direction": 0, "price": 0.113, "mark_price": 0.11336594, "iv": 56.47, "instrument_name": "BTC-31MAR23-18000-C", "index_price": 19907.39, "direction": "sell", "amount": 2.8}, {"trade_seq": 871, "trade_id": "243968957", "timestamp": 1678445318919, "tick_direction": 0, "price": 0.109, "mark_price": 0.10866913, "iv": 61.72, "instrument_name": "BTC-31MAR23-18000-C", "index_price": 19670.37, "direction": "buy", "amount": 1.0}, {"trade_seq": 870, "trade_id": "243968479", "timestamp": 1678445299823, "tick_direction": 0, "price": 0.106, "mark_price": 0.1059163, "iv": 61.42, "instrument_name": "BTC-31MAR23-18000-C", "index_price": 19592.45, "direction": "buy", "amount": 4.6}, {"trade_seq": 869, "trade_id": "243967334", "timestamp": 1678445295435, "tick_direction": 2, "price": 0.1055, "mark_price": 0.10689043, "iv": 59.56, "instrument_name": "BTC-31MAR23-18000-C", "index_price": 19611.6, "direction": "sell", "amount": 7.3}, {"trade_seq": 868, "trade_id": "243965153", "timestamp": 1678444916819, "tick_direction": 2, "price": 0.1095, "mark_price": 0.11006445, "iv": 60.66, "instrument_name": "BTC-31MAR23-18000-C", "index_price": 19711.1, "direction": "sell", "amount": 6.0}, {"trade_seq": 867, "trade_id": "243962767", "timestamp": 1678444789023, "tick_direction": 2, "price": 0.1125, "mark_price": 0.11342391, "iv": 60.19, "instrument_name": "BTC-31MAR23-18000-C", "index_price": 19810.93, "direction": "sell", "amount": 8.0}, {"trade_seq": 866, "trade_id": "243951122", "timestamp": 1678436062585, "tick_direction": 3, "price": 0.116, "mark_price": 0.11570833, "iv": 60.18, "instrument_name": "BTC-31MAR23-18000-C", "index_price": 19912.44, "direction": "sell", "amount": 2.1}, {"trade_seq": 865, "trade_id": "243951003", "timestamp": 1678436029292, "tick_direction": 3, "price": 0.116, "mark_price": 0.1159206, "iv": 59.94, "instrument_name": "BTC-31MAR23-18000-C", "index_price": 19915.61, "direction": "sell", "amount": 2.6}, {"trade_seq": 864, "trade_id": "243950987", "timestamp": 1678436026890, "tick_direction": 3, "price": 0.116, "mark_price": 0.11598235, "iv": 59.92, "instrument_name": "BTC-31MAR23-18000-C", "index_price": 19915.62, "direction": "sell", "amount": 2.1}, {"trade_seq": 863, "trade_id": "243950972", "timestamp": 1678436025107, "tick_direction": 3, "price": 0.116, "mark_price": 0.1159955, "iv": 59.83, "instrument_name": "BTC-31MAR23-18000-C", "index_price": 19917.38, "direction": "sell", "amount": 0.1}, {"trade_seq": 862, "trade_id": "243950971", "timestamp": 1678436025105, "tick_direction": 3, "price": 0.116, "mark_price": 0.1159955, "iv": 59.83, "instrument_name": "BTC-31MAR23-18000-C", "index_price": 19917.38, "direction": "sell", "amount": 2.2}, {"trade_seq": 861, "trade_id": "243950949", "timestamp": 1678436024754, "tick_direction": 2, "price": 0.116, "mark_price": 0.1159955, "iv": 59.75, "instrument_name": "BTC-31MAR23-18000-C", "index_price": 19917.54, "direction": "sell", "amount": 2.5}, {"trade_seq": 860, "trade_id": "243938123", "timestamp": 1678433226504, "tick_direction": 0, "price": 0.1185, "mark_price": 0.11924427, "iv": 62.74, "instrument_name": "BTC-31MAR23-18000-C", "index_price": 19930.33, "direction": "sell", "amount": 1.9}, {"trade_seq": 859, "trade_id": "243922626", "timestamp": 1678423006818, "tick_direction": 3, "price": 0.1165, "mark_price": 0.11678704, "iv": 60.11, "instrument_name": "BTC-31MAR23-18000-C", "index_price": 19914.52, "direction": "sell", "amount": 0.1}, {"trade_seq": 858, "trade_id": "243922623", "timestamp": 1678423006778, "tick_direction": 2, "price": 0.1165, "mark_price": 0.11678704, "iv": 60.11, "instrument_name": "BTC-31MAR23-18000-C", "index_price": 19914.52, "direction": "sell", "amount": 0.2}, {"trade_seq": 857, "trade_id": "243922340", "timestamp": 1678422815900, "tick_direction": 0, "price": 0.117, "mark_price": 0.11673509, "iv": 60.33, "instrument_name": "BTC-31MAR23-18000-C", "index_price": 19927.21, "direction": "sell", "amount": 0.4}, {"trade_seq": 856, "trade_id": "243920606", "timestamp": 1678421190983, "tick_direction": 3, "price": 0.1165, "mark_price": 0.11657273, "iv": 57.66, "instrument_name": "BTC-31MAR23-18000-C", "index_price": 19969.38, "direction": "sell", "amount": 0.1}, {"trade_seq": 855, "trade_id": "243920604", "timestamp": 1678421190457, "tick_direction": 2, "price": 0.1165, "mark_price": 0.11657273, "iv": 57.65, "instrument_name": "BTC-31MAR23-18000-C", "index_price": 19969.38, "direction": "sell", "amount": 0.3}, {"trade_seq": 854, "trade_id": "243878730", "timestamp": 1678398773903, "tick_direction": 0, "price": 0.1275, "mark_price": 0.1277214, "iv": 58.47, "instrument_name": "BTC-31MAR23-18000-C", "index_price": 20262.0, "direction": "buy", "amount": 0.1}, {"trade_seq": 853, "trade_id": "243859937", "timestamp": 1678395538876, "tick_direction": 2, "price": 0.12, "mark_price": 0.12449834, "iv": 50.69, "instrument_name": "BTC-31MAR23-18000-C", "index_price": 20183.54, "direction": "buy", "amount": 1.0}, {"trade_seq": 852, "trade_id": "243841474", "timestamp": 1678393132523, "tick_direction": 2, "price": 0.1425, "mark_price": 0.14323962, "iv": 57.54, "instrument_name": "BTC-31MAR23-18000-C", "index_price": 20712.97, "direction": "sell", "amount": 0.1}, {"trade_seq": 851, "trade_id": "243703834", "timestamp": 1678302171912, "tick_direction": 0, "price": 0.1895, "mark_price": 0.18937452, "iv": 59.9, "instrument_name": "BTC-31MAR23-18000-C", "index_price": 22024.87, "direction": "sell", "amount": 1.1}, {"trade_seq": 850, "trade_id": "243696817", "timestamp": 1678300051526, "tick_direction": 2, "price": 0.1875, "mark_price": 0.18787177, "iv": 58.59, "instrument_name": "BTC-31MAR23-18000-C", "index_price": 21970.89, "direction": "sell", "amount": 0.1}, {"trade_seq": 849, "trade_id": "243571818", "timestamp": 1678199505113, "tick_direction": 2, "price": 0.1975, "mark_price": 0.19808087, "iv": 59.84, "instrument_name": "BTC-31MAR23-18000-C", "index_price": 22253.1, "direction": "sell", "amount": 0.1}, {"trade_seq": 848, "trade_id": "243531365", "timestamp": 1678130302361, "tick_direction": 2, "price": 0.205, "mark_price": 0.20476251, "iv": 61.94, "instrument_name": "BTC-31MAR23-18000-C", "index_price": 22443.93, "direction": "sell", "amount": 0.1}, {"trade_seq": 847, "trade_id": "243304586", "timestamp": 1677807074126, "tick_direction": 2, "price": 0.2155, "mark_price": 0.21730811, "iv": 59.03, "instrument_name": "BTC-31MAR23-18000-C", "index_price": 22727.75, "direction": "sell", "amount": 0.1}, {"trade_seq": 846, "trade_id": "243294820", "timestamp": 1677806450780, "tick_direction": 2, "price": 0.2315, "mark_price": 0.23248894, "iv": 60.78, "instrument_name": "BTC-31MAR23-18000-C", "index_price": 23211.72, "direction": "sell", "amount": 0.1}, {"trade_seq": 845, "trade_id": "243237787", "timestamp": 1677739744561, "tick_direction": 2, "price": 0.24, "mark_price": 0.23988589, "iv": 63.63, "instrument_name": "BTC-31MAR23-18000-C", "index_price": 23438.11, "direction": "sell", "amount": 0.1}, {"trade_seq": 844, "trade_id": "243098682", "timestamp": 1677596683787, "tick_direction": 2, "price": 0.242, "mark_price": 0.2416443, "iv": 61.59, "instrument_name": "BTC-31MAR23-18000-C", "index_price": 23524.05, "direction": "sell", "amount": 1.5}, {"trade_seq": 843, "trade_id": "243096390", "timestamp": 1677595527768, "tick_direction": 1, "price": 0.2425, "mark_price": 0.24225245, "iv": 61.56, "instrument_name": "BTC-31MAR23-18000-C", "index_price": 23535.88, "direction": "sell", "amount": 1.5}, {"trade_seq": 842, "trade_id": "243095754", "timestamp": 1677595269942, "tick_direction": 0, "price": 0.2425, "mark_price": 0.2421521, "iv": 61.87, "instrument_name": "BTC-31MAR23-18000-C", "index_price": 23536.14, "direction": "sell", "amount": 0.5}, {"trade_seq": 841, "trade_id": "243095098", "timestamp": 1677595124203, "tick_direction": 0, "price": 0.24, "mark_price": 0.24008294, "iv": 60.45, "instrument_name": "BTC-31MAR23-18000-C", "index_price": 23467.4, "direction": "sell", "amount": 1.0}, {"trade_seq": 840, "trade_id": "242934309", "timestamp": 1677377360797, "tick_direction": 2, "price": 0.2288, "mark_price": 0.22837991, "iv": 58.95, "instrument_name": "BTC-31MAR23-18000-C", "index_price": 23079.8, "direction": "buy", "block_trade_id": "66147", "amount": 26.3}, {"trade_seq": 839, "trade_id": "242836120", "timestamp": 1677254488344, "tick_direction": 2, "price": 0.2375, "mark_price": 0.23808134, "iv": 61.43, "instrument_name": "BTC-31MAR23-18000-C", "index_price": 23311.44, "direction": "sell", "amount": 0.1}, {"trade_seq": 838, "trade_id": "242813078", "timestamp": 1677245823331, "tick_direction": 2, "price": 0.2515, "mark_price": 0.2518487, "iv": 62.38, "instrument_name": "BTC-31MAR23-18000-C", "index_price": 23763.48, "direction": "sell", "amount": 0.1}, {"trade_seq": 837, "trade_id": "242788227", "timestamp": 1677225183576, "tick_direction": 2, "price": 0.255, "mark_price": 0.25476473, "iv": 63.79, "instrument_name": "BTC-31MAR23-18000-C", "index_price": 23863.15, "direction": "buy", "amount": 1.0}, {"trade_seq": 836, "trade_id": "242221934", "timestamp": 1676793164675, "tick_direction": 3, "price": 0.28, "mark_price": 0.27957048, "iv": 68.58, "instrument_name": "BTC-31MAR23-18000-C", "index_price": 24590.13, "direction": "sell", "amount": 5.0}, {"trade_seq": 835, "trade_id": "242221932", "timestamp": 1676793163147, "tick_direction": 3, "price": 0.28, "mark_price": 0.27958014, "iv": 68.61, "instrument_name": "BTC-31MAR23-18000-C", "index_price": 24589.76, "direction": "sell", "amount": 3.2}, {"trade_seq": 834, "trade_id": "242221909", "timestamp": 1676793160046, "tick_direction": 3, "price": 0.28, "mark_price": 0.2796317, "iv": 68.44, "instrument_name": "BTC-31MAR23-18000-C", "index_price": 24592.46, "direction": "sell", "amount": 1.8}, {"trade_seq": 833, "trade_id": "242221835", "timestamp": 1676793125212, "tick_direction": 3, "price": 0.28, "mark_price": 0.27986127, "iv": 67.88, "instrument_name": "BTC-31MAR23-18000-C", "index_price": 24600.46, "direction": "sell", "amount": 1.5}, {"trade_seq": 832, "trade_id": "242221796", "timestamp": 1676793105393, "tick_direction": 3, "price": 0.28, "mark_price": 0.27987869, "iv": 67.86, "instrument_name": "BTC-31MAR23-18000-C", "index_price": 24600.39, "direction": "sell", "amount": 2.0}, {"trade_seq": 831, "trade_id": "242221704", "timestamp": 1676793049665, "tick_direction": 3, "price": 0.28, "mark_price": 0.27993548, "iv": 67.72, "instrument_name": "BTC-31MAR23-18000-C", "index_price": 24600.54, "direction": "sell", "amount": 1.5}, {"trade_seq": 830, "trade_id": "242221703", "timestamp": 1676793049665, "tick_direction": 3, "price": 0.28, "mark_price": 0.27993548, "iv": 67.72, "instrument_name": "BTC-31MAR23-18000-C", "index_price": 24600.54, "direction": "sell", "amount": 0.5}, {"trade_seq": 829, "trade_id": "242221690", "timestamp": 1676793045510, "tick_direction": 3, "price": 0.28, "mark_price": 0.27993803, "iv": 67.71, "instrument_name": "BTC-31MAR23-18000-C", "index_price": 24600.54, "direction": "sell", "amount": 2.4}, {"trade_seq": 828, "trade_id": "242221685", "timestamp": 1676793041377, "tick_direction": 2, "price": 0.28, "mark_price": 0.27992625, "iv": 67.74, "instrument_name": "BTC-31MAR23-18000-C", "index_price": 24600.07, "direction": "sell", "amount": 2.1}, {"trade_seq": 827, "trade_id": "242221570", "timestamp": 1676792920998, "tick_direction": 3, "price": 0.2805, "mark_price": 0.28012146, "iv": 68.52, "instrument_name": "BTC-31MAR23-18000-C", "index_price": 24604.48, "direction": "sell", "amount": 0.9}, {"trade_seq": 826, "trade_id": "242221569", "timestamp": 1676792920985, "tick_direction": 3, "price": 0.2805, "mark_price": 0.28012146, "iv": 68.52, "instrument_name": "BTC-31MAR23-18000-C", "index_price": 24604.48, "direction": "sell", "amount": 0.8}, {"trade_seq": 825, "trade_id": "242221568", "timestamp": 1676792920984, "tick_direction": 3, "price": 0.2805, "mark_price": 0.28012146, "iv": 68.52, "instrument_name": "BTC-31MAR23-18000-C", "index_price": 24604.48, "direction": "sell", "amount": 3.3}, {"trade_seq": 824, "trade_id": "242221169", "timestamp": 1676792739972, "tick_direction": 3, "price": 0.2805, "mark_price": 0.28030002, "iv": 68.15, "instrument_name": "BTC-31MAR23-18000-C", "index_price": 24601.72, "direction": "sell", "amount": 1.2}, {"trade_seq": 823, "trade_id": "242221166", "timestamp": 1676792739684, "tick_direction": 3, "price": 0.2805, "mark_price": 0.2803012, "iv": 68.15, "instrument_name": "BTC-31MAR23-18000-C", "index_price": 24604.31, "direction": "sell", "amount": 0.1}, {"trade_seq": 822, "trade_id": "242221165", "timestamp": 1676792739636, "tick_direction": 3, "price": 0.2805, "mark_price": 0.2803012, "iv": 68.15, "instrument_name": "BTC-31MAR23-18000-C", "index_price": 24604.31, "direction": "sell", "amount": 3.7}, {"trade_seq": 821, "trade_id": "242220942", "timestamp": 1676792658996, "tick_direction": 3, "price": 0.2805, "mark_price": 0.28024366, "iv": 68.29, "instrument_name": "BTC-31MAR23-18000-C", "index_price": 24605.07, "direction": "sell", "amount": 2.0}, {"trade_seq": 820, "trade_id": "242220926", "timestamp": 1676792644860, "tick_direction": 3, "price": 0.2805, "mark_price": 0.28020425, "iv": 68.39, "instrument_name": "BTC-31MAR23-18000-C", "index_price": 24604.14, "direction": "sell", "amount": 2.0}, {"trade_seq": 819, "trade_id": "242220909", "timestamp": 1676792629289, "tick_direction": 3, "price": 0.2805, "mark_price": 0.28019056, "iv": 68.42, "instrument_name": "BTC-31MAR23-18000-C", "index_price": 24603.71, "direction": "sell", "amount": 1.7}, {"trade_seq": 818, "trade_id": "242220908", "timestamp": 1676792629284, "tick_direction": 3, "price": 0.2805, "mark_price": 0.28019056, "iv": 68.42, "instrument_name": "BTC-31MAR23-18000-C", "index_price": 24603.71, "direction": "sell", "amount": 0.3}, {"trade_seq": 817, "trade_id": "242220846", "timestamp": 1676792609582, "tick_direction": 2, "price": 0.2805, "mark_price": 0.28012379, "iv": 68.58, "instrument_name": "BTC-31MAR23-18000-C", "index_price": 24600.16, "direction": "sell", "amount": 2.0}, {"trade_seq": 816, "trade_id": "242220789", "timestamp": 1676792595770, "tick_direction": 0, "price": 0.281, "mark_price": 0.28022274, "iv": 69.54, "instrument_name": "BTC-31MAR23-18000-C", "index_price": 24604.56, "direction": "sell", "amount": 2.0}, {"trade_seq": 815, "trade_id": "241987688", "timestamp": 1676595408615, "tick_direction": 3, "price": 0.2535, "mark_price": 0.25388949, "iv": 65.1, "instrument_name": "BTC-31MAR23-18000-C", "index_price": 23694.48, "direction": "buy", "amount": 1.0}, {"trade_seq": 814, "trade_id": "241987679", "timestamp": 1676595396256, "tick_direction": 3, "price": 0.2535, "mark_price": 0.25365885, "iv": 65.41, "instrument_name": "BTC-31MAR23-18000-C", "index_price": 23688.69, "direction": "buy", "amount": 0.6}, {"trade_seq": 813, "trade_id": "241987678", "timestamp": 1676595396200, "tick_direction": 3, "price": 0.2535, "mark_price": 0.25365885, "iv": 65.41, "instrument_name": "BTC-31MAR23-18000-C", "index_price": 23688.69, "direction": "buy", "amount": 0.2}, {"trade_seq": 812, "trade_id": "241987677", "timestamp": 1676595396189, "tick_direction": 3, "price": 0.2535, "mark_price": 0.25365885, "iv": 65.41, "instrument_name": "BTC-31MAR23-18000-C", "index_price": 23688.69, "direction": "buy", "amount": 0.2}, {"trade_seq": 811, "trade_id": "241987630", "timestamp": 1676595356884, "tick_direction": 2, "price": 0.2535, "mark_price": 0.25358142, "iv": 65.58, "instrument_name": "BTC-31MAR23-18000-C", "index_price": 23686.19, "direction": "buy", "amount": 2.0}, {"trade_seq": 810, "trade_id": "241987597", "timestamp": 1676595317747, "tick_direction": 3, "price": 0.254, "mark_price": 0.25381896, "iv": 66.21, "instrument_name": "BTC-31MAR23-18000-C", "index_price": 23691.19, "direction": "sell", "amount": 0.2}, {"trade_seq": 809, "trade_id": "241987592", "timestamp": 1676595308659, "tick_direction": 3, "price": 0.254, "mark_price": 0.25393864, "iv": 65.99, "instrument_name": "BTC-31MAR23-18000-C", "index_price": 23694.66, "direction": "sell", "amount": 0.3}, {"trade_seq": 808, "trade_id": "241987591", "timestamp": 1676595308652, "tick_direction": 3, "price": 0.254, "mark_price": 0.25393864, "iv": 65.99, "instrument_name": "BTC-31MAR23-18000-C", "index_price": 23694.66, "direction": "sell", "amount": 0.5}, {"trade_seq": 807, "trade_id": "241987575", "timestamp": 1676595295412, "tick_direction": 2, "price": 0.254, "mark_price": 0.25376761, "iv": 66.31, "instrument_name": "BTC-31MAR23-18000-C", "index_price": 23687.62, "direction": "sell", "amount": 1.0}, {"trade_seq": 806, "trade_id": "241916267", "timestamp": 1676569762476, "tick_direction": 1, "price": 0.2885, "mark_price": 0.28877393, "iv": 67.9, "instrument_name": "BTC-31MAR23-18000-C", "index_price": 24913.98, "direction": "buy", "amount": 1.0}, {"trade_seq": 805, "trade_id": "241916252", "timestamp": 1676569754860, "tick_direction": 0, "price": 0.2885, "mark_price": 0.28853094, "iv": 68.45, "instrument_name": "BTC-31MAR23-18000-C", "index_price": 24906.01, "direction": "buy", "amount": 1.0}, {"trade_seq": 804, "trade_id": "241914192", "timestamp": 1676568375188, "tick_direction": 0, "price": 0.287, "mark_price": 0.28746385, "iv": 67.21, "instrument_name": "BTC-31MAR23-18000-C", "index_price": 24869.14, "direction": "buy", "amount": 0.1}, {"trade_seq": 803, "trade_id": "241787442", "timestamp": 1676502256551, "tick_direction": 2, "price": 0.266, "mark_price": 0.26613846, "iv": 62.71, "instrument_name": "BTC-31MAR23-18000-C", "index_price": 24176.84, "direction": "buy", "amount": 1.0}, {"trade_seq": 802, "trade_id": "241785095", "timestamp": 1676500833363, "tick_direction": 1, "price": 0.2695, "mark_price": 0.26961574, "iv": 63.04, "instrument_name": "BTC-31MAR23-18000-C", "index_price": 24307.94, "direction": "buy", "amount": 0.7}, {"trade_seq": 801, "trade_id": "241785094", "timestamp": 1676500833361, "tick_direction": 1, "price": 0.2695, "mark_price": 0.26961574, "iv": 63.04, "instrument_name": "BTC-31MAR23-18000-C", "index_price": 24307.94, "direction": "buy", "amount": 0.2}, {"trade_seq": 800, "trade_id": "241785093", "timestamp": 1676500833350, "tick_direction": 0, "price": 0.2695, "mark_price": 0.26961574, "iv": 63.04, "instrument_name": "BTC-31MAR23-18000-C", "index_price": 24307.94, "direction": "buy", "amount": 0.1}, {"trade_seq": 799, "trade_id": "241615374", "timestamp": 1676386535865, "tick_direction": 2, "price": 0.2, "mark_price": 0.19961014, "iv": 54.91, "instrument_name": "BTC-31MAR23-18000-C", "index_price": 22113.94, "direction": "buy", "amount": 0.1}, {"trade_seq": 798, "trade_id": "241210900", "timestamp": 1675938549817, "tick_direction": 0, "price": 0.2225, "mark_price": 0.22260032, "iv": 56.33, "instrument_name": "BTC-31MAR23-18000-C", "index_price": 22710.85, "direction": "sell", "amount": 0.1}, {"trade_seq": 797, "trade_id": "241203484", "timestamp": 1675928875483, "tick_direction": 0, "price": 0.222, "mark_price": 0.2221167, "iv": 56.67, "instrument_name": "BTC-31MAR23-18000-C", "index_price": 22685.47, "direction": "buy", "amount": 0.1}, {"trade_seq": 796, "trade_id": "241182373", "timestamp": 1675912013497, "tick_direction": 1, "price": 0.2195, "mark_price": 0.21931995, "iv": 58.49, "instrument_name": "BTC-31MAR23-18000-C", "index_price": 22546.73, "direction": "buy", "amount": 15.7}, {"trade_seq": 795, "trade_id": "241182372", "timestamp": 1675912013490, "tick_direction": 0, "price": 0.2195, "mark_price": 0.21931995, "iv": 58.49, "instrument_name": "BTC-31MAR23-18000-C", "index_price": 22546.73, "direction": "buy", "amount": 15.0}, {"trade_seq": 794, "trade_id": "241182166", "timestamp": 1675911992196, "tick_direction": 3, "price": 0.2185, "mark_price": 0.21822479, "iv": 58.64, "instrument_name": "BTC-31MAR23-18000-C", "index_price": 22522.84, "direction": "buy", "amount": 0.4}, {"trade_seq": 793, "trade_id": "241182164", "timestamp": 1675911992185, "tick_direction": 3, "price": 0.2185, "mark_price": 0.21822479, "iv": 58.64, "instrument_name": "BTC-31MAR23-18000-C", "index_price": 22522.84, "direction": "buy", "amount": 0.5}, {"trade_seq": 792, "trade_id": "241182161", "timestamp": 1675911992175, "tick_direction": 3, "price": 0.2185, "mark_price": 0.21822479, "iv": 58.64, "instrument_name": "BTC-31MAR23-18000-C", "index_price": 22522.84, "direction": "buy", "amount": 0.4}, {"trade_seq": 791, "trade_id": "241182155", "timestamp": 1675911992162, "tick_direction": 3, "price": 0.2185, "mark_price": 0.21819647, "iv": 58.64, "instrument_name": "BTC-31MAR23-18000-C", "index_price": 22522.84, "direction": "buy", "amount": 0.2}, {"trade_seq": 790, "trade_id": "241182153", "timestamp": 1675911992159, "tick_direction": 2, "price": 0.2185, "mark_price": 0.21819647, "iv": 58.64, "instrument_name": "BTC-31MAR23-18000-C", "index_price": 22522.84, "direction": "buy", "amount": 15.0}, {"trade_seq": 789, "trade_id": "241180306", "timestamp": 1675911919771, "tick_direction": 2, "price": 0.222, "mark_price": 0.22169592, "iv": 58.78, "instrument_name": "BTC-31MAR23-18000-C", "index_price": 22627.05, "direction": "buy", "amount": 0.3}, {"trade_seq": 788, "trade_id": "241177198", "timestamp": 1675910761621, "tick_direction": 3, "price": 0.23, "mark_price": 0.22979441, "iv": 59.02, "instrument_name": "BTC-31MAR23-18000-C", "index_price": 22893.93, "direction": "buy", "amount": 15.0}, {"trade_seq": 787, "trade_id": "241177183", "timestamp": 1675910761006, "tick_direction": 2, "price": 0.23, "mark_price": 0.22974934, "iv": 59.08, "instrument_name": "BTC-31MAR23-18000-C", "index_price": 22892.41, "direction": "buy", "amount": 15.0}, {"trade_seq": 786, "trade_id": "241176663", "timestamp": 1675909964621, "tick_direction": 2, "price": 0.2315, "mark_price": 0.23151022, "iv": 59.25, "instrument_name": "BTC-31MAR23-18000-C", "index_price": 22936.99, "direction": "buy", "amount": 15.0}, {"trade_seq": 785, "trade_id": "240811633", "timestamp": 1675431057513, "tick_direction": 2, "price": 0.2465, "mark_price": 0.24799086, "iv": 57.88, "instrument_name": "BTC-31MAR23-18000-C", "index_price": 23361.26, "direction": "sell", "amount": 0.1}, {"trade_seq": 784, "trade_id": "240712897", "timestamp": 1675346819138, "tick_direction": 0, "price": 0.2599, "mark_price": 0.25927439, "iv": 60.38, "instrument_name": "BTC-31MAR23-18000-C", "index_price": 23783.47, "direction": "buy", "combo_id": "BTC-STRD-31MAR23-18000", "block_trade_id": "63627", "amount": 37.5}, {"trade_seq": 783, "trade_id": "240584019", "timestamp": 1675250270184, "tick_direction": 1, "price": 0.2385, "mark_price": 0.23870553, "iv": 59.21, "instrument_name": "BTC-31MAR23-18000-C", "index_price": 23034.04, "direction": "buy", "amount": 2.9}, {"trade_seq": 782, "trade_id": "240584018", "timestamp": 1675250269712, "tick_direction": 1, "price": 0.2385, "mark_price": 0.23869698, "iv": 59.21, "instrument_name": "BTC-31MAR23-18000-C", "index_price": 23034.04, "direction": "buy", "amount": 0.6}, {"trade_seq": 781, "trade_id": "240584010", "timestamp": 1675250265852, "tick_direction": 1, "price": 0.2385, "mark_price": 0.23872328, "iv": 59.16, "instrument_name": "BTC-31MAR23-18000-C", "index_price": 23035.57, "direction": "buy", "amount": 2.6}, {"trade_seq": 780, "trade_id": "240584008", "timestamp": 1675250263503, "tick_direction": 0, "price": 0.2385, "mark_price": 0.23868347, "iv": 59.12, "instrument_name": "BTC-31MAR23-18000-C", "index_price": 23037.14, "direction": "buy", "amount": 15.0}, {"trade_seq": 779, "trade_id": "240582697", "timestamp": 1675246631010, "tick_direction": 1, "price": 0.2375, "mark_price": 0.23785297, "iv": 58.81, "instrument_name": "BTC-31MAR23-18000-C", "index_price": 23009.03, "direction": "buy", "amount": 12.7}, {"trade_seq": 778, "trade_id": "240582689", "timestamp": 1675246607047, "tick_direction": 1, "price": 0.2375, "mark_price": 0.23786787, "iv": 58.78, "instrument_name": "BTC-31MAR23-18000-C", "index_price": 23010.07, "direction": "buy", "amount": 1.2}, {"trade_seq": 777, "trade_id": "240582052", "timestamp": 1675245522543, "tick_direction": 0, "price": 0.2375, "mark_price": 0.23738381, "iv": 59.31, "instrument_name": "BTC-31MAR23-18000-C", "index_price": 23000.65, "direction": "buy", "amount": 5.0}, {"trade_seq": 776, "trade_id": "240499820", "timestamp": 1675116831409, "tick_direction": 2, "price": 0.2295, "mark_price": 0.22992205, "iv": 58.17, "instrument_name": "BTC-31MAR23-18000-C", "index_price": 22729.3, "direction": "buy", "amount": 0.1}, {"trade_seq": 775, "trade_id": "240492950", "timestamp": 1675108880332, "tick_direction": 3, "price": 0.231, "mark_price": 0.23071093, "iv": 58.89, "instrument_name": "BTC-31MAR23-18000-C", "index_price": 22754.31, "direction": "sell", "amount": 0.7}, {"trade_seq": 774, "trade_id": "240492949", "timestamp": 1675108880325, "tick_direction": 3, "price": 0.231, "mark_price": 0.23071093, "iv": 58.89, "instrument_name": "BTC-31MAR23-18000-C", "index_price": 22754.31, "direction": "sell", "amount": 0.1}, {"trade_seq": 773, "trade_id": "240492946", "timestamp": 1675108880319, "tick_direction": 3, "price": 0.231, "mark_price": 0.23071093, "iv": 58.89, "instrument_name": "BTC-31MAR23-18000-C", "index_price": 22754.31, "direction": "sell", "amount": 0.1}, {"trade_seq": 772, "trade_id": "240492931", "timestamp": 1675108880258, "tick_direction": 2, "price": 0.231, "mark_price": 0.23071093, "iv": 58.89, "instrument_name": "BTC-31MAR23-18000-C", "index_price": 22754.31, "direction": "sell", "amount": 0.1}, {"trade_seq": 771, "trade_id": "240467201", "timestamp": 1675082438174, "tick_direction": 3, "price": 0.238, "mark_price": 0.23808777, "iv": 58.66, "instrument_name": "BTC-31MAR23-18000-C", "index_price": 23001.4, "direction": "sell", "amount": 0.8}, {"trade_seq": 770, "trade_id": "240467171", "timestamp": 1675082424104, "tick_direction": 2, "price": 0.238, "mark_price": 0.23837877, "iv": 58.31, "instrument_name": "BTC-31MAR23-18000-C", "index_price": 23013.52, "direction": "sell", "amount": 0.2}, {"trade_seq": 769, "trade_id": "240392348", "timestamp": 1674997809263, "tick_direction": 0, "price": 0.257, "mark_price": 0.25676832, "iv": 60.38, "instrument_name": "BTC-31MAR23-18000-C", "index_price": 23611.73, "direction": "buy", "amount": 0.1}, {"trade_seq": 768, "trade_id": "240152483", "timestamp": 1674685047362, "tick_direction": 0, "price": 0.2575, "mark_price": 0.257266, "iv": 63.7, "instrument_name": "BTC-31MAR23-18000-C", "index_price": 23465.0, "direction": "buy", "amount": 0.1}, {"trade_seq": 767, "trade_id": "240102123", "timestamp": 1674653888261, "tick_direction": 0, "price": 0.234, "mark_price": 0.23317851, "iv": 62.31, "instrument_name": "BTC-31MAR23-18000-C", "index_price": 22629.45, "direction": "sell", "amount": 3.0}, {"trade_seq": 766, "trade_id": "240098327", "timestamp": 1674648258206, "tick_direction": 0, "price": 0.2325, "mark_price": 0.23277884, "iv": 61.21, "instrument_name": "BTC-31MAR23-18000-C", "index_price": 22624.78, "direction": "buy", "amount": 0.1}, {"trade_seq": 765, "trade_id": "240097134", "timestamp": 1674646004618, "tick_direction": 2, "price": 0.231, "mark_price": 0.23248906, "iv": 59.96, "instrument_name": "BTC-31MAR23-18000-C", "index_price": 22619.99, "direction": "buy", "amount": 0.1}, {"trade_seq": 764, "trade_id": "240056574", "timestamp": 1674595275336, "tick_direction": 2, "price": 0.245, "mark_price": 0.24471852, "iv": 62.72, "instrument_name": "BTC-31MAR23-18000-C", "index_price": 23021.72, "direction": "sell", "amount": 0.1}, {"trade_seq": 763, "trade_id": "240048144", "timestamp": 1674585046025, "tick_direction": 0, "price": 0.248, "mark_price": 0.24467477, "iv": 66.4, "instrument_name": "BTC-31MAR23-18000-C", "index_price": 22989.54, "direction": "buy", "amount": 8.0}, {"trade_seq": 762, "trade_id": "240021812", "timestamp": 1674556477194, "tick_direction": 0, "price": 0.242, "mark_price": 0.24345778, "iv": 62.36, "instrument_name": "BTC-31MAR23-18000-C", "index_price": 22921.1, "direction": "buy", "amount": 0.2}, {"trade_seq": 761, "trade_id": "239950171", "timestamp": 1674485593899, "tick_direction": 1, "price": 0.247, "mark_price": 0.24640252, "iv": 63.11, "instrument_name": "BTC-31MAR23-18000-C", "index_price": 23071.42, "direction": "buy", "amount": 0.1}, {"trade_seq": 760, "trade_id": "239950040", "timestamp": 1674485581128, "tick_direction": 0, "price": 0.247, "mark_price": 0.24595418, "iv": 63.52, "instrument_name": "BTC-31MAR23-18000-C", "index_price": 23058.95, "direction": "buy", "amount": 0.9}, {"trade_seq": 759, "trade_id": "239949970", "timestamp": 1674485576455, "tick_direction": 0, "price": 0.246, "mark_price": 0.24587967, "iv": 63.28, "instrument_name": "BTC-31MAR23-18000-C", "index_price": 23031.57, "direction": "buy", "amount": 0.2}, {"trade_seq": 758, "trade_id": "239922419", "timestamp": 1674452915461, "tick_direction": 0, "price": 0.24, "mark_price": 0.23781552, "iv": 64.9, "instrument_name": "BTC-31MAR23-18000-C", "index_price": 22749.13, "direction": "sell", "amount": 0.1}, {"trade_seq": 757, "trade_id": "239904493", "timestamp": 1674420818351, "tick_direction": 2, "price": 0.225, "mark_price": 0.22490256, "iv": 60.95, "instrument_name": "BTC-31MAR23-18000-C", "index_price": 22346.99, "direction": "sell", "amount": 0.2}, {"trade_seq": 756, "trade_id": "239896867", "timestamp": 1674417437936, "tick_direction": 2, "price": 0.2365, "mark_price": 0.23699771, "iv": 60.73, "instrument_name": "BTC-31MAR23-18000-C", "index_price": 22759.96, "direction": "sell", "amount": 0.2}, {"trade_seq": 755, "trade_id": "239896759", "timestamp": 1674417398463, "tick_direction": 0, "price": 0.2375, "mark_price": 0.23774547, "iv": 60.9, "instrument_name": "BTC-31MAR23-18000-C", "index_price": 22790.28, "direction": "sell", "amount": 0.2}, {"trade_seq": 754, "trade_id": "239885971", "timestamp": 1674401015108, "tick_direction": 1, "price": 0.2365, "mark_price": 0.23693702, "iv": 60.54, "instrument_name": "BTC-31MAR23-18000-C", "index_price": 22755.17, "direction": "sell", "amount": 0.1}, {"trade_seq": 753, "trade_id": "239885970", "timestamp": 1674401015106, "tick_direction": 0, "price": 0.2365, "mark_price": 0.23693702, "iv": 60.54, "instrument_name": "BTC-31MAR23-18000-C", "index_price": 22755.17, "direction": "sell", "amount": 0.1}, {"trade_seq": 752, "trade_id": "239880886", "timestamp": 1674397088697, "tick_direction": 2, "price": 0.235, "mark_price": 0.2396426, "iv": 55.57, "instrument_name": "BTC-31MAR23-18000-C", "index_price": 22881.05, "direction": "buy", "amount": 0.1}, {"trade_seq": 751, "trade_id": "239817615", "timestamp": 1674314958601, "tick_direction": 0, "price": 0.25, "mark_price": 0.24996516, "iv": 61.08, "instrument_name": "BTC-31MAR23-18000-C", "index_price": 23199.98, "direction": "buy", "amount": 0.1}, {"trade_seq": 750, "trade_id": "239816376", "timestamp": 1674314462456, "tick_direction": 2, "price": 0.23, "mark_price": 0.24676259, "iv": 37.85, "instrument_name": "BTC-31MAR23-18000-C", "index_price": 23087.91, "direction": "buy", "amount": 0.2}, {"trade_seq": 749, "trade_id": "239811780", "timestamp": 1674308457303, "tick_direction": 0, "price": 0.24, "mark_price": 0.24201509, "iv": 58.49, "instrument_name": "BTC-31MAR23-18000-C", "index_price": 22927.16, "direction": "buy", "amount": 0.1}, {"trade_seq": 748, "trade_id": "239715506", "timestamp": 1674247132058, "tick_direction": 1, "price": 0.2185, "mark_price": 0.21709292, "iv": 58.69, "instrument_name": "BTC-31MAR23-18000-C", "index_price": 22155.59, "direction": "buy", "amount": 6.4}, {"trade_seq": 747, "trade_id": "239715505", "timestamp": 1674247132022, "tick_direction": 1, "price": 0.2185, "mark_price": 0.21709292, "iv": 58.69, "instrument_name": "BTC-31MAR23-18000-C", "index_price": 22155.59, "direction": "buy", "amount": 0.2}, {"trade_seq": 746, "trade_id": "239715467", "timestamp": 1674247131883, "tick_direction": 1, "price": 0.2185, "mark_price": 0.21709292, "iv": 58.69, "instrument_name": "BTC-31MAR23-18000-C", "index_price": 22155.59, "direction": "buy", "amount": 1.6}, {"trade_seq": 745, "trade_id": "239715442", "timestamp": 1674247131681, "tick_direction": 0, "price": 0.2185, "mark_price": 0.21709292, "iv": 58.69, "instrument_name": "BTC-31MAR23-18000-C", "index_price": 22155.59, "direction": "buy", "amount": 2.8}, {"trade_seq": 744, "trade_id": "239672049", "timestamp": 1674203189747, "tick_direction": 0, "price": 0.18, "mark_price": 0.18024326, "iv": 55.31, "instrument_name": "BTC-31MAR23-18000-C", "index_price": 20926.47, "direction": "sell", "amount": 0.2}, {"trade_seq": 743, "trade_id": "239669209", "timestamp": 1674201802430, "tick_direction": 2, "price": 0.179, "mark_price": 0.18073124, "iv": 54.1, "instrument_name": "BTC-31MAR23-18000-C", "index_price": 20958.43, "direction": "sell", "amount": 0.1}, {"trade_seq": 742, "trade_id": "239518818", "timestamp": 1674050953396, "tick_direction": 0, "price": 0.2045, "mark_price": 0.20340749, "iv": 60.37, "instrument_name": "BTC-31MAR23-18000-C", "index_price": 21531.83, "direction": "buy", "amount": 0.1}, {"trade_seq": 741, "trade_id": "239487275", "timestamp": 1674001019153, "tick_direction": 2, "price": 0.1925, "mark_price": 0.19362684, "iv": 59.31, "instrument_name": "BTC-31MAR23-18000-C", "index_price": 21133.46, "direction": "buy", "amount": 1.0}, {"trade_seq": 740, "trade_id": "239471689", "timestamp": 1673979449399, "tick_direction": 0, "price": 0.1975, "mark_price": 0.19756473, "iv": 61.01, "instrument_name": "BTC-31MAR23-18000-C", "index_price": 21228.35, "direction": "buy", "amount": 0.1}, {"trade_seq": 739, "trade_id": "239471608", "timestamp": 1673979280844, "tick_direction": 0, "price": 0.197, "mark_price": 0.19683122, "iv": 61.26, "instrument_name": "BTC-31MAR23-18000-C", "index_price": 21201.34, "direction": "buy", "amount": 0.1}, {"trade_seq": 738, "trade_id": "239469994", "timestamp": 1673976672810, "tick_direction": 2, "price": 0.195, "mark_price": 0.19484136, "iv": 60.96, "instrument_name": "BTC-31MAR23-18000-C", "index_price": 21143.24, "direction": "buy", "amount": 0.1}, {"trade_seq": 737, "trade_id": "239459879", "timestamp": 1673968480543, "tick_direction": 1, "price": 0.199, "mark_price": 0.19842255, "iv": 61.38, "instrument_name": "BTC-31MAR23-18000-C", "index_price": 21257.86, "direction": "sell", "amount": 0.1}, {"trade_seq": 736, "trade_id": "239437437", "timestamp": 1673958133624, "tick_direction": 0, "price": 0.199, "mark_price": 0.19911973, "iv": 60.49, "instrument_name": "BTC-31MAR23-18000-C", "index_price": 21304.77, "direction": "buy", "amount": 0.2}, {"trade_seq": 735, "trade_id": "239428101", "timestamp": 1673942605669, "tick_direction": 1, "price": 0.195, "mark_price": 0.19525525, "iv": 61.01, "instrument_name": "BTC-31MAR23-18000-C", "index_price": 21144.91, "direction": "buy", "amount": 0.1}, {"trade_seq": 734, "trade_id": "239428077", "timestamp": 1673942603148, "tick_direction": 1, "price": 0.195, "mark_price": 0.19521717, "iv": 61.03, "instrument_name": "BTC-31MAR23-18000-C", "index_price": 21143.06, "direction": "buy", "amount": 0.6}, {"trade_seq": 733, "trade_id": "239427451", "timestamp": 1673942213462, "tick_direction": 1, "price": 0.195, "mark_price": 0.19508762, "iv": 61.08, "instrument_name": "BTC-31MAR23-18000-C", "index_price": 21141.68, "direction": "buy", "amount": 0.6}, {"trade_seq": 732, "trade_id": "239427224", "timestamp": 1673942053022, "tick_direction": 1, "price": 0.195, "mark_price": 0.19450334, "iv": 61.5, "instrument_name": "BTC-31MAR23-18000-C", "index_price": 21129.13, "direction": "buy", "amount": 0.6}, {"trade_seq": 731, "trade_id": "239417288", "timestamp": 1673923975863, "tick_direction": 0, "price": 0.195, "mark_price": 0.1952691, "iv": 61.53, "instrument_name": "BTC-31MAR23-18000-C", "index_price": 21081.94, "direction": "buy", "amount": 3.9}, {"trade_seq": 730, "trade_id": "239411308", "timestamp": 1673917998876, "tick_direction": 2, "price": 0.191, "mark_price": 0.19138255, "iv": 62.08, "instrument_name": "BTC-31MAR23-18000-C", "index_price": 20915.25, "direction": "sell", "amount": 0.2}, {"trade_seq": 729, "trade_id": "239411040", "timestamp": 1673917982111, "tick_direction": 3, "price": 0.1915, "mark_price": 0.19168868, "iv": 62.22, "instrument_name": "BTC-31MAR23-18000-C", "index_price": 20931.57, "direction": "sell", "amount": 0.3}, {"trade_seq": 728, "trade_id": "239411039", "timestamp": 1673917982038, "tick_direction": 2, "price": 0.1915, "mark_price": 0.19168868, "iv": 62.22, "instrument_name": "BTC-31MAR23-18000-C", "index_price": 20931.57, "direction": "sell", "amount": 0.7}, {"trade_seq": 727, "trade_id": "239385670", "timestamp": 1673897590163, "tick_direction": 0, "price": 0.2035, "mark_price": 0.20392314, "iv": 63.95, "instrument_name": "BTC-31MAR23-18000-C", "index_price": 21264.1, "direction": "buy", "amount": 0.2}, {"trade_seq": 726, "trade_id": "239353447", "timestamp": 1673875567762, "tick_direction": 3, "price": 0.19, "mark_price": 0.190965, "iv": 62.71, "instrument_name": "BTC-31MAR23-18000-C", "index_price": 20849.82, "direction": "buy", "amount": 0.2}, {"trade_seq": 725, "trade_id": "239351519", "timestamp": 1673873597145, "tick_direction": 2, "price": 0.19, "mark_price": 0.19024147, "iv": 63.79, "instrument_name": "BTC-31MAR23-18000-C", "index_price": 20796.1, "direction": "sell", "amount": 0.1}, {"trade_seq": 724, "trade_id": "239340474", "timestamp": 1673858261041, "tick_direction": 2, "price": 0.1925, "mark_price": 0.19242626, "iv": 65.22, "instrument_name": "BTC-31MAR23-18000-C", "index_price": 20806.92, "direction": "buy", "amount": 0.5}, {"trade_seq": 723, "trade_id": "239310680", "timestamp": 1673835495232, "tick_direction": 0, "price": 0.203, "mark_price": 0.20240615, "iv": 64.0, "instrument_name": "BTC-31MAR23-18000-C", "index_price": 21228.28, "direction": "buy", "amount": 0.1}, {"trade_seq": 722, "trade_id": "239221996", "timestamp": 1673728885849, "tick_direction": 0, "price": 0.1875, "mark_price": 0.1876857, "iv": 60.58, "instrument_name": "BTC-31MAR23-18000-C", "index_price": 20840.12, "direction": "buy", "amount": 0.1}, {"trade_seq": 721, "trade_id": "239201598", "timestamp": 1673709403413, "tick_direction": 0, "price": 0.184, "mark_price": 0.18406816, "iv": 58.88, "instrument_name": "BTC-31MAR23-18000-C", "index_price": 20806.58, "direction": "buy", "amount": 0.1}, {"trade_seq": 720, "trade_id": "239176889", "timestamp": 1673697388362, "tick_direction": 0, "price": 0.183, "mark_price": 0.18214911, "iv": 59.55, "instrument_name": "BTC-31MAR23-18000-C", "index_price": 20726.49, "direction": "sell", "amount": 1.0}, {"trade_seq": 719, "trade_id": "239176147", "timestamp": 1673696484299, "tick_direction": 0, "price": 0.18, "mark_price": 0.18076686, "iv": 58.56, "instrument_name": "BTC-31MAR23-18000-C", "index_price": 20665.38, "direction": "buy", "amount": 1.1}, {"trade_seq": 718, "trade_id": "239172004", "timestamp": 1673693913552, "tick_direction": 0, "price": 0.1743, "mark_price": 0.17548081, "iv": 57.82, "instrument_name": "BTC-31MAR23-18000-C", "index_price": 20498.22, "direction": "sell", "block_trade_id": "61109", "amount": 100.0}, {"trade_seq": 717, "trade_id": "239170672", "timestamp": 1673692996873, "tick_direction": 3, "price": 0.1725, "mark_price": 0.17277266, "iv": 57.91, "instrument_name": "BTC-31MAR23-18000-C", "index_price": 20427.61, "direction": "buy", "amount": 0.1}, {"trade_seq": 716, "trade_id": "239170668", "timestamp": 1673692993892, "tick_direction": 3, "price": 0.1725, "mark_price": 0.17255612, "iv": 58.03, "instrument_name": "BTC-31MAR23-18000-C", "index_price": 20421.6, "direction": "buy", "amount": 0.9}, {"trade_seq": 715, "trade_id": "239170666", "timestamp": 1673692993821, "tick_direction": 3, "price": 0.1725, "mark_price": 0.17255612, "iv": 58.03, "instrument_name": "BTC-31MAR23-18000-C", "index_price": 20421.6, "direction": "buy", "amount": 0.7}, {"trade_seq": 714, "trade_id": "239170652", "timestamp": 1673692990155, "tick_direction": 2, "price": 0.1725, "mark_price": 0.17230387, "iv": 58.24, "instrument_name": "BTC-31MAR23-18000-C", "index_price": 20410.67, "direction": "buy", "amount": 0.8}, {"trade_seq": 713, "trade_id": "239150747", "timestamp": 1673686000754, "tick_direction": 0, "price": 0.1886, "mark_price": 0.18972427, "iv": 57.74, "instrument_name": "BTC-31MAR23-18000-C", "index_price": 21004.01, "direction": "sell", "combo_id": "BTC-CS-31MAR23-18000_22000", "block_trade_id": "61094", "amount": 50.0}, {"trade_seq": 712, "trade_id": "239133597", "timestamp": 1673666924554, "tick_direction": 0, "price": 0.185, "mark_price": 0.18412838, "iv": 57.94, "instrument_name": "BTC-31MAR23-18000-C", "index_price": 20877.39, "direction": "sell", "amount": 2.9}, {"trade_seq": 711, "trade_id": "239133595", "timestamp": 1673666914913, "tick_direction": 3, "price": 0.184, "mark_price": 0.18412626, "iv": 57.22, "instrument_name": "BTC-31MAR23-18000-C", "index_price": 20876.9, "direction": "buy", "amount": 0.2}, {"trade_seq": 710, "trade_id": "239133594", "timestamp": 1673666913581, "tick_direction": 2, "price": 0.184, "mark_price": 0.18414883, "iv": 57.24, "instrument_name": "BTC-31MAR23-18000-C", "index_price": 20875.93, "direction": "buy", "amount": 0.8}, {"trade_seq": 709, "trade_id": "239130306", "timestamp": 1673664312655, "tick_direction": 0, "price": 0.1872, "mark_price": 0.18551948, "iv": 58.1, "instrument_name": "BTC-31MAR23-18000-C", "index_price": 20964.95, "direction": "buy", "combo_id": "BTC-CS-31MAR23-18000_21000", "block_trade_id": "61076", "amount": 23.0}, {"trade_seq": 708, "trade_id": "239119173", "timestamp": 1673660587389, "tick_direction": 0, "price": 0.1848, "mark_price": 0.18554063, "iv": 58.13, "instrument_name": "BTC-31MAR23-18000-C", "index_price": 20876.29, "direction": "sell", "block_trade_id": "61051", "amount": 50.0}, {"trade_seq": 707, "trade_id": "239071655", "timestamp": 1673655119451, "tick_direction": 0, "price": 0.16, "mark_price": 0.15852569, "iv": 56.51, "instrument_name": "BTC-31MAR23-18000-C", "index_price": 20096.38, "direction": "buy", "amount": 0.1}, {"trade_seq": 706, "trade_id": "239071459", "timestamp": 1673655092389, "tick_direction": 0, "price": 0.158, "mark_price": 0.15744916, "iv": 55.88, "instrument_name": "BTC-31MAR23-18000-C", "index_price": 20056.6, "direction": "buy", "amount": 0.1}, {"trade_seq": 705, "trade_id": "239071440", "timestamp": 1673655087749, "tick_direction": 2, "price": 0.157, "mark_price": 0.15728266, "iv": 55.37, "instrument_name": "BTC-31MAR23-18000-C", "index_price": 20049.17, "direction": "buy", "amount": 0.1}, {"trade_seq": 704, "trade_id": "239070140", "timestamp": 1673654808161, "tick_direction": 0, "price": 0.159, "mark_price": 0.15708256, "iv": 55.61, "instrument_name": "BTC-31MAR23-18000-C", "index_price": 20086.52, "direction": "buy", "amount": 0.1}, {"trade_seq": 703, "trade_id": "239054581", "timestamp": 1673648395892, "tick_direction": 0, "price": 0.1515, "mark_price": 0.15069543, "iv": 54.12, "instrument_name": "BTC-31MAR23-18000-C", "index_price": 19916.55, "direction": "sell", "amount": 0.3}, {"trade_seq": 702, "trade_id": "239036064", "timestamp": 1673641047761, "tick_direction": 0, "price": 0.1355, "mark_price": 0.13575643, "iv": 52.47, "instrument_name": "BTC-31MAR23-18000-C", "index_price": 19426.19, "direction": "buy", "amount": 0.8}, {"trade_seq": 701, "trade_id": "239035864", "timestamp": 1673641046915, "tick_direction": 0, "price": 0.135, "mark_price": 0.13507461, "iv": 52.57, "instrument_name": "BTC-31MAR23-18000-C", "index_price": 19402.7, "direction": "buy", "amount": 0.7}, {"trade_seq": 700, "trade_id": "239035536", "timestamp": 1673640896691, "tick_direction": 1, "price": 0.1345, "mark_price": 0.13472546, "iv": 52.43, "instrument_name": "BTC-31MAR23-18000-C", "index_price": 19393.73, "direction": "buy", "amount": 0.2}, {"trade_seq": 699, "trade_id": "239035530", "timestamp": 1673640886402, "tick_direction": 1, "price": 0.1345, "mark_price": 0.13470195, "iv": 52.42, "instrument_name": "BTC-31MAR23-18000-C", "index_price": 19395.38, "direction": "buy", "amount": 0.9}, {"trade_seq": 698, "trade_id": "239035520", "timestamp": 1673640870832, "tick_direction": 0, "price": 0.1345, "mark_price": 0.1346878, "iv": 52.41, "instrument_name": "BTC-31MAR23-18000-C", "index_price": 19397.64, "direction": "buy", "amount": 1.0}, {"trade_seq": 697, "trade_id": "239035191", "timestamp": 1673640580375, "tick_direction": 2, "price": 0.133, "mark_price": 0.13319414, "iv": 52.27, "instrument_name": "BTC-31MAR23-18000-C", "index_price": 19352.45, "direction": "buy", "amount": 1.5}, {"trade_seq": 696, "trade_id": "239034582", "timestamp": 1673640060598, "tick_direction": 0, "price": 0.1335, "mark_price": 0.13319761, "iv": 52.34, "instrument_name": "BTC-31MAR23-18000-C", "index_price": 19359.96, "direction": "buy", "amount": 1.0}, {"trade_seq": 695, "trade_id": "239034307", "timestamp": 1673639888880, "tick_direction": 1, "price": 0.133, "mark_price": 0.13297209, "iv": 52.04, "instrument_name": "BTC-31MAR23-18000-C", "index_price": 19362.01, "direction": "buy", "amount": 0.5}, {"trade_seq": 694, "trade_id": "239034267", "timestamp": 1673639860179, "tick_direction": 0, "price": 0.133, "mark_price": 0.13284729, "iv": 52.05, "instrument_name": "BTC-31MAR23-18000-C", "index_price": 19362.66, "direction": "buy", "amount": 0.3}, {"trade_seq": 693, "trade_id": "239034085", "timestamp": 1673639737310, "tick_direction": 1, "price": 0.1325, "mark_price": 0.13240779, "iv": 51.97, "instrument_name": "BTC-31MAR23-18000-C", "index_price": 19346.27, "direction": "buy", "amount": 0.9}, {"trade_seq": 692, "trade_id": "239034001", "timestamp": 1673639628277, "tick_direction": 1, "price": 0.1325, "mark_price": 0.13214539, "iv": 52.02, "instrument_name": "BTC-31MAR23-18000-C", "index_price": 19346.15, "direction": "buy", "amount": 0.2}, {"trade_seq": 691, "trade_id": "239034000", "timestamp": 1673639627548, "tick_direction": 1, "price": 0.1325, "mark_price": 0.13214539, "iv": 52.02, "instrument_name": "BTC-31MAR23-18000-C", "index_price": 19346.2, "direction": "buy", "amount": 0.2}, {"trade_seq": 690, "trade_id": "239033980", "timestamp": 1673639602633, "tick_direction": 1, "price": 0.1325, "mark_price": 0.1322483, "iv": 51.93, "instrument_name": "BTC-31MAR23-18000-C", "index_price": 19347.86, "direction": "buy", "amount": 0.1}, {"trade_seq": 689, "trade_id": "239033977", "timestamp": 1673639599113, "tick_direction": 1, "price": 0.1325, "mark_price": 0.13215085, "iv": 51.97, "instrument_name": "BTC-31MAR23-18000-C", "index_price": 19344.69, "direction": "buy", "amount": 0.1}, {"trade_seq": 688, "trade_id": "239033976", "timestamp": 1673639598953, "tick_direction": 1, "price": 0.1325, "mark_price": 0.13215085, "iv": 51.97, "instrument_name": "BTC-31MAR23-18000-C", "index_price": 19344.69, "direction": "buy", "amount": 0.1}, {"trade_seq": 687, "trade_id": "239033975", "timestamp": 1673639598845, "tick_direction": 0, "price": 0.1325, "mark_price": 0.13215085, "iv": 51.97, "instrument_name": "BTC-31MAR23-18000-C", "index_price": 19344.69, "direction": "buy", "amount": 0.1}, {"trade_seq": 686, "trade_id": "239029681", "timestamp": 1673635466780, "tick_direction": 1, "price": 0.1315, "mark_price": 0.13027572, "iv": 51.76, "instrument_name": "BTC-31MAR23-18000-C", "index_price": 19327.78, "direction": "buy", "amount": 0.8}, {"trade_seq": 685, "trade_id": "239029671", "timestamp": 1673635460024, "tick_direction": 0, "price": 0.1315, "mark_price": 0.13024652, "iv": 51.78, "instrument_name": "BTC-31MAR23-18000-C", "index_price": 19327.36, "direction": "buy", "amount": 0.9}, {"trade_seq": 684, "trade_id": "239021292", "timestamp": 1673629192942, "tick_direction": 2, "price": 0.1255, "mark_price": 0.12617246, "iv": 51.31, "instrument_name": "BTC-31MAR23-18000-C", "index_price": 19132.68, "direction": "buy", "amount": 1.6}, {"trade_seq": 683, "trade_id": "239020650", "timestamp": 1673628216313, "tick_direction": 0, "price": 0.127, "mark_price": 0.12699199, "iv": 51.99, "instrument_name": "BTC-31MAR23-18000-C", "index_price": 19142.13, "direction": "sell", "amount": 5.6}, {"trade_seq": 682, "trade_id": "239020113", "timestamp": 1673627607116, "tick_direction": 3, "price": 0.126, "mark_price": 0.12612524, "iv": 51.9, "instrument_name": "BTC-31MAR23-18000-C", "index_price": 19110.04, "direction": "buy", "amount": 0.6}, {"trade_seq": 681, "trade_id": "239020111", "timestamp": 1673627607103, "tick_direction": 2, "price": 0.126, "mark_price": 0.12612524, "iv": 51.9, "instrument_name": "BTC-31MAR23-18000-C", "index_price": 19110.04, "direction": "buy", "amount": 2.9}, {"trade_seq": 680, "trade_id": "239019663", "timestamp": 1673627168526, "tick_direction": 2, "price": 0.1265, "mark_price": 0.12601333, "iv": 52.22, "instrument_name": "BTC-31MAR23-18000-C", "index_price": 19112.77, "direction": "buy", "amount": 0.6}, {"trade_seq": 679, "trade_id": "239010499", "timestamp": 1673623517213, "tick_direction": 0, "price": 0.1298, "mark_price": 0.12686012, "iv": 52.76, "instrument_name": "BTC-31MAR23-18000-C", "index_price": 19204.45, "direction": "sell", "block_trade_id": "60917", "amount": 25.0}, {"trade_seq": 678, "trade_id": "239010492", "timestamp": 1673623517148, "tick_direction": 1, "price": 0.128, "mark_price": 0.12686012, "iv": 51.69, "instrument_name": "BTC-31MAR23-18000-C", "index_price": 19204.45, "direction": "sell", "amount": 17.6}, {"trade_seq": 677, "trade_id": "239010461", "timestamp": 1673623514630, "tick_direction": 0, "price": 0.128, "mark_price": 0.12681312, "iv": 51.72, "instrument_name": "BTC-31MAR23-18000-C", "index_price": 19203.94, "direction": "sell", "amount": 32.4}, {"trade_seq": 676, "trade_id": "239003823", "timestamp": 1673622462146, "tick_direction": 0, "price": 0.1225, "mark_price": 0.12159746, "iv": 50.48, "instrument_name": "BTC-31MAR23-18000-C", "index_price": 19072.34, "direction": "buy", "amount": 4.8}, {"trade_seq": 675, "trade_id": "238984609", "timestamp": 1673605986984, "tick_direction": 0, "price": 0.1136, "mark_price": 0.11273293, "iv": 48.28, "instrument_name": "BTC-31MAR23-18000-C", "index_price": 18882.96, "direction": "buy", "combo_id": "BTC-CS-31MAR23-18000_19000", "block_trade_id": "60809", "amount": 50.0}, {"trade_seq": 674, "trade_id": "238978520", "timestamp": 1673601093672, "tick_direction": 2, "price": 0.1105, "mark_price": 0.11085876, "iv": 47.02, "instrument_name": "BTC-31MAR23-18000-C", "index_price": 18861.34, "direction": "sell", "amount": 0.6}, {"trade_seq": 673, "trade_id": "238959674", "timestamp": 1673592602026, "tick_direction": 2, "price": 0.1105, "mark_price": 0.1108542, "iv": 47.68, "instrument_name": "BTC-31MAR23-18000-C", "index_price": 18832.26, "direction": "sell", "amount": 0.4}, {"trade_seq": 672, "trade_id": "238947745", "timestamp": 1673568195311, "tick_direction": 1, "price": 0.1145, "mark_price": 0.11384169, "iv": 48.97, "instrument_name": "BTC-31MAR23-18000-C", "index_price": 18876.9, "direction": "sell", "amount": 1.9}, {"trade_seq": 671, "trade_id": "238947744", "timestamp": 1673568195310, "tick_direction": 0, "price": 0.1145, "mark_price": 0.11384169, "iv": 48.97, "instrument_name": "BTC-31MAR23-18000-C", "index_price": 18876.9, "direction": "sell", "amount": 3.5}, {"trade_seq": 670, "trade_id": "238947743", "timestamp": 1673568194736, "tick_direction": 3, "price": 0.114, "mark_price": 0.11384169, "iv": 48.68, "instrument_name": "BTC-31MAR23-18000-C", "index_price": 18876.9, "direction": "sell", "amount": 0.1}, {"trade_seq": 669, "trade_id": "238947740", "timestamp": 1673568183681, "tick_direction": 2, "price": 0.114, "mark_price": 0.11386558, "iv": 48.65, "instrument_name": "BTC-31MAR23-18000-C", "index_price": 18878.23, "direction": "sell", "amount": 0.1}, {"trade_seq": 668, "trade_id": "238943569", "timestamp": 1673561088939, "tick_direction": 2, "price": 0.114, "mark_price": 0.114134, "iv": 48.86, "instrument_name": "BTC-31MAR23-18000-C", "index_price": 18859.81, "direction": "buy", "amount": 1.0}, {"trade_seq": 667, "trade_id": "238935657", "timestamp": 1673557079277, "tick_direction": 0, "price": 0.118, "mark_price": 0.1168514, "iv": 48.67, "instrument_name": "BTC-31MAR23-18000-C", "index_price": 19008.29, "direction": "sell", "amount": 3.8}, {"trade_seq": 666, "trade_id": "238935488", "timestamp": 1673557018477, "tick_direction": 0, "price": 0.117, "mark_price": 0.11671962, "iv": 48.08, "instrument_name": "BTC-31MAR23-18000-C", "index_price": 19009.52, "direction": "sell", "amount": 2.2}, {"trade_seq": 665, "trade_id": "238929011", "timestamp": 1673553244071, "tick_direction": 2, "price": 0.1115, "mark_price": 0.11249201, "iv": 47.13, "instrument_name": "BTC-31MAR23-18000-C", "index_price": 18876.18, "direction": "sell", "amount": 1.0}, {"trade_seq": 664, "trade_id": "238926284", "timestamp": 1673552633097, "tick_direction": 1, "price": 0.1145, "mark_price": 0.11431571, "iv": 47.82, "instrument_name": "BTC-31MAR23-18000-C", "index_price": 18934.63, "direction": "sell", "amount": 0.6}, {"trade_seq": 663, "trade_id": "238926282", "timestamp": 1673552632034, "tick_direction": 1, "price": 0.1145, "mark_price": 0.11439384, "iv": 47.8, "instrument_name": "BTC-31MAR23-18000-C", "index_price": 18935.96, "direction": "sell", "amount": 0.1}, {"trade_seq": 662, "trade_id": "238926281", "timestamp": 1673552632024, "tick_direction": 0, "price": 0.1145, "mark_price": 0.11439384, "iv": 47.8, "instrument_name": "BTC-31MAR23-18000-C", "index_price": 18935.96, "direction": "sell", "amount": 0.3}, {"trade_seq": 661, "trade_id": "238922685", "timestamp": 1673551155864, "tick_direction": 2, "price": 0.1105, "mark_price": 0.11198642, "iv": 46.73, "instrument_name": "BTC-31MAR23-18000-C", "index_price": 18853.89, "direction": "sell", "amount": 0.4}, {"trade_seq": 660, "trade_id": "238922431", "timestamp": 1673550934111, "tick_direction": 0, "price": 0.1135, "mark_price": 0.11192045, "iv": 48.42, "instrument_name": "BTC-31MAR23-18000-C", "index_price": 18853.87, "direction": "buy", "amount": 1.0}, {"trade_seq": 659, "trade_id": "238913756", "timestamp": 1673547729964, "tick_direction": 1, "price": 0.112, "mark_price": 0.11121098, "iv": 47.93, "instrument_name": "BTC-31MAR23-18000-C", "index_price": 18847.35, "direction": "sell", "amount": 0.4}, {"trade_seq": 658, "trade_id": "238913755", "timestamp": 1673547729814, "tick_direction": 1, "price": 0.112, "mark_price": 0.11121098, "iv": 47.93, "instrument_name": "BTC-31MAR23-18000-C", "index_price": 18847.35, "direction": "sell", "amount": 0.2}, {"trade_seq": 657, "trade_id": "238913752", "timestamp": 1673547729695, "tick_direction": 1, "price": 0.112, "mark_price": 0.11114381, "iv": 47.93, "instrument_name": "BTC-31MAR23-18000-C", "index_price": 18847.35, "direction": "sell", "amount": 2.2}, {"trade_seq": 656, "trade_id": "238913751", "timestamp": 1673547729648, "tick_direction": 1, "price": 0.112, "mark_price": 0.11114381, "iv": 47.93, "instrument_name": "BTC-31MAR23-18000-C", "index_price": 18847.35, "direction": "sell", "amount": 0.7}, {"trade_seq": 655, "trade_id": "238913734", "timestamp": 1673547729471, "tick_direction": 0, "price": 0.112, "mark_price": 0.11114381, "iv": 47.93, "instrument_name": "BTC-31MAR23-18000-C", "index_price": 18846.75, "direction": "sell", "amount": 2.1}, {"trade_seq": 654, "trade_id": "238907199", "timestamp": 1673546416475, "tick_direction": 0, "price": 0.11, "mark_price": 0.10943019, "iv": 46.78, "instrument_name": "BTC-31MAR23-18000-C", "index_price": 18843.04, "direction": "buy", "amount": 0.2}, {"trade_seq": 653, "trade_id": "238904608", "timestamp": 1673545750794, "tick_direction": 1, "price": 0.1064, "mark_price": 0.10598767, "iv": 46.47, "instrument_name": "BTC-31MAR23-18000-C", "index_price": 18739.29, "direction": "sell", "combo_id": "BTC-CDIAG-31MAR23_13JAN23-18000_17500", "block_trade_id": "60708", "amount": 26.0}, {"trade_seq": 652, "trade_id": "238904469", "timestamp": 1673545691499, "tick_direction": 1, "price": 0.1064, "mark_price": 0.10591537, "iv": 46.54, "instrument_name": "BTC-31MAR23-18000-C", "index_price": 18736.42, "direction": "sell", "combo_id": "BTC-CDIAG-31MAR23_13JAN23-18000_17500", "block_trade_id": "60707", "amount": 13.0}, {"trade_seq": 651, "trade_id": "238904460", "timestamp": 1673545690157, "tick_direction": 1, "price": 0.1064, "mark_price": 0.10591528, "iv": 46.61, "instrument_name": "BTC-31MAR23-18000-C", "index_price": 18729.93, "direction": "sell", "combo_id": "BTC-CDIAG-31MAR23_13JAN23-18000_17500", "block_trade_id": "60706", "amount": 25.3}, {"trade_seq": 650, "trade_id": "238904204", "timestamp": 1673545630407, "tick_direction": 0, "price": 0.1064, "mark_price": 0.10585382, "iv": 46.7, "instrument_name": "BTC-31MAR23-18000-C", "index_price": 18716.39, "direction": "sell", "combo_id": "BTC-CDIAG-31MAR23_13JAN23-18000_17500", "block_trade_id": "60704", "amount": 35.7}, {"trade_seq": 649, "trade_id": "238897559", "timestamp": 1673545062337, "tick_direction": 0, "price": 0.103, "mark_price": 0.10335161, "iv": 45.68, "instrument_name": "BTC-31MAR23-18000-C", "index_price": 18648.34, "direction": "sell", "amount": 0.1}, {"trade_seq": 648, "trade_id": "238897299", "timestamp": 1673545058573, "tick_direction": 1, "price": 0.102, "mark_price": 0.10143617, "iv": 45.63, "instrument_name": "BTC-31MAR23-18000-C", "index_price": 18620.47, "direction": "buy", "amount": 0.6}, {"trade_seq": 647, "trade_id": "238897297", "timestamp": 1673545058545, "tick_direction": 1, "price": 0.102, "mark_price": 0.10143617, "iv": 46.0, "instrument_name": "BTC-31MAR23-18000-C", "index_price": 18595.82, "direction": "buy", "amount": 0.2}, {"trade_seq": 646, "trade_id": "238897294", "timestamp": 1673545058532, "tick_direction": 0, "price": 0.102, "mark_price": 0.10143617, "iv": 46.0, "instrument_name": "BTC-31MAR23-18000-C", "index_price": 18595.82, "direction": "buy", "amount": 0.2}, {"trade_seq": 645, "trade_id": "238896464", "timestamp": 1673545044800, "tick_direction": 1, "price": 0.1, "mark_price": 0.09916352, "iv": 45.67, "instrument_name": "BTC-31MAR23-18000-C", "index_price": 18544.4, "direction": "buy", "amount": 1.0}, {"trade_seq": 644, "trade_id": "238896463", "timestamp": 1673545044800, "tick_direction": 0, "price": 0.1, "mark_price": 0.09916352, "iv": 45.67, "instrument_name": "BTC-31MAR23-18000-C", "index_price": 18544.4, "direction": "buy", "amount": 0.2}, {"trade_seq": 643, "trade_id": "238886735", "timestamp": 1673537879212, "tick_direction": 0, "price": 0.088, "mark_price": 0.0881829, "iv": 45.52, "instrument_name": "BTC-31MAR23-18000-C", "index_price": 18116.78, "direction": "buy", "amount": 3.0}, {"trade_seq": 642, "trade_id": "238879558", "timestamp": 1673534412778, "tick_direction": 1, "price": 0.0875, "mark_price": 0.08731563, "iv": 45.64, "instrument_name": "BTC-31MAR23-18000-C", "index_price": 18098.04, "direction": "buy", "amount": 0.1}, {"trade_seq": 641, "trade_id": "238879009", "timestamp": 1673534176520, "tick_direction": 1, "price": 0.0875, "mark_price": 0.08733421, "iv": 45.52, "instrument_name": "BTC-31MAR23-18000-C", "index_price": 18105.73, "direction": "buy", "amount": 0.2}, {"trade_seq": 640, "trade_id": "238879005", "timestamp": 1673534176441, "tick_direction": 1, "price": 0.0875, "mark_price": 0.08733421, "iv": 45.52, "instrument_name": "BTC-31MAR23-18000-C", "index_price": 18105.73, "direction": "buy", "amount": 0.8}, {"trade_seq": 639, "trade_id": "238879004", "timestamp": 1673534176331, "tick_direction": 0, "price": 0.0875, "mark_price": 0.08733421, "iv": 45.52, "instrument_name": "BTC-31MAR23-18000-C", "index_price": 18105.73, "direction": "buy", "amount": 0.1}, {"trade_seq": 638, "trade_id": "238862435", "timestamp": 1673530428613, "tick_direction": 2, "price": 0.0865, "mark_price": 0.08803149, "iv": 45.93, "instrument_name": "BTC-31MAR23-18000-C", "index_price": 18032.67, "direction": "buy", "amount": 0.1}, {"trade_seq": 637, "trade_id": "238855579", "timestamp": 1673530201785, "tick_direction": 2, "price": 0.088, "mark_price": 0.09182227, "iv": 45.31, "instrument_name": "BTC-31MAR23-18000-C", "index_price": 18130.6, "direction": "sell", "amount": 0.1}, {"trade_seq": 636, "trade_id": "238847483", "timestamp": 1673526978607, "tick_direction": 2, "price": 0.0925, "mark_price": 0.09210448, "iv": 46.98, "instrument_name": "BTC-31MAR23-18000-C", "index_price": 18179.53, "direction": "buy", "amount": 0.1}, {"trade_seq": 635, "trade_id": "238846493", "timestamp": 1673526809510, "tick_direction": 0, "price": 0.094, "mark_price": 0.09338707, "iv": 47.09, "instrument_name": "BTC-31MAR23-18000-C", "index_price": 18246.29, "direction": "buy", "amount": 0.1}, {"trade_seq": 634, "trade_id": "238827166", "timestamp": 1673508966235, "tick_direction": 3, "price": 0.09, "mark_price": 0.08910349, "iv": 45.7, "instrument_name": "BTC-31MAR23-18000-C", "index_price": 18154.08, "direction": "sell", "amount": 0.2}, {"trade_seq": 633, "trade_id": "238827165", "timestamp": 1673508966232, "tick_direction": 3, "price": 0.09, "mark_price": 0.08910349, "iv": 45.7, "instrument_name": "BTC-31MAR23-18000-C", "index_price": 18154.08, "direction": "buy", "amount": 8.8}, {"trade_seq": 632, "trade_id": "238827164", "timestamp": 1673508966232, "tick_direction": 2, "price": 0.09, "mark_price": 0.08910349, "iv": 45.7, "instrument_name": "BTC-31MAR23-18000-C", "index_price": 18154.08, "direction": "buy", "amount": 1.0}, {"trade_seq": 631, "trade_id": "238818655", "timestamp": 1673499134246, "tick_direction": 1, "price": 0.0915, "mark_price": 0.09122106, "iv": 45.52, "instrument_name": "BTC-31MAR23-18000-C", "index_price": 18211.3, "direction": "sell", "amount": 0.1}, {"trade_seq": 630, "trade_id": "238818643", "timestamp": 1673499089689, "tick_direction": 1, "price": 0.0915, "mark_price": 0.09129394, "iv": 45.48, "instrument_name": "BTC-31MAR23-18000-C", "index_price": 18212.99, "direction": "sell", "amount": 0.1}, {"trade_seq": 629, "trade_id": "238818632", "timestamp": 1673499079308, "tick_direction": 1, "price": 0.0915, "mark_price": 0.09128622, "iv": 45.47, "instrument_name": "BTC-31MAR23-18000-C", "index_price": 18213.88, "direction": "sell", "amount": 0.1}, {"trade_seq": 628, "trade_id": "238818628", "timestamp": 1673499067945, "tick_direction": 1, "price": 0.0915, "mark_price": 0.09137087, "iv": 45.43, "instrument_name": "BTC-31MAR23-18000-C", "index_price": 18215.81, "direction": "sell", "amount": 0.1}, {"trade_seq": 627, "trade_id": "238818627", "timestamp": 1673499067934, "tick_direction": 1, "price": 0.0915, "mark_price": 0.09137087, "iv": 45.43, "instrument_name": "BTC-31MAR23-18000-C", "index_price": 18215.81, "direction": "sell", "amount": 0.1}, {"trade_seq": 626, "trade_id": "238818623", "timestamp": 1673499067692, "tick_direction": 1, "price": 0.0915, "mark_price": 0.09137087, "iv": 45.43, "instrument_name": "BTC-31MAR23-18000-C", "index_price": 18215.81, "direction": "sell", "amount": 0.1}, {"trade_seq": 625, "trade_id": "238818622", "timestamp": 1673499067108, "tick_direction": 1, "price": 0.0915, "mark_price": 0.09137087, "iv": 45.42, "instrument_name": "BTC-31MAR23-18000-C", "index_price": 18215.97, "direction": "sell", "amount": 0.1}, {"trade_seq": 624, "trade_id": "238818621", "timestamp": 1673499066569, "tick_direction": 1, "price": 0.0915, "mark_price": 0.09138061, "iv": 45.42, "instrument_name": "BTC-31MAR23-18000-C", "index_price": 18215.97, "direction": "sell", "amount": 0.4}, {"trade_seq": 623, "trade_id": "238818620", "timestamp": 1673499066569, "tick_direction": 0, "price": 0.0915, "mark_price": 0.09138061, "iv": 45.42, "instrument_name": "BTC-31MAR23-18000-C", "index_price": 18215.97, "direction": "sell", "amount": 3.9}, {"trade_seq": 622, "trade_id": "238814182", "timestamp": 1673494410664, "tick_direction": 3, "price": 0.0905, "mark_price": 0.09094394, "iv": 45.17, "instrument_name": "BTC-31MAR23-18000-C", "index_price": 18216.14, "direction": "sell", "amount": 0.1}, {"trade_seq": 621, "trade_id": "238810187", "timestamp": 1673491698092, "tick_direction": 1, "price": 0.094, "mark_price": 0.09454974, "iv": 45.2, "instrument_name": "BTC-31MAR23-18000-C", "index_price": 18347.72, "direction": "sell", "amount": 0.1}, {"trade_seq": 620, "trade_id": "238810186", "timestamp": 1673491698086, "tick_direction": 1, "price": 0.094, "mark_price": 0.09454974, "iv": 45.2, "instrument_name": "BTC-31MAR23-18000-C", "index_price": 18347.72, "direction": "sell", "amount": 0.3}, {"trade_seq": 619, "trade_id": "238810185", "timestamp": 1673491698081, "tick_direction": 1, "price": 0.094, "mark_price": 0.09454974, "iv": 45.2, "instrument_name": "BTC-31MAR23-18000-C", "index_price": 18347.72, "direction": "sell", "amount": 0.2}, {"trade_seq": 618, "trade_id": "238810183", "timestamp": 1673491698066, "tick_direction": 1, "price": 0.094, "mark_price": 0.09454974, "iv": 45.2, "instrument_name": "BTC-31MAR23-18000-C", "index_price": 18347.72, "direction": "sell", "amount": 0.1}, {"trade_seq": 617, "trade_id": "238810181", "timestamp": 1673491698055, "tick_direction": 1, "price": 0.094, "mark_price": 0.09454974, "iv": 45.2, "instrument_name": "BTC-31MAR23-18000-C", "index_price": 18347.72, "direction": "sell", "amount": 0.7}, {"trade_seq": 616, "trade_id": "238810168", "timestamp": 1673491698009, "tick_direction": 1, "price": 0.094, "mark_price": 0.09454974, "iv": 45.2, "instrument_name": "BTC-31MAR23-18000-C", "index_price": 18347.72, "direction": "sell", "amount": 0.1}, {"trade_seq": 615, "trade_id": "238810166", "timestamp": 1673491697996, "tick_direction": 1, "price": 0.094, "mark_price": 0.09454974, "iv": 45.2, "instrument_name": "BTC-31MAR23-18000-C", "index_price": 18347.72, "direction": "sell", "amount": 0.2}, {"trade_seq": 614, "trade_id": "238810165", "timestamp": 1673491697989, "tick_direction": 1, "price": 0.094, "mark_price": 0.09454974, "iv": 45.2, "instrument_name": "BTC-31MAR23-18000-C", "index_price": 18347.72, "direction": "sell", "amount": 0.1}, {"trade_seq": 613, "trade_id": "238810164", "timestamp": 1673491697985, "tick_direction": 1, "price": 0.094, "mark_price": 0.09454974, "iv": 45.2, "instrument_name": "BTC-31MAR23-18000-C", "index_price": 18347.72, "direction": "sell", "amount": 0.2}, {"trade_seq": 612, "trade_id": "238810162", "timestamp": 1673491697977, "tick_direction": 0, "price": 0.094, "mark_price": 0.09454974, "iv": 45.2, "instrument_name": "BTC-31MAR23-18000-C", "index_price": 18347.72, "direction": "sell", "amount": 0.1}, {"trade_seq": 611, "trade_id": "238809907", "timestamp": 1673491695555, "tick_direction": 0, "price": 0.0935, "mark_price": 0.09286069, "iv": 45.36, "instrument_name": "BTC-31MAR23-18000-C", "index_price": 18320.54, "direction": "sell", "amount": 0.2}, {"trade_seq": 610, "trade_id": "238807560", "timestamp": 1673489704591, "tick_direction": 0, "price": 0.0904, "mark_price": 0.09172427, "iv": 44.58, "instrument_name": "BTC-31MAR23-18000-C", "index_price": 18262.41, "direction": "buy", "combo_id": "BTC-CDIAG-31MAR23_27JAN23-18000_17000", "block_trade_id": "60576", "amount": 31.0}, {"trade_seq": 609, "trade_id": "238805501", "timestamp": 1673488221158, "tick_direction": 1, "price": 0.09, "mark_price": 0.09002435, "iv": 45.01, "instrument_name": "BTC-31MAR23-18000-C", "index_price": 18220.29, "direction": "buy", "amount": 0.1}, {"trade_seq": 608, "trade_id": "238804137", "timestamp": 1673486757231, "tick_direction": 0, "price": 0.09, "mark_price": 0.0894735, "iv": 45.32, "instrument_name": "BTC-31MAR23-18000-C", "index_price": 18201.11, "direction": "buy", "amount": 0.1}, {"trade_seq": 607, "trade_id": "238804049", "timestamp": 1673486715815, "tick_direction": 0, "price": 0.0895, "mark_price": 0.08890306, "iv": 45.34, "instrument_name": "BTC-31MAR23-18000-C", "index_price": 18180.11, "direction": "sell", "amount": 0.1}, {"trade_seq": 606, "trade_id": "238797146", "timestamp": 1673484940725, "tick_direction": 0, "price": 0.084, "mark_price": 0.08312465, "iv": 43.33, "instrument_name": "BTC-31MAR23-18000-C", "index_price": 18130.73, "direction": "buy", "amount": 1.7}, {"trade_seq": 605, "trade_id": "238795726", "timestamp": 1673484865585, "tick_direction": 1, "price": 0.081, "mark_price": 0.08079033, "iv": 43.28, "instrument_name": "BTC-31MAR23-18000-C", "index_price": 17998.37, "direction": "buy", "amount": 1.7}, {"trade_seq": 604, "trade_id": "238795713", "timestamp": 1673484865556, "tick_direction": 0, "price": 0.081, "mark_price": 0.08079033, "iv": 43.28, "instrument_name": "BTC-31MAR23-18000-C", "index_price": 17998.37, "direction": "buy", "amount": 1.9}, {"trade_seq": 603, "trade_id": "238795218", "timestamp": 1673484760135, "tick_direction": 1, "price": 0.08, "mark_price": 0.08012212, "iv": 43.14, "instrument_name": "BTC-31MAR23-18000-C", "index_price": 17969.99, "direction": "buy", "amount": 1.7}, {"trade_seq": 602, "trade_id": "238795211", "timestamp": 1673484760097, "tick_direction": 1, "price": 0.08, "mark_price": 0.08012212, "iv": 43.14, "instrument_name": "BTC-31MAR23-18000-C", "index_price": 17969.99, "direction": "buy", "amount": 1.7}, {"trade_seq": 601, "trade_id": "238795039", "timestamp": 1673484705213, "tick_direction": 1, "price": 0.08, "mark_price": 0.07994174, "iv": 43.29, "instrument_name": "BTC-31MAR23-18000-C", "index_price": 17960.26, "direction": "buy", "amount": 0.4}, {"trade_seq": 600, "trade_id": "238795038", "timestamp": 1673484705213, "tick_direction": 1, "price": 0.08, "mark_price": 0.07994174, "iv": 43.29, "instrument_name": "BTC-31MAR23-18000-C", "index_price": 17960.26, "direction": "buy", "amount": 1.6}, {"trade_seq": 599, "trade_id": "238794461", "timestamp": 1673484506573, "tick_direction": 0, "price": 0.08, "mark_price": 0.08029457, "iv": 43.26, "instrument_name": "BTC-31MAR23-18000-C", "index_price": 17960.51, "direction": "sell", "amount": 1.0}, {"trade_seq": 598, "trade_id": "238794298", "timestamp": 1673484326899, "tick_direction": 3, "price": 0.0795, "mark_price": 0.07985852, "iv": 43.27, "instrument_name": "BTC-31MAR23-18000-C", "index_price": 17942.46, "direction": "sell", "amount": 0.1}, {"trade_seq": 597, "trade_id": "238794218", "timestamp": 1673484250215, "tick_direction": 3, "price": 0.0795, "mark_price": 0.07986202, "iv": 43.28, "instrument_name": "BTC-31MAR23-18000-C", "index_price": 17939.6, "direction": "sell", "amount": 0.1}, {"trade_seq": 596, "trade_id": "238794217", "timestamp": 1673484250202, "tick_direction": 2, "price": 0.0795, "mark_price": 0.07986202, "iv": 43.28, "instrument_name": "BTC-31MAR23-18000-C", "index_price": 17939.6, "direction": "sell", "amount": 0.1}, {"trade_seq": 595, "trade_id": "238787097", "timestamp": 1673480541059, "tick_direction": 2, "price": 0.0845, "mark_price": 0.08479619, "iv": 46.34, "instrument_name": "BTC-31MAR23-18000-C", "index_price": 17921.85, "direction": "buy", "amount": 1.0}, {"trade_seq": 594, "trade_id": "238786244", "timestamp": 1673480340259, "tick_direction": 1, "price": 0.085, "mark_price": 0.08538058, "iv": 46.39, "instrument_name": "BTC-31MAR23-18000-C", "index_price": 17943.56, "direction": "sell", "amount": 0.1}, {"trade_seq": 593, "trade_id": "238786243", "timestamp": 1673480340249, "tick_direction": 1, "price": 0.085, "mark_price": 0.08538058, "iv": 46.39, "instrument_name": "BTC-31MAR23-18000-C", "index_price": 17943.56, "direction": "sell", "amount": 0.1}, {"trade_seq": 592, "trade_id": "238786241", "timestamp": 1673480340238, "tick_direction": 1, "price": 0.085, "mark_price": 0.08538058, "iv": 46.39, "instrument_name": "BTC-31MAR23-18000-C", "index_price": 17943.56, "direction": "sell", "amount": 0.2}, {"trade_seq": 591, "trade_id": "238786240", "timestamp": 1673480340229, "tick_direction": 1, "price": 0.085, "mark_price": 0.08538058, "iv": 46.39, "instrument_name": "BTC-31MAR23-18000-C", "index_price": 17943.56, "direction": "sell", "amount": 0.2}, {"trade_seq": 590, "trade_id": "238786239", "timestamp": 1673480340216, "tick_direction": 0, "price": 0.085, "mark_price": 0.08538058, "iv": 46.39, "instrument_name": "BTC-31MAR23-18000-C", "index_price": 17943.56, "direction": "sell", "amount": 0.4}, {"trade_seq": 589, "trade_id": "238782248", "timestamp": 1673480009158, "tick_direction": 0, "price": 0.0845, "mark_price": 0.08434842, "iv": 46.73, "instrument_name": "BTC-31MAR23-18000-C", "index_price": 17881.66, "direction": "buy", "amount": 0.1}, {"trade_seq": 588, "trade_id": "238780686", "timestamp": 1673479958603, "tick_direction": 0, "price": 0.08, "mark_price": 0.07961863, "iv": 46.73, "instrument_name": "BTC-31MAR23-18000-C", "index_price": 17724.7, "direction": "buy", "amount": 0.2}, {"trade_seq": 587, "trade_id": "238775181", "timestamp": 1673473347859, "tick_direction": 0, "price": 0.076, "mark_price": 0.07566668, "iv": 46.78, "instrument_name": "BTC-31MAR23-18000-C", "index_price": 17553.46, "direction": "sell", "amount": 0.1}, {"trade_seq": 586, "trade_id": "238772975", "timestamp": 1673467261470, "tick_direction": 0, "price": 0.0755, "mark_price": 0.0754514, "iv": 46.39, "instrument_name": "BTC-31MAR23-18000-C", "index_price": 17567.03, "direction": "buy", "amount": 0.8}, {"trade_seq": 585, "trade_id": "238772472", "timestamp": 1673466314471, "tick_direction": 1, "price": 0.075, "mark_price": 0.07499883, "iv": 46.3, "instrument_name": "BTC-31MAR23-18000-C", "index_price": 17548.4, "direction": "buy", "amount": 0.3}, {"trade_seq": 584, "trade_id": "238772471", "timestamp": 1673466314350, "tick_direction": 0, "price": 0.075, "mark_price": 0.07499883, "iv": 46.3, "instrument_name": "BTC-31MAR23-18000-C", "index_price": 17548.4, "direction": "sell", "amount": 0.7}, {"trade_seq": 583, "trade_id": "238771123", "timestamp": 1673464693290, "tick_direction": 0, "price": 0.074, "mark_price": 0.07425837, "iv": 46.02, "instrument_name": "BTC-31MAR23-18000-C", "index_price": 17531.6, "direction": "buy", "amount": 2.0}, {"trade_seq": 582, "trade_id": "238769835", "timestamp": 1673462134346, "tick_direction": 0, "price": 0.073, "mark_price": 0.07308394, "iv": 46.17, "instrument_name": "BTC-31MAR23-18000-C", "index_price": 17473.98, "direction": "sell", "amount": 1.0}, {"trade_seq": 581, "trade_id": "238764591", "timestamp": 1673452474937, "tick_direction": 2, "price": 0.0681, "mark_price": 0.06910618, "iv": 45.4, "instrument_name": "BTC-31MAR23-18000-C", "index_price": 17326.23, "direction": "sell", "block_trade_id": "60498", "amount": 250.0}, {"trade_seq": 580, "trade_id": "238757581", "timestamp": 1673438849439, "tick_direction": 2, "price": 0.071, "mark_price": 0.07155726, "iv": 45.57, "instrument_name": "BTC-31MAR23-18000-C", "index_price": 17430.19, "direction": "sell", "amount": 0.1}, {"trade_seq": 579, "trade_id": "238754954", "timestamp": 1673427766427, "tick_direction": 1, "price": 0.0725, "mark_price": 0.07177088, "iv": 46.03, "instrument_name": "BTC-31MAR23-18000-C", "index_price": 17452.04, "direction": "buy", "amount": 3.1}, {"trade_seq": 578, "trade_id": "238754953", "timestamp": 1673427766427, "tick_direction": 0, "price": 0.0725, "mark_price": 0.07177088, "iv": 46.03, "instrument_name": "BTC-31MAR23-18000-C", "index_price": 17452.04, "direction": "buy", "amount": 1.7}, {"trade_seq": 577, "trade_id": "238752766", "timestamp": 1673422775925, "tick_direction": 3, "price": 0.072, "mark_price": 0.07169497, "iv": 45.74, "instrument_name": "BTC-31MAR23-18000-C", "index_price": 17450.33, "direction": "sell", "amount": 0.1}, {"trade_seq": 576, "trade_id": "238752763", "timestamp": 1673422775608, "tick_direction": 3, "price": 0.072, "mark_price": 0.07171484, "iv": 45.74, "instrument_name": "BTC-31MAR23-18000-C", "index_price": 17450.33, "direction": "sell", "amount": 0.9}, {"trade_seq": 575, "trade_id": "238752659", "timestamp": 1673422668619, "tick_direction": 3, "price": 0.072, "mark_price": 0.07165811, "iv": 45.73, "instrument_name": "BTC-31MAR23-18000-C", "index_price": 17453.02, "direction": "buy", "amount": 1.0}, {"trade_seq": 574, "trade_id": "238747901", "timestamp": 1673402791613, "tick_direction": 3, "price": 0.072, "mark_price": 0.07191506, "iv": 45.83, "instrument_name": "BTC-31MAR23-18000-C", "index_price": 17444.95, "direction": "buy", "amount": 1.7}, {"trade_seq": 573, "trade_id": "238747852", "timestamp": 1673402556877, "tick_direction": 2, "price": 0.072, "mark_price": 0.07222781, "iv": 45.62, "instrument_name": "BTC-31MAR23-18000-C", "index_price": 17461.04, "direction": "buy", "amount": 0.2}, {"trade_seq": 572, "trade_id": "238740846", "timestamp": 1673382201588, "tick_direction": 1, "price": 0.0725, "mark_price": 0.07243039, "iv": 45.59, "instrument_name": "BTC-31MAR23-18000-C", "index_price": 17480.55, "direction": "buy", "amount": 0.1}, {"trade_seq": 571, "trade_id": "238740844", "timestamp": 1673382201542, "tick_direction": 1, "price": 0.0725, "mark_price": 0.07243039, "iv": 45.59, "instrument_name": "BTC-31MAR23-18000-C", "index_price": 17480.55, "direction": "buy", "amount": 0.2}, {"trade_seq": 570, "trade_id": "238740465", "timestamp": 1673382064079, "tick_direction": 0, "price": 0.0725, "mark_price": 0.07249401, "iv": 45.56, "instrument_name": "BTC-31MAR23-18000-C", "index_price": 17490.5, "direction": "buy", "amount": 0.1}, {"trade_seq": 569, "trade_id": "238739013", "timestamp": 1673380566305, "tick_direction": 1, "price": 0.0715, "mark_price": 0.07148123, "iv": 45.41, "instrument_name": "BTC-31MAR23-18000-C", "index_price": 17450.5, "direction": "sell", "amount": 0.9}, {"trade_seq": 568, "trade_id": "238738925", "timestamp": 1673380394053, "tick_direction": 1, "price": 0.0715, "mark_price": 0.07110168, "iv": 45.59, "instrument_name": "BTC-31MAR23-18000-C", "index_price": 17435.42, "direction": "buy", "amount": 0.5}, {"trade_seq": 567, "trade_id": "238738893", "timestamp": 1673380291501, "tick_direction": 0, "price": 0.0715, "mark_price": 0.07121976, "iv": 45.52, "instrument_name": "BTC-31MAR23-18000-C", "index_price": 17442.6, "direction": "buy", "amount": 1.0}, {"trade_seq": 566, "trade_id": "238738644", "timestamp": 1673379666422, "tick_direction": 0, "price": 0.071, "mark_price": 0.07080628, "iv": 45.34, "instrument_name": "BTC-31MAR23-18000-C", "index_price": 17434.33, "direction": "sell", "amount": 0.5}, {"trade_seq": 565, "trade_id": "238727617", "timestamp": 1673362071372, "tick_direction": 1, "price": 0.0665, "mark_price": 0.06644902, "iv": 45.31, "instrument_name": "BTC-31MAR23-18000-C", "index_price": 17246.15, "direction": "sell", "amount": 0.5}, {"trade_seq": 564, "trade_id": "238727353", "timestamp": 1673361822229, "tick_direction": 0, "price": 0.0665, "mark_price": 0.06682492, "iv": 45.1, "instrument_name": "BTC-31MAR23-18000-C", "index_price": 17261.59, "direction": "sell", "amount": 0.2}, {"trade_seq": 563, "trade_id": "238718258", "timestamp": 1673339257099, "tick_direction": 0, "price": 0.0651, "mark_price": 0.0657077, "iv": 44.49, "instrument_name": "BTC-31MAR23-18000-C", "index_price": 17246.5, "direction": "buy", "combo_id": "BTC-CS-31MAR23-18000_22000", "block_trade_id": "60385", "amount": 22.0}, {"trade_seq": 562, "trade_id": "238715909", "timestamp": 1673334621816, "tick_direction": 2, "price": 0.065, "mark_price": 0.06513443, "iv": 44.98, "instrument_name": "BTC-31MAR23-18000-C", "index_price": 17205.18, "direction": "sell", "amount": 5.0}, {"trade_seq": 561, "trade_id": "238714786", "timestamp": 1673324199133, "tick_direction": 0, "price": 0.066, "mark_price": 0.06548702, "iv": 45.45, "instrument_name": "BTC-31MAR23-18000-C", "index_price": 17202.82, "direction": "buy", "amount": 0.1}, {"trade_seq": 560, "trade_id": "238712728", "timestamp": 1673313383515, "tick_direction": 3, "price": 0.065, "mark_price": 0.06583012, "iv": 44.84, "instrument_name": "BTC-31MAR23-18000-C", "index_price": 17210.39, "direction": "sell", "amount": 0.3}, {"trade_seq": 559, "trade_id": "238712727", "timestamp": 1673313383515, "tick_direction": 2, "price": 0.065, "mark_price": 0.06583012, "iv": 44.84, "instrument_name": "BTC-31MAR23-18000-C", "index_price": 17210.39, "direction": "sell", "amount": 9.7}, {"trade_seq": 558, "trade_id": "238708067", "timestamp": 1673298055251, "tick_direction": 2, "price": 0.066, "mark_price": 0.0661376, "iv": 45.38, "instrument_name": "BTC-31MAR23-18000-C", "index_price": 17209.38, "direction": "sell", "amount": 0.5}, {"trade_seq": 557, "trade_id": "238704788", "timestamp": 1673294331117, "tick_direction": 2, "price": 0.0685, "mark_price": 0.06846474, "iv": 45.36, "instrument_name": "BTC-31MAR23-18000-C", "index_price": 17308.29, "direction": "buy", "amount": 0.1}, {"trade_seq": 556, "trade_id": "238702828", "timestamp": 1673289571735, "tick_direction": 1, "price": 0.07, "mark_price": 0.0698976, "iv": 45.52, "instrument_name": "BTC-31MAR23-18000-C", "index_price": 17352.99, "direction": "buy", "amount": 0.1}, {"trade_seq": 555, "trade_id": "238702827", "timestamp": 1673289570764, "tick_direction": 0, "price": 0.07, "mark_price": 0.06990898, "iv": 45.52, "instrument_name": "BTC-31MAR23-18000-C", "index_price": 17352.92, "direction": "buy", "amount": 3.6}, {"trade_seq": 554, "trade_id": "238698408", "timestamp": 1673282170242, "tick_direction": 0, "price": 0.0685, "mark_price": 0.06883257, "iv": 45.14, "instrument_name": "BTC-31MAR23-18000-C", "index_price": 17329.22, "direction": "sell", "amount": 0.1}, {"trade_seq": 553, "trade_id": "238695540", "timestamp": 1673279148468, "tick_direction": 1, "price": 0.068, "mark_price": 0.06810234, "iv": 45.35, "instrument_name": "BTC-31MAR23-18000-C", "index_price": 17289.43, "direction": "buy", "amount": 0.1}, {"trade_seq": 552, "trade_id": "238695517", "timestamp": 1673279135610, "tick_direction": 1, "price": 0.068, "mark_price": 0.06806458, "iv": 45.37, "instrument_name": "BTC-31MAR23-18000-C", "index_price": 17289.39, "direction": "buy", "amount": 0.2}, {"trade_seq": 551, "trade_id": "238695516", "timestamp": 1673279135594, "tick_direction": 1, "price": 0.068, "mark_price": 0.06806458, "iv": 45.37, "instrument_name": "BTC-31MAR23-18000-C", "index_price": 17289.39, "direction": "buy", "amount": 0.2}, {"trade_seq": 550, "trade_id": "238695515", "timestamp": 1673279135592, "tick_direction": 1, "price": 0.068, "mark_price": 0.06806458, "iv": 45.37, "instrument_name": "BTC-31MAR23-18000-C", "index_price": 17289.39, "direction": "buy", "amount": 0.2}, {"trade_seq": 549, "trade_id": "238695478", "timestamp": 1673279121803, "tick_direction": 1, "price": 0.068, "mark_price": 0.06795685, "iv": 45.43, "instrument_name": "BTC-31MAR23-18000-C", "index_price": 17291.19, "direction": "buy", "amount": 1.2}, {"trade_seq": 548, "trade_id": "238695470", "timestamp": 1673279121574, "tick_direction": 1, "price": 0.068, "mark_price": 0.06795685, "iv": 45.43, "instrument_name": "BTC-31MAR23-18000-C", "index_price": 17291.19, "direction": "buy", "amount": 0.3}, {"trade_seq": 547, "trade_id": "238695469", "timestamp": 1673279121562, "tick_direction": 1, "price": 0.068, "mark_price": 0.06795685, "iv": 45.43, "instrument_name": "BTC-31MAR23-18000-C", "index_price": 17291.19, "direction": "buy", "amount": 0.1}, {"trade_seq": 546, "trade_id": "238695458", "timestamp": 1673279121501, "tick_direction": 1, "price": 0.068, "mark_price": 0.06795685, "iv": 45.43, "instrument_name": "BTC-31MAR23-18000-C", "index_price": 17291.19, "direction": "buy", "amount": 0.9}, {"trade_seq": 545, "trade_id": "238695453", "timestamp": 1673279121298, "tick_direction": 1, "price": 0.068, "mark_price": 0.06794824, "iv": 45.43, "instrument_name": "BTC-31MAR23-18000-C", "index_price": 17287.63, "direction": "buy", "amount": 0.5}, {"trade_seq": 544, "trade_id": "238695452", "timestamp": 1673279121213, "tick_direction": 1, "price": 0.068, "mark_price": 0.06794824, "iv": 45.43, "instrument_name": "BTC-31MAR23-18000-C", "index_price": 17287.63, "direction": "buy", "amount": 0.4}, {"trade_seq": 543, "trade_id": "238695430", "timestamp": 1673279115247, "tick_direction": 1, "price": 0.068, "mark_price": 0.06794334, "iv": 45.43, "instrument_name": "BTC-31MAR23-18000-C", "index_price": 17287.96, "direction": "buy", "amount": 0.2}, {"trade_seq": 542, "trade_id": "238695429", "timestamp": 1673279115230, "tick_direction": 1, "price": 0.068, "mark_price": 0.06794334, "iv": 45.43, "instrument_name": "BTC-31MAR23-18000-C", "index_price": 17287.96, "direction": "buy", "amount": 0.3}, {"trade_seq": 541, "trade_id": "238695428", "timestamp": 1673279115222, "tick_direction": 1, "price": 0.068, "mark_price": 0.06794334, "iv": 45.43, "instrument_name": "BTC-31MAR23-18000-C", "index_price": 17287.96, "direction": "buy", "amount": 17.4}, {"trade_seq": 540, "trade_id": "238695427", "timestamp": 1673279115222, "tick_direction": 0, "price": 0.068, "mark_price": 0.06794334, "iv": 45.43, "instrument_name": "BTC-31MAR23-18000-C", "index_price": 17287.96, "direction": "buy", "amount": 0.2}, {"trade_seq": 539, "trade_id": "238692008", "timestamp": 1673272600938, "tick_direction": 3, "price": 0.0665, "mark_price": 0.06713501, "iv": 45.19, "instrument_name": "BTC-31MAR23-18000-C", "index_price": 17224.9, "direction": "sell", "amount": 0.1}, {"trade_seq": 538, "trade_id": "238692007", "timestamp": 1673272600827, "tick_direction": 2, "price": 0.0665, "mark_price": 0.06713501, "iv": 45.18, "instrument_name": "BTC-31MAR23-18000-C", "index_price": 17225.43, "direction": "sell", "amount": 0.1}, {"trade_seq": 537, "trade_id": "238691036", "timestamp": 1673271838658, "tick_direction": 2, "price": 0.0675, "mark_price": 0.0683832, "iv": 45.04, "instrument_name": "BTC-31MAR23-18000-C", "index_price": 17280.97, "direction": "sell", "amount": 3.0}, {"trade_seq": 536, "trade_id": "238690995", "timestamp": 1673271686292, "tick_direction": 1, "price": 0.068, "mark_price": 0.0685047, "iv": 45.33, "instrument_name": "BTC-31MAR23-18000-C", "index_price": 17278.58, "direction": "sell", "amount": 1.0}, {"trade_seq": 535, "trade_id": "238690990", "timestamp": 1673271674784, "tick_direction": 1, "price": 0.068, "mark_price": 0.06849403, "iv": 45.34, "instrument_name": "BTC-31MAR23-18000-C", "index_price": 17278.51, "direction": "buy", "amount": 3.2}, {"trade_seq": 534, "trade_id": "238690989", "timestamp": 1673271674782, "tick_direction": 0, "price": 0.068, "mark_price": 0.06849403, "iv": 45.34, "instrument_name": "BTC-31MAR23-18000-C", "index_price": 17278.51, "direction": "sell", "amount": 0.8}, {"trade_seq": 533, "trade_id": "238690314", "timestamp": 1673269269268, "tick_direction": 3, "price": 0.0675, "mark_price": 0.06809567, "iv": 45.5, "instrument_name": "BTC-31MAR23-18000-C", "index_price": 17249.38, "direction": "sell", "amount": 0.3}, {"trade_seq": 532, "trade_id": "238690313", "timestamp": 1673269269268, "tick_direction": 2, "price": 0.0675, "mark_price": 0.06809567, "iv": 45.5, "instrument_name": "BTC-31MAR23-18000-C", "index_price": 17249.38, "direction": "sell", "amount": 0.7}, {"trade_seq": 531, "trade_id": "238689631", "timestamp": 1673266966508, "tick_direction": 0, "price": 0.069, "mark_price": 0.06911831, "iv": 46.41, "instrument_name": "BTC-31MAR23-18000-C", "index_price": 17244.99, "direction": "sell", "amount": 1.0}, {"trade_seq": 530, "trade_id": "238689583", "timestamp": 1673266816184, "tick_direction": 2, "price": 0.0685, "mark_price": 0.06932321, "iv": 46.12, "instrument_name": "BTC-31MAR23-18000-C", "index_price": 17243.32, "direction": "sell", "amount": 5.0}, {"trade_seq": 529, "trade_id": "238689484", "timestamp": 1673266548408, "tick_direction": 2, "price": 0.069, "mark_price": 0.069491, "iv": 46.39, "instrument_name": "BTC-31MAR23-18000-C", "index_price": 17246.46, "direction": "sell", "amount": 1.0}, {"trade_seq": 528, "trade_id": "238689048", "timestamp": 1673264220586, "tick_direction": 1, "price": 0.0705, "mark_price": 0.07003675, "iv": 46.93, "instrument_name": "BTC-31MAR23-18000-C", "index_price": 17262.88, "direction": "buy", "amount": 1.0}, {"trade_seq": 527, "trade_id": "238688983", "timestamp": 1673263643414, "tick_direction": 0, "price": 0.0705, "mark_price": 0.07000863, "iv": 46.89, "instrument_name": "BTC-31MAR23-18000-C", "index_price": 17264.16, "direction": "buy", "amount": 1.0}, {"trade_seq": 526, "trade_id": "238688669", "timestamp": 1673262090736, "tick_direction": 1, "price": 0.07, "mark_price": 0.07006531, "iv": 46.6, "instrument_name": "BTC-31MAR23-18000-C", "index_price": 17265.59, "direction": "buy", "amount": 7.5}, {"trade_seq": 525, "trade_id": "238688646", "timestamp": 1673261883512, "tick_direction": 1, "price": 0.07, "mark_price": 0.0701048, "iv": 46.64, "instrument_name": "BTC-31MAR23-18000-C", "index_price": 17261.01, "direction": "buy", "amount": 1.8}, {"trade_seq": 524, "trade_id": "238688645", "timestamp": 1673261877910, "tick_direction": 1, "price": 0.07, "mark_price": 0.07009948, "iv": 46.65, "instrument_name": "BTC-31MAR23-18000-C", "index_price": 17260.93, "direction": "buy", "amount": 0.1}, {"trade_seq": 523, "trade_id": "238688644", "timestamp": 1673261873934, "tick_direction": 1, "price": 0.07, "mark_price": 0.07010554, "iv": 46.65, "instrument_name": "BTC-31MAR23-18000-C", "index_price": 17260.98, "direction": "sell", "amount": 0.6}, {"trade_seq": 522, "trade_id": "238686510", "timestamp": 1673257768979, "tick_direction": 1, "price": 0.07, "mark_price": 0.06983813, "iv": 46.82, "instrument_name": "BTC-31MAR23-18000-C", "index_price": 17245.17, "direction": "buy", "amount": 0.8}, {"trade_seq": 521, "trade_id": "238686496", "timestamp": 1673257727035, "tick_direction": 1, "price": 0.07, "mark_price": 0.06985039, "iv": 46.81, "instrument_name": "BTC-31MAR23-18000-C", "index_price": 17247.91, "direction": "buy", "amount": 5.0}, {"trade_seq": 520, "trade_id": "238685958", "timestamp": 1673257072652, "tick_direction": 1, "price": 0.07, "mark_price": 0.07017417, "iv": 46.77, "instrument_name": "BTC-31MAR23-18000-C", "index_price": 17251.4, "direction": "buy", "amount": 0.5}, {"trade_seq": 519, "trade_id": "238685948", "timestamp": 1673257071547, "tick_direction": 1, "price": 0.07, "mark_price": 0.07001354, "iv": 46.85, "instrument_name": "BTC-31MAR23-18000-C", "index_price": 17244.62, "direction": "buy", "amount": 0.4}, {"trade_seq": 518, "trade_id": "238685940", "timestamp": 1673257071422, "tick_direction": 1, "price": 0.07, "mark_price": 0.07001354, "iv": 46.85, "instrument_name": "BTC-31MAR23-18000-C", "index_price": 17244.62, "direction": "buy", "amount": 0.1}, {"trade_seq": 517, "trade_id": "238685926", "timestamp": 1673257071207, "tick_direction": 1, "price": 0.07, "mark_price": 0.07001354, "iv": 46.85, "instrument_name": "BTC-31MAR23-18000-C", "index_price": 17244.62, "direction": "buy", "amount": 0.2}, {"trade_seq": 516, "trade_id": "238685923", "timestamp": 1673257071131, "tick_direction": 1, "price": 0.07, "mark_price": 0.07001015, "iv": 46.85, "instrument_name": "BTC-31MAR23-18000-C", "index_price": 17244.62, "direction": "buy", "amount": 0.1}, {"trade_seq": 515, "trade_id": "238685895", "timestamp": 1673257065672, "tick_direction": 1, "price": 0.07, "mark_price": 0.06994223, "iv": 46.85, "instrument_name": "BTC-31MAR23-18000-C", "index_price": 17245.02, "direction": "buy", "amount": 0.2}, {"trade_seq": 514, "trade_id": "238685859", "timestamp": 1673257055314, "tick_direction": 1, "price": 0.07, "mark_price": 0.06992488, "iv": 46.9, "instrument_name": "BTC-31MAR23-18000-C", "index_price": 17241.66, "direction": "buy", "amount": 0.1}, {"trade_seq": 513, "trade_id": "238685858", "timestamp": 1673257055307, "tick_direction": 1, "price": 0.07, "mark_price": 0.06992488, "iv": 46.9, "instrument_name": "BTC-31MAR23-18000-C", "index_price": 17241.66, "direction": "buy", "amount": 0.1}, {"trade_seq": 512, "trade_id": "238685834", "timestamp": 1673256990465, "tick_direction": 1, "price": 0.07, "mark_price": 0.06990721, "iv": 46.92, "instrument_name": "BTC-31MAR23-18000-C", "index_price": 17240.51, "direction": "buy", "amount": 0.1}, {"trade_seq": 511, "trade_id": "238685818", "timestamp": 1673256931675, "tick_direction": 1, "price": 0.07, "mark_price": 0.06996173, "iv": 46.91, "instrument_name": "BTC-31MAR23-18000-C", "index_price": 17241.36, "direction": "buy", "amount": 0.4}, {"trade_seq": 510, "trade_id": "238685710", "timestamp": 1673256807932, "tick_direction": 1, "price": 0.07, "mark_price": 0.07009031, "iv": 46.87, "instrument_name": "BTC-31MAR23-18000-C", "index_price": 17242.96, "direction": "buy", "amount": 0.1}, {"trade_seq": 509, "trade_id": "238685709", "timestamp": 1673256807926, "tick_direction": 1, "price": 0.07, "mark_price": 0.07009031, "iv": 46.87, "instrument_name": "BTC-31MAR23-18000-C", "index_price": 17242.96, "direction": "buy", "amount": 0.1}, {"trade_seq": 508, "trade_id": "238685703", "timestamp": 1673256807612, "tick_direction": 1, "price": 0.07, "mark_price": 0.07007021, "iv": 46.87, "instrument_name": "BTC-31MAR23-18000-C", "index_price": 17242.96, "direction": "buy", "amount": 2.4}, {"trade_seq": 507, "trade_id": "238685595", "timestamp": 1673256650728, "tick_direction": 0, "price": 0.07, "mark_price": 0.0697908, "iv": 47.08, "instrument_name": "BTC-31MAR23-18000-C", "index_price": 17231.66, "direction": "buy", "amount": 0.3}, {"trade_seq": 506, "trade_id": "238683801", "timestamp": 1673253958568, "tick_direction": 3, "price": 0.0695, "mark_price": 0.06944601, "iv": 46.85, "instrument_name": "BTC-31MAR23-18000-C", "index_price": 17223.51, "direction": "buy", "amount": 8.1}, {"trade_seq": 505, "trade_id": "238683064", "timestamp": 1673252733147, "tick_direction": 3, "price": 0.0695, "mark_price": 0.06937219, "iv": 47.01, "instrument_name": "BTC-31MAR23-18000-C", "index_price": 17206.07, "direction": "buy", "amount": 0.2}, {"trade_seq": 504, "trade_id": "238683063", "timestamp": 1673252733142, "tick_direction": 3, "price": 0.0695, "mark_price": 0.06937219, "iv": 47.01, "instrument_name": "BTC-31MAR23-18000-C", "index_price": 17206.07, "direction": "buy", "amount": 0.2}, {"trade_seq": 503, "trade_id": "238682995", "timestamp": 1673252684618, "tick_direction": 3, "price": 0.0695, "mark_price": 0.0693371, "iv": 47.04, "instrument_name": "BTC-31MAR23-18000-C", "index_price": 17204.99, "direction": "buy", "amount": 0.1}, {"trade_seq": 502, "trade_id": "238682955", "timestamp": 1673252582240, "tick_direction": 3, "price": 0.0695, "mark_price": 0.0692731, "iv": 47.08, "instrument_name": "BTC-31MAR23-18000-C", "index_price": 17204.52, "direction": "buy", "amount": 0.6}, {"trade_seq": 501, "trade_id": "238682935", "timestamp": 1673252544995, "tick_direction": 3, "price": 0.0695, "mark_price": 0.06919777, "iv": 47.11, "instrument_name": "BTC-31MAR23-18000-C", "index_price": 17203.1, "direction": "buy", "amount": 0.6}