{"trades": [{"trade_seq": 143, "trade_id": "248754858", "timestamp": 1680086597782, "tick_direction": 3, "price": 0.0005, "mark_price": 0.0, "iv": 887.32, "instrument_name": "BTC-31MAR23-200000-C", "index_price": 28378.08, "direction": "buy", "amount": 0.1}, {"trade_seq": 142, "trade_id": "236355597", "timestamp": 1668873662441, "tick_direction": 3, "price": 0.0005, "mark_price": 6.209e-05, "iv": 130.5, "instrument_name": "BTC-31MAR23-200000-C", "index_price": 16644.3, "direction": "buy", "amount": 3.0}, {"trade_seq": 141, "trade_id": "235152002", "timestamp": 1668092883850, "tick_direction": 3, "price": 0.0005, "mark_price": 4.614e-05, "iv": 123.03, "instrument_name": "BTC-31MAR23-200000-C", "index_price": 17801.55, "direction": "buy", "amount": 5.0}, {"trade_seq": 140, "trade_id": "233512475", "timestamp": 1667506580269, "tick_direction": 3, "price": 0.0005, "mark_price": 0.00010567, "iv": 114.64, "instrument_name": "BTC-31MAR23-200000-C", "index_price": 20227.85, "direction": "sell", "amount": 0.2}, {"trade_seq": 139, "trade_id": "229346385", "timestamp": 1663365270225, "tick_direction": 3, "price": 0.0005, "mark_price": 0.0007721, "iv": 100.53, "instrument_name": "BTC-31MAR23-200000-C", "index_price": 19724.29, "direction": "sell", "amount": 0.5}, {"trade_seq": 138, "trade_id": "229281965", "timestamp": 1663294221386, "tick_direction": 2, "price": 0.0005, "mark_price": 0.0007896, "iv": 100.33, "instrument_name": "BTC-31MAR23-200000-C", "index_price": 19728.44, "direction": "sell", "amount": 1.5}, {"trade_seq": 137, "trade_id": "229183601", "timestamp": 1663189125084, "tick_direction": 0, "price": 0.001, "mark_price": 0.00082236, "iv": 105.7, "instrument_name": "BTC-31MAR23-200000-C", "index_price": 19946.38, "direction": "buy", "amount": 1.5}, {"trade_seq": 136, "trade_id": "229179650", "timestamp": 1663182985870, "tick_direction": 3, "price": 0.0005, "mark_price": 0.00079659, "iv": 99.95, "instrument_name": "BTC-31MAR23-200000-C", "index_price": 19769.78, "direction": "sell", "amount": 5.0}, {"trade_seq": 135, "trade_id": "228540254", "timestamp": 1662639386730, "tick_direction": 3, "price": 0.0005, "mark_price": 0.00058991, "iv": 99.1, "instrument_name": "BTC-31MAR23-200000-C", "index_price": 19359.71, "direction": "buy", "amount": 0.4}, {"trade_seq": 134, "trade_id": "228482137", "timestamp": 1662558139933, "tick_direction": 3, "price": 0.0005, "mark_price": 0.00054586, "iv": 99.74, "instrument_name": "BTC-31MAR23-200000-C", "index_price": 18924.89, "direction": "sell", "amount": 0.1}, {"trade_seq": 133, "trade_id": "228449813", "timestamp": 1662513984048, "tick_direction": 3, "price": 0.0005, "mark_price": 0.0006931, "iv": 99.8, "instrument_name": "BTC-31MAR23-200000-C", "index_price": 18820.9, "direction": "buy", "amount": 0.9}, {"trade_seq": 132, "trade_id": "228449812", "timestamp": 1662513984044, "tick_direction": 3, "price": 0.0005, "mark_price": 0.0006931, "iv": 99.8, "instrument_name": "BTC-31MAR23-200000-C", "index_price": 18820.9, "direction": "sell", "amount": 0.1}, {"trade_seq": 131, "trade_id": "228449811", "timestamp": 1662513984044, "tick_direction": 2, "price": 0.0005, "mark_price": 0.0006931, "iv": 99.8, "instrument_name": "BTC-31MAR23-200000-C", "index_price": 18820.9, "direction": "sell", "amount": 1.0}, {"trade_seq": 130, "trade_id": "228318263", "timestamp": 1662448886170, "tick_direction": 3, "price": 0.001, "mark_price": 0.00069427, "iv": 103.46, "instrument_name": "BTC-31MAR23-200000-C", "index_price": 19922.69, "direction": "buy", "amount": 1.8}, {"trade_seq": 129, "trade_id": "228318262", "timestamp": 1662448884104, "tick_direction": 3, "price": 0.001, "mark_price": 0.00069501, "iv": 103.46, "instrument_name": "BTC-31MAR23-200000-C", "index_price": 19922.55, "direction": "buy", "amount": 2.5}, {"trade_seq": 128, "trade_id": "228318260", "timestamp": 1662448882490, "tick_direction": 3, "price": 0.001, "mark_price": 0.00069535, "iv": 103.46, "instrument_name": "BTC-31MAR23-200000-C", "index_price": 19923.09, "direction": "buy", "amount": 2.5}, {"trade_seq": 127, "trade_id": "228318257", "timestamp": 1662448877399, "tick_direction": 3, "price": 0.001, "mark_price": 0.00069699, "iv": 103.46, "instrument_name": "BTC-31MAR23-200000-C", "index_price": 19922.17, "direction": "buy", "amount": 2.5}, {"trade_seq": 126, "trade_id": "228318256", "timestamp": 1662448873348, "tick_direction": 3, "price": 0.001, "mark_price": 0.0006986, "iv": 103.46, "instrument_name": "BTC-31MAR23-200000-C", "index_price": 19923.14, "direction": "sell", "amount": 2.5}, {"trade_seq": 125, "trade_id": "228318234", "timestamp": 1662448848721, "tick_direction": 2, "price": 0.001, "mark_price": 0.00069797, "iv": 103.47, "instrument_name": "BTC-31MAR23-200000-C", "index_price": 19913.52, "direction": "sell", "amount": 2.5}, {"trade_seq": 124, "trade_id": "227116843", "timestamp": 1660990484292, "tick_direction": 3, "price": 0.002, "mark_price": 0.00284029, "iv": 103.76, "instrument_name": "BTC-31MAR23-200000-C", "index_price": 21193.08, "direction": "sell", "amount": 20.0}, {"trade_seq": 123, "trade_id": "227031750", "timestamp": 1660920948607, "tick_direction": 2, "price": 0.002, "mark_price": 0.00245748, "iv": 103.28, "instrument_name": "BTC-31MAR23-200000-C", "index_price": 21350.34, "direction": "sell", "amount": 19.1}, {"trade_seq": 122, "trade_id": "226715466", "timestamp": 1660688090551, "tick_direction": 2, "price": 0.0035, "mark_price": 0.00275068, "iv": 104.29, "instrument_name": "BTC-31MAR23-200000-C", "index_price": 23910.54, "direction": "buy", "amount": 11.7}, {"trade_seq": 121, "trade_id": "226715465", "timestamp": 1660688090498, "tick_direction": 0, "price": 0.006, "mark_price": 0.00275068, "iv": 111.04, "instrument_name": "BTC-31MAR23-200000-C", "index_price": 23910.54, "direction": "buy", "amount": 1.4}, {"trade_seq": 120, "trade_id": "226715464", "timestamp": 1660688090498, "tick_direction": 0, "price": 0.004, "mark_price": 0.00275068, "iv": 105.86, "instrument_name": "BTC-31MAR23-200000-C", "index_price": 23910.54, "direction": "buy", "amount": 1.0}, {"trade_seq": 119, "trade_id": "226715463", "timestamp": 1660688090498, "tick_direction": 0, "price": 0.0035, "mark_price": 0.00275068, "iv": 104.29, "instrument_name": "BTC-31MAR23-200000-C", "index_price": 23910.54, "direction": "buy", "amount": 5.0}, {"trade_seq": 118, "trade_id": "226678929", "timestamp": 1660657378512, "tick_direction": 0, "price": 0.0025, "mark_price": 0.00246597, "iv": 100.36, "instrument_name": "BTC-31MAR23-200000-C", "index_price": 23963.23, "direction": "sell", "amount": 9.2}, {"trade_seq": 117, "trade_id": "226530065", "timestamp": 1660482979846, "tick_direction": 3, "price": 0.002, "mark_price": 0.0025094, "iv": 96.79, "instrument_name": "BTC-31MAR23-200000-C", "index_price": 24470.56, "direction": "sell", "amount": 18.0}, {"trade_seq": 116, "trade_id": "226436099", "timestamp": 1660335753482, "tick_direction": 3, "price": 0.002, "mark_price": 0.00248903, "iv": 96.97, "instrument_name": "BTC-31MAR23-200000-C", "index_price": 24124.76, "direction": "sell", "amount": 17.9}, {"trade_seq": 115, "trade_id": "226421516", "timestamp": 1660321376626, "tick_direction": 3, "price": 0.002, "mark_price": 0.0024425, "iv": 97.03, "instrument_name": "BTC-31MAR23-200000-C", "index_price": 24041.21, "direction": "sell", "amount": 23.4}, {"trade_seq": 114, "trade_id": "226309481", "timestamp": 1660221286198, "tick_direction": 2, "price": 0.002, "mark_price": 0.00254673, "iv": 96.02, "instrument_name": "BTC-31MAR23-200000-C", "index_price": 24572.96, "direction": "sell", "amount": 18.0}, {"trade_seq": 113, "trade_id": "225343811", "timestamp": 1659217652186, "tick_direction": 0, "price": 0.0025, "mark_price": 0.00259261, "iv": 96.72, "instrument_name": "BTC-31MAR23-200000-C", "index_price": 23932.25, "direction": "sell", "amount": 1.0}, {"trade_seq": 112, "trade_id": "224572577", "timestamp": 1658823953417, "tick_direction": 3, "price": 0.002, "mark_price": 0.00251039, "iv": 98.42, "instrument_name": "BTC-31MAR23-200000-C", "index_price": 21054.0, "direction": "sell", "amount": 19.9}, {"trade_seq": 111, "trade_id": "224306581", "timestamp": 1658617918430, "tick_direction": 3, "price": 0.002, "mark_price": 0.00296892, "iv": 95.54, "instrument_name": "BTC-31MAR23-200000-C", "index_price": 22515.81, "direction": "sell", "amount": 0.4}, {"trade_seq": 110, "trade_id": "224306565", "timestamp": 1658617879134, "tick_direction": 2, "price": 0.002, "mark_price": 0.00295943, "iv": 95.55, "instrument_name": "BTC-31MAR23-200000-C", "index_price": 22517.61, "direction": "sell", "amount": 0.5}, {"trade_seq": 109, "trade_id": "223525059", "timestamp": 1658227487000, "tick_direction": 0, "price": 0.0025, "mark_price": 0.00257091, "iv": 97.67, "instrument_name": "BTC-31MAR23-200000-C", "index_price": 22046.78, "direction": "buy", "amount": 3.3}, {"trade_seq": 108, "trade_id": "223405670", "timestamp": 1658173041173, "tick_direction": 3, "price": 0.002, "mark_price": 0.00246023, "iv": 95.92, "instrument_name": "BTC-31MAR23-200000-C", "index_price": 21655.17, "direction": "sell", "amount": 19.5}, {"trade_seq": 107, "trade_id": "223207931", "timestamp": 1658052736309, "tick_direction": 3, "price": 0.002, "mark_price": 0.00257606, "iv": 96.29, "instrument_name": "BTC-31MAR23-200000-C", "index_price": 21311.6, "direction": "sell", "amount": 26.1}, {"trade_seq": 106, "trade_id": "222821313", "timestamp": 1657726271714, "tick_direction": 3, "price": 0.002, "mark_price": 0.00244879, "iv": 98.63, "instrument_name": "BTC-31MAR23-200000-C", "index_price": 19494.91, "direction": "sell", "amount": 17.2}, {"trade_seq": 105, "trade_id": "222821312", "timestamp": 1657726271714, "tick_direction": 2, "price": 0.002, "mark_price": 0.00244879, "iv": 98.63, "instrument_name": "BTC-31MAR23-200000-C", "index_price": 19494.91, "direction": "sell", "amount": 2.0}, {"trade_seq": 104, "trade_id": "222101968", "timestamp": 1657080617445, "tick_direction": 3, "price": 0.0025, "mark_price": 0.00272231, "iv": 98.34, "instrument_name": "BTC-31MAR23-200000-C", "index_price": 20055.52, "direction": "sell", "amount": 0.1}, {"trade_seq": 103, "trade_id": "222101967", "timestamp": 1657080617445, "tick_direction": 3, "price": 0.0025, "mark_price": 0.00272231, "iv": 98.34, "instrument_name": "BTC-31MAR23-200000-C", "index_price": 20055.52, "direction": "sell", "amount": 0.1}, {"trade_seq": 102, "trade_id": "222101966", "timestamp": 1657080617445, "tick_direction": 3, "price": 0.0025, "mark_price": 0.00272231, "iv": 98.34, "instrument_name": "BTC-31MAR23-200000-C", "index_price": 20055.52, "direction": "sell", "amount": 1.6}, {"trade_seq": 101, "trade_id": "222101905", "timestamp": 1657080606352, "tick_direction": 3, "price": 0.0025, "mark_price": 0.00279269, "iv": 98.28, "instrument_name": "BTC-31MAR23-200000-C", "index_price": 20093.93, "direction": "sell", "amount": 10.4}, {"trade_seq": 100, "trade_id": "222101904", "timestamp": 1657080606343, "tick_direction": 3, "price": 0.0025, "mark_price": 0.00279269, "iv": 98.28, "instrument_name": "BTC-31MAR23-200000-C", "index_price": 20093.93, "direction": "sell", "amount": 10.4}, {"trade_seq": 99, "trade_id": "222099293", "timestamp": 1657079571496, "tick_direction": 3, "price": 0.0025, "mark_price": 0.00274776, "iv": 98.64, "instrument_name": "BTC-31MAR23-200000-C", "index_price": 19932.52, "direction": "sell", "amount": 10.6}, {"trade_seq": 98, "trade_id": "222095932", "timestamp": 1657076261388, "tick_direction": 3, "price": 0.0025, "mark_price": 0.00274216, "iv": 98.76, "instrument_name": "BTC-31MAR23-200000-C", "index_price": 19856.13, "direction": "sell", "amount": 12.6}, {"trade_seq": 97, "trade_id": "221976501", "timestamp": 1657019147858, "tick_direction": 3, "price": 0.0025, "mark_price": 0.00296928, "iv": 98.86, "instrument_name": "BTC-31MAR23-200000-C", "index_price": 19730.37, "direction": "sell", "amount": 19.4}, {"trade_seq": 96, "trade_id": "221482679", "timestamp": 1656617019538, "tick_direction": 3, "price": 0.0025, "mark_price": 0.00319095, "iv": 99.42, "instrument_name": "BTC-31MAR23-200000-C", "index_price": 18961.51, "direction": "sell", "amount": 17.5}, {"trade_seq": 95, "trade_id": "221278674", "timestamp": 1656491423586, "tick_direction": 3, "price": 0.0025, "mark_price": 0.00324066, "iv": 97.29, "instrument_name": "BTC-31MAR23-200000-C", "index_price": 20044.31, "direction": "sell", "amount": 17.5}, {"trade_seq": 94, "trade_id": "221278673", "timestamp": 1656491423586, "tick_direction": 2, "price": 0.0025, "mark_price": 0.00324066, "iv": 97.29, "instrument_name": "BTC-31MAR23-200000-C", "index_price": 20044.31, "direction": "sell", "amount": 2.0}, {"trade_seq": 93, "trade_id": "220585508", "timestamp": 1655909548136, "tick_direction": 2, "price": 0.003, "mark_price": 0.00397851, "iv": 97.02, "instrument_name": "BTC-31MAR23-200000-C", "index_price": 20682.77, "direction": "sell", "amount": 10.7}, {"trade_seq": 92, "trade_id": "220511761", "timestamp": 1655869833381, "tick_direction": 3, "price": 0.0035, "mark_price": 0.00318897, "iv": 99.2, "instrument_name": "BTC-31MAR23-200000-C", "index_price": 20260.83, "direction": "sell", "amount": 0.5}, {"trade_seq": 91, "trade_id": "220511738", "timestamp": 1655869821310, "tick_direction": 2, "price": 0.0035, "mark_price": 0.00319263, "iv": 99.19, "instrument_name": "BTC-31MAR23-200000-C", "index_price": 20265.92, "direction": "sell", "amount": 0.5}, {"trade_seq": 90, "trade_id": "220344379", "timestamp": 1655774656967, "tick_direction": 1, "price": 0.004, "mark_price": 0.00359256, "iv": 99.68, "instrument_name": "BTC-31MAR23-200000-C", "index_price": 20659.41, "direction": "sell", "amount": 0.1}, {"trade_seq": 89, "trade_id": "220343960", "timestamp": 1655774200827, "tick_direction": 0, "price": 0.004, "mark_price": 0.00358589, "iv": 99.67, "instrument_name": "BTC-31MAR23-200000-C", "index_price": 20661.54, "direction": "sell", "amount": 0.1}, {"trade_seq": 88, "trade_id": "220026909", "timestamp": 1655640615581, "tick_direction": 2, "price": 0.0035, "mark_price": 0.0033264, "iv": 99.58, "instrument_name": "BTC-31MAR23-200000-C", "index_price": 19724.66, "direction": "sell", "amount": 0.1}, {"trade_seq": 87, "trade_id": "220020981", "timestamp": 1655637727966, "tick_direction": 0, "price": 0.004, "mark_price": 0.00351647, "iv": 101.12, "instrument_name": "BTC-31MAR23-200000-C", "index_price": 19668.54, "direction": "sell", "amount": 0.1}, {"trade_seq": 86, "trade_id": "219855570", "timestamp": 1655589380297, "tick_direction": 3, "price": 0.003, "mark_price": 0.00375704, "iv": 99.95, "instrument_name": "BTC-31MAR23-200000-C", "index_price": 18495.9, "direction": "buy", "amount": 1.0}, {"trade_seq": 85, "trade_id": "219855569", "timestamp": 1655589380256, "tick_direction": 3, "price": 0.003, "mark_price": 0.00375704, "iv": 99.95, "instrument_name": "BTC-31MAR23-200000-C", "index_price": 18495.9, "direction": "sell", "amount": 2.0}, {"trade_seq": 84, "trade_id": "219855568", "timestamp": 1655589380256, "tick_direction": 3, "price": 0.003, "mark_price": 0.00375704, "iv": 99.95, "instrument_name": "BTC-31MAR23-200000-C", "index_price": 18495.9, "direction": "sell", "amount": 2.0}, {"trade_seq": 83, "trade_id": "219734313", "timestamp": 1655556291715, "tick_direction": 3, "price": 0.003, "mark_price": 0.00355399, "iv": 98.79, "instrument_name": "BTC-31MAR23-200000-C", "index_price": 19145.62, "direction": "sell", "amount": 0.1}, {"trade_seq": 82, "trade_id": "219734312", "timestamp": 1655556291715, "tick_direction": 2, "price": 0.003, "mark_price": 0.00355399, "iv": 98.79, "instrument_name": "BTC-31MAR23-200000-C", "index_price": 19145.62, "direction": "sell", "amount": 0.3}, {"trade_seq": 81, "trade_id": "219543771", "timestamp": 1655478088555, "tick_direction": 2, "price": 0.0035, "mark_price": 0.00340401, "iv": 97.96, "instrument_name": "BTC-31MAR23-200000-C", "index_price": 20503.2, "direction": "sell", "amount": 2.0}, {"trade_seq": 80, "trade_id": "218913993", "timestamp": 1655285260939, "tick_direction": 0, "price": 0.0045, "mark_price": 0.0038505, "iv": 101.02, "instrument_name": "BTC-31MAR23-200000-C", "index_price": 20103.95, "direction": "buy", "amount": 0.6}, {"trade_seq": 79, "trade_id": "218835599", "timestamp": 1655268940505, "tick_direction": 1, "price": 0.004, "mark_price": 0.00381522, "iv": 97.73, "instrument_name": "BTC-31MAR23-200000-C", "index_price": 21165.92, "direction": "sell", "amount": 1.0}, {"trade_seq": 78, "trade_id": "218835568", "timestamp": 1655268932884, "tick_direction": 0, "price": 0.004, "mark_price": 0.00381964, "iv": 97.72, "instrument_name": "BTC-31MAR23-200000-C", "index_price": 21179.25, "direction": "sell", "amount": 1.0}, {"trade_seq": 77, "trade_id": "218245118", "timestamp": 1655140404533, "tick_direction": 3, "price": 0.003, "mark_price": 0.00252913, "iv": 90.72, "instrument_name": "BTC-31MAR23-200000-C", "index_price": 23452.02, "direction": "sell", "amount": 12.0}, {"trade_seq": 76, "trade_id": "218220172", "timestamp": 1655136519473, "tick_direction": 3, "price": 0.003, "mark_price": 0.00377745, "iv": 90.94, "instrument_name": "BTC-31MAR23-200000-C", "index_price": 23387.3, "direction": "sell", "amount": 11.0}, {"trade_seq": 75, "trade_id": "217986289", "timestamp": 1655103213510, "tick_direction": 3, "price": 0.003, "mark_price": 0.00444718, "iv": 88.31, "instrument_name": "BTC-31MAR23-200000-C", "index_price": 25212.12, "direction": "sell", "amount": 1.0}, {"trade_seq": 74, "trade_id": "217942680", "timestamp": 1655093055722, "tick_direction": 3, "price": 0.003, "mark_price": 0.00435879, "iv": 87.86, "instrument_name": "BTC-31MAR23-200000-C", "index_price": 25481.57, "direction": "sell", "amount": 1.0}, {"trade_seq": 73, "trade_id": "217862819", "timestamp": 1655079038848, "tick_direction": 3, "price": 0.003, "mark_price": 0.00370024, "iv": 86.37, "instrument_name": "BTC-31MAR23-200000-C", "index_price": 26624.05, "direction": "sell", "amount": 1.0}, {"trade_seq": 72, "trade_id": "217735943", "timestamp": 1655028417446, "tick_direction": 3, "price": 0.003, "mark_price": 0.00380514, "iv": 85.24, "instrument_name": "BTC-31MAR23-200000-C", "index_price": 27395.93, "direction": "sell", "amount": 2.0}, {"trade_seq": 71, "trade_id": "217691033", "timestamp": 1655002248201, "tick_direction": 3, "price": 0.003, "mark_price": 0.00454428, "iv": 84.95, "instrument_name": "BTC-31MAR23-200000-C", "index_price": 27577.55, "direction": "sell", "amount": 2.0}, {"trade_seq": 70, "trade_id": "217669719", "timestamp": 1654990844858, "tick_direction": 3, "price": 0.003, "mark_price": 0.00384709, "iv": 84.06, "instrument_name": "BTC-31MAR23-200000-C", "index_price": 28237.03, "direction": "sell", "amount": 3.0}, {"trade_seq": 69, "trade_id": "217593022", "timestamp": 1654948815606, "tick_direction": 3, "price": 0.003, "mark_price": 0.00348527, "iv": 83.41, "instrument_name": "BTC-31MAR23-200000-C", "index_price": 28696.71, "direction": "sell", "amount": 13.8}, {"trade_seq": 68, "trade_id": "217449904", "timestamp": 1654869402206, "tick_direction": 3, "price": 0.003, "mark_price": 0.00345961, "iv": 82.5, "instrument_name": "BTC-31MAR23-200000-C", "index_price": 29336.61, "direction": "sell", "amount": 15.1}, {"trade_seq": 67, "trade_id": "217384437", "timestamp": 1654850738291, "tick_direction": 3, "price": 0.003, "mark_price": 0.00332404, "iv": 81.68, "instrument_name": "BTC-31MAR23-200000-C", "index_price": 30018.51, "direction": "sell", "amount": 0.9}, {"trade_seq": 66, "trade_id": "217371087", "timestamp": 1654843759955, "tick_direction": 3, "price": 0.003, "mark_price": 0.0034736, "iv": 81.59, "instrument_name": "BTC-31MAR23-200000-C", "index_price": 30070.24, "direction": "sell", "amount": 1.0}, {"trade_seq": 65, "trade_id": "217371086", "timestamp": 1654843758557, "tick_direction": 3, "price": 0.003, "mark_price": 0.00347368, "iv": 81.59, "instrument_name": "BTC-31MAR23-200000-C", "index_price": 30070.46, "direction": "sell", "amount": 1.0}, {"trade_seq": 64, "trade_id": "217302718", "timestamp": 1654795252915, "tick_direction": 3, "price": 0.003, "mark_price": 0.0033166, "iv": 81.29, "instrument_name": "BTC-31MAR23-200000-C", "index_price": 30311.0, "direction": "sell", "amount": 17.7}, {"trade_seq": 63, "trade_id": "217268314", "timestamp": 1654771412257, "tick_direction": 3, "price": 0.003, "mark_price": 0.00334114, "iv": 80.99, "instrument_name": "BTC-31MAR23-200000-C", "index_price": 30519.62, "direction": "sell", "amount": 1.0}, {"trade_seq": 62, "trade_id": "217268241", "timestamp": 1654771186931, "tick_direction": 3, "price": 0.003, "mark_price": 0.00332905, "iv": 80.98, "instrument_name": "BTC-31MAR23-200000-C", "index_price": 30525.11, "direction": "sell", "amount": 1.0}, {"trade_seq": 61, "trade_id": "217268240", "timestamp": 1654771185744, "tick_direction": 3, "price": 0.003, "mark_price": 0.00332908, "iv": 80.98, "instrument_name": "BTC-31MAR23-200000-C", "index_price": 30522.64, "direction": "sell", "amount": 1.0}, {"trade_seq": 60, "trade_id": "217268163", "timestamp": 1654771150978, "tick_direction": 3, "price": 0.003, "mark_price": 0.00332531, "iv": 80.99, "instrument_name": "BTC-31MAR23-200000-C", "index_price": 30509.32, "direction": "sell", "amount": 1.0}, {"trade_seq": 59, "trade_id": "217268162", "timestamp": 1654771149098, "tick_direction": 3, "price": 0.003, "mark_price": 0.00332587, "iv": 80.99, "instrument_name": "BTC-31MAR23-200000-C", "index_price": 30509.73, "direction": "sell", "amount": 1.0}, {"trade_seq": 58, "trade_id": "217262483", "timestamp": 1654764644249, "tick_direction": 3, "price": 0.003, "mark_price": 0.00349589, "iv": 81.01, "instrument_name": "BTC-31MAR23-200000-C", "index_price": 30490.06, "direction": "sell", "amount": 1.0}, {"trade_seq": 57, "trade_id": "217255060", "timestamp": 1654759549213, "tick_direction": 3, "price": 0.003, "mark_price": 0.00347843, "iv": 81.17, "instrument_name": "BTC-31MAR23-200000-C", "index_price": 30359.79, "direction": "sell", "amount": 1.0}, {"trade_seq": 56, "trade_id": "217255059", "timestamp": 1654759541816, "tick_direction": 3, "price": 0.003, "mark_price": 0.00347864, "iv": 81.17, "instrument_name": "BTC-31MAR23-200000-C", "index_price": 30359.16, "direction": "sell", "amount": 1.0}, {"trade_seq": 55, "trade_id": "217255058", "timestamp": 1654759540518, "tick_direction": 3, "price": 0.003, "mark_price": 0.00347864, "iv": 81.17, "instrument_name": "BTC-31MAR23-200000-C", "index_price": 30359.68, "direction": "sell", "amount": 1.0}, {"trade_seq": 54, "trade_id": "217254442", "timestamp": 1654758543812, "tick_direction": 3, "price": 0.003, "mark_price": 0.0034763, "iv": 81.2, "instrument_name": "BTC-31MAR23-200000-C", "index_price": 30317.33, "direction": "sell", "amount": 1.0}, {"trade_seq": 53, "trade_id": "217254441", "timestamp": 1654758542435, "tick_direction": 3, "price": 0.003, "mark_price": 0.00347628, "iv": 81.2, "instrument_name": "BTC-31MAR23-200000-C", "index_price": 30315.82, "direction": "sell", "amount": 1.0}, {"trade_seq": 52, "trade_id": "217254440", "timestamp": 1654758539640, "tick_direction": 3, "price": 0.003, "mark_price": 0.00347622, "iv": 81.2, "instrument_name": "BTC-31MAR23-200000-C", "index_price": 30315.39, "direction": "sell", "amount": 1.0}, {"trade_seq": 51, "trade_id": "217222810", "timestamp": 1654705536999, "tick_direction": 2, "price": 0.003, "mark_price": 0.00351408, "iv": 80.99, "instrument_name": "BTC-31MAR23-200000-C", "index_price": 30419.42, "direction": "sell", "amount": 17.5}, {"trade_seq": 50, "trade_id": "216045869", "timestamp": 1653836911766, "tick_direction": 1, "price": 0.004, "mark_price": 0.00402851, "iv": 83.69, "instrument_name": "BTC-31MAR23-200000-C", "index_price": 29213.42, "direction": "sell", "amount": 1.0}, {"trade_seq": 49, "trade_id": "215984058", "timestamp": 1653735008561, "tick_direction": 1, "price": 0.004, "mark_price": 0.00376912, "iv": 84.03, "instrument_name": "BTC-31MAR23-200000-C", "index_price": 28788.26, "direction": "sell", "amount": 2.5}, {"trade_seq": 48, "trade_id": "215983803", "timestamp": 1653734116239, "tick_direction": 0, "price": 0.004, "mark_price": 0.00377997, "iv": 84.02, "instrument_name": "BTC-31MAR23-200000-C", "index_price": 28802.7, "direction": "sell", "amount": 2.5}, {"trade_seq": 47, "trade_id": "215459886", "timestamp": 1653354073526, "tick_direction": 3, "price": 0.0035, "mark_price": 0.00397065, "iv": 81.78, "instrument_name": "BTC-31MAR23-200000-C", "index_price": 29108.14, "direction": "sell", "amount": 2.0}, {"trade_seq": 46, "trade_id": "215459885", "timestamp": 1653354073526, "tick_direction": 3, "price": 0.0035, "mark_price": 0.00397065, "iv": 81.78, "instrument_name": "BTC-31MAR23-200000-C", "index_price": 29108.14, "direction": "sell", "amount": 2.0}, {"trade_seq": 45, "trade_id": "215459884", "timestamp": 1653354073526, "tick_direction": 3, "price": 0.0035, "mark_price": 0.00397065, "iv": 81.78, "instrument_name": "BTC-31MAR23-200000-C", "index_price": 29108.14, "direction": "sell", "amount": 9.0}, {"trade_seq": 44, "trade_id": "215374658", "timestamp": 1653300887836, "tick_direction": 2, "price": 0.0035, "mark_price": 0.00409227, "iv": 80.12, "instrument_name": "BTC-31MAR23-200000-C", "index_price": 30481.5, "direction": "sell", "amount": 1.0}, {"trade_seq": 43, "trade_id": "215013412", "timestamp": 1652970262486, "tick_direction": 3, "price": 0.004, "mark_price": 0.0041133, "iv": 81.62, "instrument_name": "BTC-31MAR23-200000-C", "index_price": 29817.94, "direction": "sell", "amount": 7.9}, {"trade_seq": 42, "trade_id": "215013411", "timestamp": 1652970262448, "tick_direction": 2, "price": 0.004, "mark_price": 0.0041133, "iv": 81.62, "instrument_name": "BTC-31MAR23-200000-C", "index_price": 29817.94, "direction": "buy", "amount": 7.5}, {"trade_seq": 41, "trade_id": "214448050", "timestamp": 1652530720681, "tick_direction": 2, "price": 0.0055, "mark_price": 0.00487033, "iv": 85.23, "instrument_name": "BTC-31MAR23-200000-C", "index_price": 28925.49, "direction": "sell", "amount": 4.0}, {"trade_seq": 40, "trade_id": "214128069", "timestamp": 1652365479936, "tick_direction": 0, "price": 0.006, "mark_price": 0.00560986, "iv": 86.54, "instrument_name": "BTC-31MAR23-200000-C", "index_price": 28576.87, "direction": "buy", "amount": 0.1}, {"trade_seq": 39, "trade_id": "214027608", "timestamp": 1652345636982, "tick_direction": 3, "price": 0.0055, "mark_price": 0.00567069, "iv": 86.74, "instrument_name": "BTC-31MAR23-200000-C", "index_price": 27477.08, "direction": "sell", "amount": 3.0}, {"trade_seq": 38, "trade_id": "213914965", "timestamp": 1652336404343, "tick_direction": 2, "price": 0.0055, "mark_price": 0.00641936, "iv": 87.64, "instrument_name": "BTC-31MAR23-200000-C", "index_price": 26849.82, "direction": "sell", "amount": 8.0}, {"trade_seq": 37, "trade_id": "213852904", "timestamp": 1652331463959, "tick_direction": 0, "price": 0.006, "mark_price": 0.00591833, "iv": 87.62, "instrument_name": "BTC-31MAR23-200000-C", "index_price": 27543.6, "direction": "buy", "amount": 0.5}, {"trade_seq": 36, "trade_id": "211603394", "timestamp": 1651363605790, "tick_direction": 2, "price": 0.0055, "mark_price": 0.00388312, "iv": 73.99, "instrument_name": "BTC-31MAR23-200000-C", "index_price": 37754.64, "direction": "sell", "amount": 0.5}, {"trade_seq": 35, "trade_id": "211472057", "timestamp": 1651214242879, "tick_direction": 3, "price": 0.006, "mark_price": 0.0065473, "iv": 72.95, "instrument_name": "BTC-31MAR23-200000-C", "index_price": 39541.86, "direction": "buy", "amount": 0.5}, {"trade_seq": 34, "trade_id": "211470889", "timestamp": 1651212747949, "tick_direction": 2, "price": 0.006, "mark_price": 0.00664059, "iv": 73.07, "instrument_name": "BTC-31MAR23-200000-C", "index_price": 39391.22, "direction": "sell", "amount": 0.5}, {"trade_seq": 33, "trade_id": "211097709", "timestamp": 1650933452226, "tick_direction": 3, "price": 0.007, "mark_price": 0.00722085, "iv": 73.08, "instrument_name": "BTC-31MAR23-200000-C", "index_price": 40662.44, "direction": "sell", "amount": 0.8}, {"trade_seq": 32, "trade_id": "211097708", "timestamp": 1650933452223, "tick_direction": 2, "price": 0.007, "mark_price": 0.00722085, "iv": 73.08, "instrument_name": "BTC-31MAR23-200000-C", "index_price": 40662.44, "direction": "buy", "amount": 0.2}, {"trade_seq": 31, "trade_id": "210781044", "timestamp": 1650614884900, "tick_direction": 2, "price": 0.008, "mark_price": 0.00770328, "iv": 73.76, "instrument_name": "BTC-31MAR23-200000-C", "index_price": 40708.82, "direction": "buy", "amount": 0.1}, {"trade_seq": 30, "trade_id": "210768218", "timestamp": 1650606218688, "tick_direction": 3, "price": 0.0085, "mark_price": 0.00912139, "iv": 74.43, "instrument_name": "BTC-31MAR23-200000-C", "index_price": 40683.01, "direction": "buy", "amount": 0.2}, {"trade_seq": 29, "trade_id": "210768217", "timestamp": 1650606218685, "tick_direction": 2, "price": 0.0085, "mark_price": 0.00912139, "iv": 74.43, "instrument_name": "BTC-31MAR23-200000-C", "index_price": 40683.01, "direction": "sell", "amount": 15.0}, {"trade_seq": 28, "trade_id": "210693713", "timestamp": 1650553564991, "tick_direction": 0, "price": 0.009, "mark_price": 0.0088399, "iv": 73.32, "instrument_name": "BTC-31MAR23-200000-C", "index_price": 42520.84, "direction": "buy", "amount": 0.1}, {"trade_seq": 27, "trade_id": "210544591", "timestamp": 1650385989611, "tick_direction": 0, "price": 0.0085, "mark_price": 0.00808449, "iv": 73.53, "instrument_name": "BTC-31MAR23-200000-C", "index_price": 41491.13, "direction": "buy", "amount": 1.0}, {"trade_seq": 26, "trade_id": "210541484", "timestamp": 1650382059611, "tick_direction": 2, "price": 0.008, "mark_price": 0.00812894, "iv": 72.8, "instrument_name": "BTC-31MAR23-200000-C", "index_price": 41534.57, "direction": "buy", "amount": 1.0}, {"trade_seq": 25, "trade_id": "210528662", "timestamp": 1650376201624, "tick_direction": 1, "price": 0.009, "mark_price": 0.00787495, "iv": 74.35, "instrument_name": "BTC-31MAR23-200000-C", "index_price": 41337.81, "direction": "sell", "amount": 0.4}, {"trade_seq": 24, "trade_id": "210528026", "timestamp": 1650376115597, "tick_direction": 0, "price": 0.009, "mark_price": 0.00781594, "iv": 74.37, "instrument_name": "BTC-31MAR23-200000-C", "index_price": 41296.92, "direction": "buy", "amount": 1.0}, {"trade_seq": 23, "trade_id": "210512722", "timestamp": 1650357453057, "tick_direction": 2, "price": 0.0075, "mark_price": 0.00750936, "iv": 72.8, "instrument_name": "BTC-31MAR23-200000-C", "index_price": 40831.45, "direction": "sell", "amount": 5.6}, {"trade_seq": 22, "trade_id": "210338823", "timestamp": 1650205175127, "tick_direction": 3, "price": 0.008, "mark_price": 0.00606252, "iv": 73.63, "instrument_name": "BTC-31MAR23-200000-C", "index_price": 40349.86, "direction": "buy", "amount": 0.9}, {"trade_seq": 21, "trade_id": "210338822", "timestamp": 1650205175125, "tick_direction": 2, "price": 0.008, "mark_price": 0.00606252, "iv": 73.63, "instrument_name": "BTC-31MAR23-200000-C", "index_price": 40349.86, "direction": "sell", "amount": 0.1}, {"trade_seq": 20, "trade_id": "210293498", "timestamp": 1650090339957, "tick_direction": 3, "price": 0.009, "mark_price": 0.00870837, "iv": 74.71, "instrument_name": "BTC-31MAR23-200000-C", "index_price": 40457.18, "direction": "sell", "amount": 1.8}, {"trade_seq": 19, "trade_id": "210291438", "timestamp": 1650081671304, "tick_direction": 3, "price": 0.009, "mark_price": 0.00872298, "iv": 74.69, "instrument_name": "BTC-31MAR23-200000-C", "index_price": 40443.34, "direction": "sell", "amount": 0.2}, {"trade_seq": 18, "trade_id": "210289985", "timestamp": 1650077720457, "tick_direction": 3, "price": 0.009, "mark_price": 0.00949883, "iv": 74.53, "instrument_name": "BTC-31MAR23-200000-C", "index_price": 40586.76, "direction": "sell", "amount": 1.0}, {"trade_seq": 17, "trade_id": "210289984", "timestamp": 1650077706961, "tick_direction": 2, "price": 0.009, "mark_price": 0.00950298, "iv": 74.53, "instrument_name": "BTC-31MAR23-200000-C", "index_price": 40586.42, "direction": "sell", "amount": 2.0}, {"trade_seq": 16, "trade_id": "210137623", "timestamp": 1649906472021, "tick_direction": 3, "price": 0.01, "mark_price": 0.01017702, "iv": 74.85, "instrument_name": "BTC-31MAR23-200000-C", "index_price": 41352.76, "direction": "sell", "amount": 4.2}, {"trade_seq": 15, "trade_id": "210131195", "timestamp": 1649891585764, "tick_direction": 2, "price": 0.01, "mark_price": 0.0102633, "iv": 74.95, "instrument_name": "BTC-31MAR23-200000-C", "index_price": 41194.59, "direction": "sell", "amount": 5.8}, {"trade_seq": 14, "trade_id": "209665863", "timestamp": 1649483111828, "tick_direction": 2, "price": 0.0125, "mark_price": 0.01217012, "iv": 75.55, "instrument_name": "BTC-31MAR23-200000-C", "index_price": 42509.55, "direction": "sell", "amount": 0.1}, {"trade_seq": 13, "trade_id": "209534758", "timestamp": 1649349576304, "tick_direction": 0, "price": 0.014, "mark_price": 0.01170426, "iv": 75.74, "instrument_name": "BTC-31MAR23-200000-C", "index_price": 43438.05, "direction": "buy", "amount": 15.0}, {"trade_seq": 12, "trade_id": "209335312", "timestamp": 1649216991446, "tick_direction": 2, "price": 0.0135, "mark_price": 0.0136552, "iv": 73.65, "instrument_name": "BTC-31MAR23-200000-C", "index_price": 45248.59, "direction": "sell", "amount": 0.1}, {"trade_seq": 11, "trade_id": "209240141", "timestamp": 1649128406016, "tick_direction": 1, "price": 0.0145, "mark_price": 0.01402435, "iv": 73.18, "instrument_name": "BTC-31MAR23-200000-C", "index_price": 46726.25, "direction": "sell", "amount": 0.1}, {"trade_seq": 10, "trade_id": "209038874", "timestamp": 1648894587584, "tick_direction": 1, "price": 0.0145, "mark_price": 0.01400399, "iv": 72.94, "instrument_name": "BTC-31MAR23-200000-C", "index_price": 46680.85, "direction": "buy", "amount": 0.8}, {"trade_seq": 9, "trade_id": "209038873", "timestamp": 1648894587584, "tick_direction": 0, "price": 0.0145, "mark_price": 0.01400399, "iv": 72.94, "instrument_name": "BTC-31MAR23-200000-C", "index_price": 46680.85, "direction": "buy", "amount": 0.2}, {"trade_seq": 8, "trade_id": "208986565", "timestamp": 1648835615699, "tick_direction": 0, "price": 0.012, "mark_price": 0.01430855, "iv": 70.81, "instrument_name": "BTC-31MAR23-200000-C", "index_price": 46455.18, "direction": "sell", "amount": 0.1}, {"trade_seq": 7, "trade_id": "208891903", "timestamp": 1648782051738, "tick_direction": 2, "price": 0.0115, "mark_price": 0.0129278, "iv": 72.01, "instrument_name": "BTC-31MAR23-200000-C", "index_price": 44365.83, "direction": "sell", "amount": 1.0}, {"trade_seq": 6, "trade_id": "208858207", "timestamp": 1648762473570, "tick_direction": 2, "price": 0.0125, "mark_price": 0.01834387, "iv": 71.81, "instrument_name": "BTC-31MAR23-200000-C", "index_price": 45852.77, "direction": "sell", "amount": 5.0}, {"trade_seq": 5, "trade_id": "208715744", "timestamp": 1648606005485, "tick_direction": 0, "price": 0.013, "mark_price": 0.01377623, "iv": 71.09, "instrument_name": "BTC-31MAR23-200000-C", "index_price": 46981.37, "direction": "sell", "amount": 1.0}, {"trade_seq": 4, "trade_id": "208534101", "timestamp": 1648436829542, "tick_direction": 0, "price": 0.012, "mark_price": 0.01070511, "iv": 69.94, "instrument_name": "BTC-31MAR23-200000-C", "index_price": 46942.28, "direction": "buy", "amount": 0.1}, {"trade_seq": 3, "trade_id": "208526225", "timestamp": 1648428207242, "tick_direction": 0, "price": 0.0115, "mark_price": 0.01045247, "iv": 69.25, "instrument_name": "BTC-31MAR23-200000-C", "index_price": 47184.23, "direction": "buy", "amount": 0.5}, {"trade_seq": 2, "trade_id": "208328396", "timestamp": 1648203483666, "tick_direction": 2, "price": 0.0095, "mark_price": 0.01045642, "iv": 69.61, "instrument_name": "BTC-31MAR23-200000-C", "index_price": 44159.5, "direction": "sell", "amount": 1.0}, {"trade_seq": 1, "trade_id": "208301369", "timestamp": 1648187852178, "tick_direction": 1, "price": 0.0105, "mark_price": 0.01071487, "iv": 70.67, "instrument_name": "BTC-31MAR23-200000-C", "index_price": 44101.82, "direction": "buy", "amount": 0.1}], "has_more": false}