{"trades": [{"trade_seq": 29, "trade_id": "196620295", "timestamp": 1640619635906, "tick_direction": 0, "price": 0.6505, "mark_price": 0.65064478, "iv": 0.0, "instrument_name": "BTC-31DEC21-18000-C", "index_price": 51432.89, "direction": "sell", "amount": 1.4}, {"trade_seq": 28, "trade_id": "194551381", "timestamp": 1639165301794, "tick_direction": 2, "price": 0.628, "mark_price": 0.62784505, "iv": 156.3, "instrument_name": "BTC-31DEC21-18000-C", "index_price": 48174.53, "direction": "buy", "amount": 0.1}, {"trade_seq": 27, "trade_id": "186959741", "timestamp": 1635414333129, "tick_direction": 0, "price": 0.7125, "mark_price": 0.71212263, "iv": 138.92, "instrument_name": "BTC-31DEC21-18000-C", "index_price": 60871.48, "direction": "sell", "amount": 1.0}, {"trade_seq": 26, "trade_id": "186697071", "timestamp": 1635321741558, "tick_direction": 3, "price": 0.7045, "mark_price": 0.70338265, "iv": 144.58, "instrument_name": "BTC-31DEC21-18000-C", "index_price": 59102.63, "direction": "sell", "amount": 0.4}, {"trade_seq": 25, "trade_id": "186696374", "timestamp": 1635321734210, "tick_direction": 3, "price": 0.7045, "mark_price": 0.70350639, "iv": 142.18, "instrument_name": "BTC-31DEC21-18000-C", "index_price": 59158.58, "direction": "sell", "amount": 0.6}, {"trade_seq": 24, "trade_id": "186695998", "timestamp": 1635321730817, "tick_direction": 3, "price": 0.7045, "mark_price": 0.70395306, "iv": 139.14, "instrument_name": "BTC-31DEC21-18000-C", "index_price": 59212.19, "direction": "sell", "amount": 0.9}, {"trade_seq": 23, "trade_id": "186695910", "timestamp": 1635321730174, "tick_direction": 3, "price": 0.7045, "mark_price": 0.70395306, "iv": 138.96, "instrument_name": "BTC-31DEC21-18000-C", "index_price": 59212.19, "direction": "sell", "amount": 1.0}, {"trade_seq": 22, "trade_id": "186694256", "timestamp": 1635321722023, "tick_direction": 2, "price": 0.7045, "mark_price": 0.70523299, "iv": 125.42, "instrument_name": "BTC-31DEC21-18000-C", "index_price": 59441.75, "direction": "sell", "amount": 5.1}, {"trade_seq": 21, "trade_id": "186322606", "timestamp": 1635123501331, "tick_direction": 0, "price": 0.719, "mark_price": 0.71791017, "iv": 142.83, "instrument_name": "BTC-31DEC21-18000-C", "index_price": 61743.63, "direction": "sell", "amount": 0.7}, {"trade_seq": 20, "trade_id": "184528665", "timestamp": 1634303901140, "tick_direction": 0, "price": 0.711, "mark_price": 0.7097886, "iv": 140.35, "instrument_name": "BTC-31DEC21-18000-C", "index_price": 59742.68, "direction": "sell", "amount": 2.5}, {"trade_seq": 19, "trade_id": "183232852", "timestamp": 1633570050726, "tick_direction": 2, "price": 0.677, "mark_price": 0.67921897, "iv": 101.52, "instrument_name": "BTC-31DEC21-18000-C", "index_price": 54283.46, "direction": "sell", "amount": 0.9}, {"trade_seq": 18, "trade_id": "183092274", "timestamp": 1633526029805, "tick_direction": 1, "price": 0.685, "mark_price": 0.68417906, "iv": 123.69, "instrument_name": "BTC-31DEC21-18000-C", "index_price": 55070.84, "direction": "sell", "amount": 0.6}, {"trade_seq": 17, "trade_id": "183090777", "timestamp": 1633526018162, "tick_direction": 0, "price": 0.685, "mark_price": 0.68069882, "iv": 138.42, "instrument_name": "BTC-31DEC21-18000-C", "index_price": 54565.25, "direction": "buy", "amount": 0.9}, {"trade_seq": 16, "trade_id": "178271954", "timestamp": 1631026152125, "tick_direction": 2, "price": 0.65, "mark_price": 0.65264669, "iv": 109.79, "instrument_name": "BTC-31DEC21-18000-C", "index_price": 48770.56, "direction": "buy", "amount": 0.4}, {"trade_seq": 15, "trade_id": "178156161", "timestamp": 1631003404983, "tick_direction": 0, "price": 0.671, "mark_price": 0.6716552, "iv": 115.43, "instrument_name": "BTC-31DEC21-18000-C", "index_price": 51565.32, "direction": "buy", "amount": 0.8}, {"trade_seq": 14, "trade_id": "175301941", "timestamp": 1629235092920, "tick_direction": 0, "price": 0.611, "mark_price": 0.62553206, "iv": 0.0, "instrument_name": "BTC-31DEC21-18000-C", "index_price": 44831.25, "direction": "sell", "amount": 2.5}, {"trade_seq": 13, "trade_id": "164931137", "timestamp": 1624536271841, "tick_direction": 2, "price": 0.5365, "mark_price": 0.5347123, "iv": 100.16, "instrument_name": "BTC-31DEC21-18000-C", "index_price": 34211.41, "direction": "sell", "amount": 0.5}, {"trade_seq": 12, "trade_id": "126960891", "timestamp": 1613075332811, "tick_direction": 0, "price": 0.707, "mark_price": 0.70288107, "iv": 104.47, "instrument_name": "BTC-31DEC21-18000-C", "index_price": 48595.4, "direction": "sell", "amount": 2.0}, {"trade_seq": 11, "trade_id": "126831880", "timestamp": 1613045526715, "tick_direction": 2, "price": 0.6905, "mark_price": 0.69145481, "iv": 100.9, "instrument_name": "BTC-31DEC21-18000-C", "index_price": 46429.98, "direction": "sell", "block_trade_id": "7669", "amount": 200.0}, {"trade_seq": 10, "trade_id": "126831494", "timestamp": 1613045436679, "tick_direction": 0, "price": 0.6906, "mark_price": 0.69164582, "iv": 100.85, "instrument_name": "BTC-31DEC21-18000-C", "index_price": 46489.43, "direction": "sell", "block_trade_id": "7668", "amount": 155.2}, {"trade_seq": 9, "trade_id": "126825765", "timestamp": 1613044300588, "tick_direction": 0, "price": 0.6905, "mark_price": 0.69191976, "iv": 101.07, "instrument_name": "BTC-31DEC21-18000-C", "index_price": 46483.63, "direction": "sell", "block_trade_id": "7667", "amount": 50.0}, {"trade_seq": 8, "trade_id": "126825328", "timestamp": 1613044260338, "tick_direction": 0, "price": 0.6897, "mark_price": 0.69135066, "iv": 100.87, "instrument_name": "BTC-31DEC21-18000-C", "index_price": 46385.52, "direction": "sell", "block_trade_id": "7666", "amount": 60.0}, {"trade_seq": 7, "trade_id": "126825014", "timestamp": 1613044141595, "tick_direction": 0, "price": 0.6893, "mark_price": 0.69078761, "iv": 101.05, "instrument_name": "BTC-31DEC21-18000-C", "index_price": 46252.58, "direction": "sell", "block_trade_id": "7665", "amount": 80.0}, {"trade_seq": 6, "trade_id": "126824603", "timestamp": 1613043876449, "tick_direction": 2, "price": 0.6891, "mark_price": 0.69061485, "iv": 101.05, "instrument_name": "BTC-31DEC21-18000-C", "index_price": 46250.94, "direction": "sell", "block_trade_id": "7664", "amount": 200.0}, {"trade_seq": 5, "trade_id": "126823903", "timestamp": 1613043362926, "tick_direction": 2, "price": 0.6892, "mark_price": 0.6907553, "iv": 101.15, "instrument_name": "BTC-31DEC21-18000-C", "index_price": 46224.65, "direction": "sell", "block_trade_id": "7663", "amount": 200.0}, {"trade_seq": 4, "trade_id": "126823133", "timestamp": 1613042804269, "tick_direction": 0, "price": 0.6896, "mark_price": 0.69093938, "iv": 101.38, "instrument_name": "BTC-31DEC21-18000-C", "index_price": 46286.14, "direction": "sell", "block_trade_id": "7662", "amount": 200.0}, {"trade_seq": 3, "trade_id": "126586875", "timestamp": 1612968378095, "tick_direction": 2, "price": 0.6854, "mark_price": 0.68704008, "iv": 100.67, "instrument_name": "BTC-31DEC21-18000-C", "index_price": 45434.44, "direction": "sell", "block_trade_id": "7620", "amount": 50.0}, {"trade_seq": 2, "trade_id": "126583830", "timestamp": 1612967829254, "tick_direction": 2, "price": 0.6858, "mark_price": 0.68665825, "iv": 101.34, "instrument_name": "BTC-31DEC21-18000-C", "index_price": 45338.69, "direction": "sell", "block_trade_id": "7618", "amount": 30.0}, {"trade_seq": 1, "trade_id": "126582323", "timestamp": 1612967622428, "tick_direction": 1, "price": 0.6862, "mark_price": 0.68595104, "iv": 102.27, "instrument_name": "BTC-31DEC21-18000-C", "index_price": 45206.06, "direction": "sell", "block_trade_id": "7617", "amount": 200.0}], "has_more": false}