{"trades": [{"trade_seq": 4717, "trade_id": "139075979", "timestamp": 1616745590615, "tick_direction": 0, "price": 0.1755, "mark_price": 0.17404907, "iv": 500.0, "instrument_name": "BTC-26MAR21-44000-C", "index_price": 53647.2, "direction": "buy", "amount": 0.1}, {"trade_seq": 4716, "trade_id": "139064601", "timestamp": 1616744416502, "tick_direction": 0, "price": 0.1715, "mark_price": 0.17180851, "iv": 0.0, "instrument_name": "BTC-26MAR21-44000-C", "index_price": 53184.65, "direction": "buy", "amount": 0.1}, {"trade_seq": 4715, "trade_id": "139063931", "timestamp": 1616744364615, "tick_direction": 0, "price": 0.1705, "mark_price": 0.17049105, "iv": 500.0, "instrument_name": "BTC-26MAR21-44000-C", "index_price": 53094.33, "direction": "buy", "amount": 0.1}, {"trade_seq": 4714, "trade_id": "139062017", "timestamp": 1616744238298, "tick_direction": 0, "price": 0.169, "mark_price": 0.16896727, "iv": 500.0, "instrument_name": "BTC-26MAR21-44000-C", "index_price": 52977.13, "direction": "buy", "amount": 0.1}, {"trade_seq": 4713, "trade_id": "139060393", "timestamp": 1616744090974, "tick_direction": 0, "price": 0.1685, "mark_price": 0.16790284, "iv": 500.0, "instrument_name": "BTC-26MAR21-44000-C", "index_price": 52924.36, "direction": "buy", "amount": 0.1}, {"trade_seq": 4712, "trade_id": "139060213", "timestamp": 1616744082668, "tick_direction": 0, "price": 0.1675, "mark_price": 0.16735423, "iv": 500.0, "instrument_name": "BTC-26MAR21-44000-C", "index_price": 52875.74, "direction": "buy", "amount": 0.8}, {"trade_seq": 4711, "trade_id": "139055594", "timestamp": 1616743401111, "tick_direction": 3, "price": 0.1635, "mark_price": 0.16349953, "iv": 500.0, "instrument_name": "BTC-26MAR21-44000-C", "index_price": 52609.07, "direction": "buy", "amount": 0.3}, {"trade_seq": 4710, "trade_id": "139055591", "timestamp": 1616743400577, "tick_direction": 2, "price": 0.1635, "mark_price": 0.16349953, "iv": 500.0, "instrument_name": "BTC-26MAR21-44000-C", "index_price": 52609.07, "direction": "buy", "amount": 1.0}, {"trade_seq": 4709, "trade_id": "139032268", "timestamp": 1616735513045, "tick_direction": 0, "price": 0.167, "mark_price": 0.16687337, "iv": 397.35, "instrument_name": "BTC-26MAR21-44000-C", "index_price": 52822.6, "direction": "buy", "amount": 0.1}, {"trade_seq": 4708, "trade_id": "139031583", "timestamp": 1616735369514, "tick_direction": 0, "price": 0.166, "mark_price": 0.16592674, "iv": 377.14, "instrument_name": "BTC-26MAR21-44000-C", "index_price": 52749.95, "direction": "buy", "amount": 1.0}, {"trade_seq": 4707, "trade_id": "139026939", "timestamp": 1616734419534, "tick_direction": 1, "price": 0.165, "mark_price": 0.16494373, "iv": 349.97, "instrument_name": "BTC-26MAR21-44000-C", "index_price": 52676.4, "direction": "buy", "amount": 0.6}, {"trade_seq": 4706, "trade_id": "139026915", "timestamp": 1616734418617, "tick_direction": 1, "price": 0.165, "mark_price": 0.16490553, "iv": 369.21, "instrument_name": "BTC-26MAR21-44000-C", "index_price": 52653.12, "direction": "buy", "amount": 0.1}, {"trade_seq": 4705, "trade_id": "139026914", "timestamp": 1616734418606, "tick_direction": 1, "price": 0.165, "mark_price": 0.16490553, "iv": 369.21, "instrument_name": "BTC-26MAR21-44000-C", "index_price": 52653.12, "direction": "buy", "amount": 0.4}, {"trade_seq": 4704, "trade_id": "139026910", "timestamp": 1616734418533, "tick_direction": 0, "price": 0.165, "mark_price": 0.16490553, "iv": 369.21, "instrument_name": "BTC-26MAR21-44000-C", "index_price": 52653.12, "direction": "buy", "amount": 0.5}, {"trade_seq": 4703, "trade_id": "139024764", "timestamp": 1616733481355, "tick_direction": 1, "price": 0.162, "mark_price": 0.16214957, "iv": 0.0, "instrument_name": "BTC-26MAR21-44000-C", "index_price": 52491.9, "direction": "buy", "amount": 0.5}, {"trade_seq": 4702, "trade_id": "139024763", "timestamp": 1616733481313, "tick_direction": 0, "price": 0.162, "mark_price": 0.16195313, "iv": 0.0, "instrument_name": "BTC-26MAR21-44000-C", "index_price": 52491.9, "direction": "buy", "amount": 0.5}, {"trade_seq": 4701, "trade_id": "139015568", "timestamp": 1616730108296, "tick_direction": 1, "price": 0.161, "mark_price": 0.16061643, "iv": 359.54, "instrument_name": "BTC-26MAR21-44000-C", "index_price": 52394.22, "direction": "buy", "amount": 0.1}, {"trade_seq": 4700, "trade_id": "139015567", "timestamp": 1616730108282, "tick_direction": 0, "price": 0.161, "mark_price": 0.16061643, "iv": 359.54, "instrument_name": "BTC-26MAR21-44000-C", "index_price": 52394.22, "direction": "buy", "amount": 0.7}, {"trade_seq": 4699, "trade_id": "139007333", "timestamp": 1616727611743, "tick_direction": 2, "price": 0.152, "mark_price": 0.15134769, "iv": 344.36, "instrument_name": "BTC-26MAR21-44000-C", "index_price": 51827.79, "direction": "buy", "amount": 0.4}, {"trade_seq": 4698, "trade_id": "138992023", "timestamp": 1616721352357, "tick_direction": 0, "price": 0.1595, "mark_price": 0.15878069, "iv": 316.01, "instrument_name": "BTC-26MAR21-44000-C", "index_price": 52256.49, "direction": "buy", "amount": 1.5}, {"trade_seq": 4697, "trade_id": "138760837", "timestamp": 1616679239481, "tick_direction": 0, "price": 0.1485, "mark_price": 0.14687681, "iv": 188.54, "instrument_name": "BTC-26MAR21-44000-C", "index_price": 51590.34, "direction": "buy", "amount": 1.2}, {"trade_seq": 4696, "trade_id": "138751322", "timestamp": 1616678181159, "tick_direction": 3, "price": 0.1385, "mark_price": 0.1384925, "iv": 143.04, "instrument_name": "BTC-26MAR21-44000-C", "index_price": 50992.71, "direction": "buy", "amount": 0.1}, {"trade_seq": 4695, "trade_id": "138751285", "timestamp": 1616678180542, "tick_direction": 3, "price": 0.1385, "mark_price": 0.13849752, "iv": 142.67, "instrument_name": "BTC-26MAR21-44000-C", "index_price": 50983.81, "direction": "buy", "amount": 0.2}, {"trade_seq": 4694, "trade_id": "138751284", "timestamp": 1616678180540, "tick_direction": 3, "price": 0.1385, "mark_price": 0.13849752, "iv": 142.67, "instrument_name": "BTC-26MAR21-44000-C", "index_price": 50983.81, "direction": "buy", "amount": 0.2}, {"trade_seq": 4693, "trade_id": "138751283", "timestamp": 1616678180522, "tick_direction": 2, "price": 0.1385, "mark_price": 0.13849752, "iv": 142.67, "instrument_name": "BTC-26MAR21-44000-C", "index_price": 50983.81, "direction": "buy", "amount": 0.5}, {"trade_seq": 4692, "trade_id": "138616903", "timestamp": 1616652793439, "tick_direction": 1, "price": 0.172, "mark_price": 0.17260715, "iv": 0.0, "instrument_name": "BTC-26MAR21-44000-C", "index_price": 53116.95, "direction": "buy", "amount": 0.1}, {"trade_seq": 4691, "trade_id": "138616878", "timestamp": 1616652793240, "tick_direction": 0, "price": 0.172, "mark_price": 0.17261262, "iv": 0.0, "instrument_name": "BTC-26MAR21-44000-C", "index_price": 53116.95, "direction": "buy", "amount": 0.9}, {"trade_seq": 4690, "trade_id": "138614465", "timestamp": 1616652011044, "tick_direction": 0, "price": 0.167, "mark_price": 0.16704597, "iv": 168.4, "instrument_name": "BTC-26MAR21-44000-C", "index_price": 52736.02, "direction": "buy", "amount": 0.3}, {"trade_seq": 4689, "trade_id": "138473032", "timestamp": 1616624391432, "tick_direction": 2, "price": 0.157, "mark_price": 0.16103286, "iv": 0.0, "instrument_name": "BTC-26MAR21-44000-C", "index_price": 52175.28, "direction": "buy", "amount": 1.1}, {"trade_seq": 4688, "trade_id": "138351961", "timestamp": 1616612959028, "tick_direction": 3, "price": 0.2085, "mark_price": 0.2084182, "iv": 143.81, "instrument_name": "BTC-26MAR21-44000-C", "index_price": 55438.26, "direction": "buy", "amount": 0.1}, {"trade_seq": 4687, "trade_id": "138351957", "timestamp": 1616612958819, "tick_direction": 3, "price": 0.2085, "mark_price": 0.2084182, "iv": 152.68, "instrument_name": "BTC-26MAR21-44000-C", "index_price": 55435.77, "direction": "buy", "amount": 0.3}, {"trade_seq": 4686, "trade_id": "138351952", "timestamp": 1616612957071, "tick_direction": 2, "price": 0.2085, "mark_price": 0.20836989, "iv": 154.53, "instrument_name": "BTC-26MAR21-44000-C", "index_price": 55429.18, "direction": "buy", "amount": 0.6}, {"trade_seq": 4685, "trade_id": "138309604", "timestamp": 1616604741555, "tick_direction": 2, "price": 0.214, "mark_price": 0.21430213, "iv": 0.0, "instrument_name": "BTC-26MAR21-44000-C", "index_price": 55903.14, "direction": "buy", "amount": 0.2}, {"trade_seq": 4684, "trade_id": "138302862", "timestamp": 1616602753001, "tick_direction": 3, "price": 0.216, "mark_price": 0.21570384, "iv": 158.52, "instrument_name": "BTC-26MAR21-44000-C", "index_price": 56018.65, "direction": "sell", "amount": 0.3}, {"trade_seq": 4683, "trade_id": "138302860", "timestamp": 1616602752981, "tick_direction": 3, "price": 0.216, "mark_price": 0.21570384, "iv": 158.52, "instrument_name": "BTC-26MAR21-44000-C", "index_price": 56018.65, "direction": "sell", "amount": 0.3}, {"trade_seq": 4682, "trade_id": "138302850", "timestamp": 1616602752943, "tick_direction": 3, "price": 0.216, "mark_price": 0.21570384, "iv": 158.52, "instrument_name": "BTC-26MAR21-44000-C", "index_price": 56018.65, "direction": "sell", "amount": 0.3}, {"trade_seq": 4681, "trade_id": "138302811", "timestamp": 1616602729966, "tick_direction": 3, "price": 0.216, "mark_price": 0.21589706, "iv": 144.57, "instrument_name": "BTC-26MAR21-44000-C", "index_price": 56027.29, "direction": "sell", "amount": 0.1}, {"trade_seq": 4680, "trade_id": "138302810", "timestamp": 1616602729964, "tick_direction": 2, "price": 0.216, "mark_price": 0.21589706, "iv": 144.57, "instrument_name": "BTC-26MAR21-44000-C", "index_price": 56027.29, "direction": "sell", "amount": 0.3}, {"trade_seq": 4679, "trade_id": "138278393", "timestamp": 1616595699365, "tick_direction": 1, "price": 0.226, "mark_price": 0.22509054, "iv": 188.33, "instrument_name": "BTC-26MAR21-44000-C", "index_price": 56691.52, "direction": "sell", "amount": 1.8}, {"trade_seq": 4678, "trade_id": "138278389", "timestamp": 1616595697258, "tick_direction": 0, "price": 0.226, "mark_price": 0.22509805, "iv": 187.66, "instrument_name": "BTC-26MAR21-44000-C", "index_price": 56696.14, "direction": "sell", "amount": 3.2}, {"trade_seq": 4677, "trade_id": "138278217", "timestamp": 1616595653992, "tick_direction": 0, "price": 0.2255, "mark_price": 0.22432919, "iv": 193.3, "instrument_name": "BTC-26MAR21-44000-C", "index_price": 56642.15, "direction": "sell", "amount": 0.1}, {"trade_seq": 4676, "trade_id": "138278038", "timestamp": 1616595623216, "tick_direction": 2, "price": 0.225, "mark_price": 0.22427844, "iv": 183.21, "instrument_name": "BTC-26MAR21-44000-C", "index_price": 56640.88, "direction": "sell", "amount": 0.1}, {"trade_seq": 4675, "trade_id": "138277982", "timestamp": 1616595609526, "tick_direction": 3, "price": 0.2255, "mark_price": 0.22437647, "iv": 192.47, "instrument_name": "BTC-26MAR21-44000-C", "index_price": 56654.13, "direction": "sell", "amount": 0.1}, {"trade_seq": 4674, "trade_id": "138277937", "timestamp": 1616595593241, "tick_direction": 3, "price": 0.2255, "mark_price": 0.22467733, "iv": 184.47, "instrument_name": "BTC-26MAR21-44000-C", "index_price": 56673.91, "direction": "sell", "amount": 0.1}, {"trade_seq": 4673, "trade_id": "138277888", "timestamp": 1616595573719, "tick_direction": 2, "price": 0.2255, "mark_price": 0.22485154, "iv": 178.63, "instrument_name": "BTC-26MAR21-44000-C", "index_price": 56687.58, "direction": "sell", "amount": 0.1}, {"trade_seq": 4672, "trade_id": "138277744", "timestamp": 1616595543742, "tick_direction": 0, "price": 0.226, "mark_price": 0.22489146, "iv": 192.36, "instrument_name": "BTC-26MAR21-44000-C", "index_price": 56679.64, "direction": "sell", "amount": 0.1}, {"trade_seq": 4671, "trade_id": "138277655", "timestamp": 1616595541769, "tick_direction": 2, "price": 0.2255, "mark_price": 0.22489707, "iv": 176.0, "instrument_name": "BTC-26MAR21-44000-C", "index_price": 56698.28, "direction": "sell", "amount": 0.1}, {"trade_seq": 4670, "trade_id": "138277545", "timestamp": 1616595522634, "tick_direction": 3, "price": 0.2265, "mark_price": 0.22558342, "iv": 187.55, "instrument_name": "BTC-26MAR21-44000-C", "index_price": 56735.95, "direction": "sell", "amount": 0.1}, {"trade_seq": 4669, "trade_id": "138277411", "timestamp": 1616595489280, "tick_direction": 2, "price": 0.2265, "mark_price": 0.22571541, "iv": 183.6, "instrument_name": "BTC-26MAR21-44000-C", "index_price": 56749.74, "direction": "sell", "amount": 0.1}, {"trade_seq": 4668, "trade_id": "138277245", "timestamp": 1616595468635, "tick_direction": 0, "price": 0.2275, "mark_price": 0.22640573, "iv": 194.25, "instrument_name": "BTC-26MAR21-44000-C", "index_price": 56792.61, "direction": "sell", "amount": 0.1}, {"trade_seq": 4667, "trade_id": "138277231", "timestamp": 1616595466403, "tick_direction": 2, "price": 0.227, "mark_price": 0.22647089, "iv": 177.61, "instrument_name": "BTC-26MAR21-44000-C", "index_price": 56801.12, "direction": "sell", "amount": 0.1}, {"trade_seq": 4666, "trade_id": "138277105", "timestamp": 1616595446110, "tick_direction": 2, "price": 0.2275, "mark_price": 0.22689143, "iv": 178.3, "instrument_name": "BTC-26MAR21-44000-C", "index_price": 56829.13, "direction": "sell", "amount": 0.1}, {"trade_seq": 4665, "trade_id": "138277078", "timestamp": 1616595434815, "tick_direction": 3, "price": 0.228, "mark_price": 0.22704205, "iv": 189.67, "instrument_name": "BTC-26MAR21-44000-C", "index_price": 56840.57, "direction": "sell", "amount": 0.1}, {"trade_seq": 4664, "trade_id": "138277028", "timestamp": 1616595413504, "tick_direction": 3, "price": 0.228, "mark_price": 0.22725355, "iv": 183.33, "instrument_name": "BTC-26MAR21-44000-C", "index_price": 56859.49, "direction": "sell", "amount": 0.1}, {"trade_seq": 4663, "trade_id": "138276990", "timestamp": 1616595406512, "tick_direction": 2, "price": 0.228, "mark_price": 0.22758171, "iv": 170.6, "instrument_name": "BTC-26MAR21-44000-C", "index_price": 56876.83, "direction": "sell", "amount": 0.1}, {"trade_seq": 4662, "trade_id": "138276896", "timestamp": 1616595390703, "tick_direction": 1, "price": 0.2285, "mark_price": 0.22765157, "iv": 186.84, "instrument_name": "BTC-26MAR21-44000-C", "index_price": 56879.05, "direction": "sell", "amount": 0.1}, {"trade_seq": 4661, "trade_id": "138276810", "timestamp": 1616595370386, "tick_direction": 1, "price": 0.2285, "mark_price": 0.22798591, "iv": 175.81, "instrument_name": "BTC-26MAR21-44000-C", "index_price": 56902.34, "direction": "sell", "amount": 0.1}, {"trade_seq": 4660, "trade_id": "138276673", "timestamp": 1616595347275, "tick_direction": 0, "price": 0.2285, "mark_price": 0.22775836, "iv": 183.5, "instrument_name": "BTC-26MAR21-44000-C", "index_price": 56882.34, "direction": "sell", "amount": 0.1}, {"trade_seq": 4659, "trade_id": "138276504", "timestamp": 1616595314123, "tick_direction": 0, "price": 0.228, "mark_price": 0.22730437, "iv": 181.61, "instrument_name": "BTC-26MAR21-44000-C", "index_price": 56855.99, "direction": "sell", "amount": 0.1}, {"trade_seq": 4658, "trade_id": "138276445", "timestamp": 1616595295572, "tick_direction": 2, "price": 0.2275, "mark_price": 0.22721139, "iv": 167.24, "instrument_name": "BTC-26MAR21-44000-C", "index_price": 56850.76, "direction": "sell", "amount": 0.1}, {"trade_seq": 4657, "trade_id": "138276373", "timestamp": 1616595281309, "tick_direction": 3, "price": 0.228, "mark_price": 0.22731276, "iv": 181.7, "instrument_name": "BTC-26MAR21-44000-C", "index_price": 56854.72, "direction": "sell", "amount": 0.1}, {"trade_seq": 4656, "trade_id": "138276326", "timestamp": 1616595269729, "tick_direction": 3, "price": 0.228, "mark_price": 0.22748563, "iv": 175.01, "instrument_name": "BTC-26MAR21-44000-C", "index_price": 56864.43, "direction": "sell", "amount": 0.1}, {"trade_seq": 4655, "trade_id": "138276303", "timestamp": 1616595258435, "tick_direction": 3, "price": 0.228, "mark_price": 0.22734047, "iv": 180.41, "instrument_name": "BTC-26MAR21-44000-C", "index_price": 56858.49, "direction": "sell", "amount": 0.1}, {"trade_seq": 4654, "trade_id": "138276293", "timestamp": 1616595249903, "tick_direction": 2, "price": 0.228, "mark_price": 0.22743403, "iv": 177.06, "instrument_name": "BTC-26MAR21-44000-C", "index_price": 56872.21, "direction": "sell", "amount": 0.1}, {"trade_seq": 4653, "trade_id": "138276183", "timestamp": 1616595236907, "tick_direction": 1, "price": 0.2285, "mark_price": 0.22757951, "iv": 188.95, "instrument_name": "BTC-26MAR21-44000-C", "index_price": 56877.97, "direction": "sell", "amount": 0.1}, {"trade_seq": 4652, "trade_id": "138276083", "timestamp": 1616595215657, "tick_direction": 1, "price": 0.2285, "mark_price": 0.22806078, "iv": 185.51, "instrument_name": "BTC-26MAR21-44000-C", "index_price": 56888.35, "direction": "sell", "amount": 0.1}, {"trade_seq": 4651, "trade_id": "138276035", "timestamp": 1616595209070, "tick_direction": 0, "price": 0.2285, "mark_price": 0.22806918, "iv": 171.88, "instrument_name": "BTC-26MAR21-44000-C", "index_price": 56917.37, "direction": "sell", "amount": 0.1}, {"trade_seq": 4650, "trade_id": "138275826", "timestamp": 1616595171764, "tick_direction": 1, "price": 0.228, "mark_price": 0.22746124, "iv": 176.51, "instrument_name": "BTC-26MAR21-44000-C", "index_price": 56871.2, "direction": "sell", "amount": 0.1}, {"trade_seq": 4649, "trade_id": "138275728", "timestamp": 1616595137848, "tick_direction": 0, "price": 0.228, "mark_price": 0.22739756, "iv": 178.5, "instrument_name": "BTC-26MAR21-44000-C", "index_price": 56868.25, "direction": "sell", "amount": 0.1}, {"trade_seq": 4648, "trade_id": "138275632", "timestamp": 1616595105292, "tick_direction": 1, "price": 0.2275, "mark_price": 0.2269613, "iv": 173.51, "instrument_name": "BTC-26MAR21-44000-C", "index_price": 56829.17, "direction": "sell", "amount": 0.1}, {"trade_seq": 4647, "trade_id": "138275569", "timestamp": 1616595082981, "tick_direction": 1, "price": 0.2275, "mark_price": 0.22673849, "iv": 183.57, "instrument_name": "BTC-26MAR21-44000-C", "index_price": 56811.42, "direction": "sell", "amount": 0.1}, {"trade_seq": 4646, "trade_id": "138275493", "timestamp": 1616595063320, "tick_direction": 1, "price": 0.2275, "mark_price": 0.22728752, "iv": 160.34, "instrument_name": "BTC-26MAR21-44000-C", "index_price": 56849.94, "direction": "sell", "amount": 0.1}, {"trade_seq": 4645, "trade_id": "138275331", "timestamp": 1616595017641, "tick_direction": 0, "price": 0.2275, "mark_price": 0.22667221, "iv": 185.57, "instrument_name": "BTC-26MAR21-44000-C", "index_price": 56813.88, "direction": "sell", "amount": 0.1}, {"trade_seq": 4644, "trade_id": "138275261", "timestamp": 1616594984410, "tick_direction": 0, "price": 0.227, "mark_price": 0.22650395, "iv": 173.93, "instrument_name": "BTC-26MAR21-44000-C", "index_price": 56797.77, "direction": "sell", "amount": 0.1}, {"trade_seq": 4643, "trade_id": "138275183", "timestamp": 1616594956169, "tick_direction": 1, "price": 0.2265, "mark_price": 0.22604871, "iv": 171.81, "instrument_name": "BTC-26MAR21-44000-C", "index_price": 56764.8, "direction": "sell", "amount": 0.1}, {"trade_seq": 4642, "trade_id": "138275074", "timestamp": 1616594929307, "tick_direction": 1, "price": 0.2265, "mark_price": 0.22589008, "iv": 177.42, "instrument_name": "BTC-26MAR21-44000-C", "index_price": 56761.13, "direction": "sell", "amount": 0.1}, {"trade_seq": 4641, "trade_id": "138275041", "timestamp": 1616594907078, "tick_direction": 1, "price": 0.2265, "mark_price": 0.22594097, "iv": 176.02, "instrument_name": "BTC-26MAR21-44000-C", "index_price": 56760.08, "direction": "sell", "amount": 0.1}, {"trade_seq": 4640, "trade_id": "138274906", "timestamp": 1616594886452, "tick_direction": 1, "price": 0.2265, "mark_price": 0.22623794, "iv": 162.8, "instrument_name": "BTC-26MAR21-44000-C", "index_price": 56773.49, "direction": "sell", "amount": 0.1}, {"trade_seq": 4639, "trade_id": "138274851", "timestamp": 1616594862842, "tick_direction": 0, "price": 0.2265, "mark_price": 0.22605103, "iv": 171.74, "instrument_name": "BTC-26MAR21-44000-C", "index_price": 56755.7, "direction": "sell", "amount": 0.1}, {"trade_seq": 4638, "trade_id": "138274682", "timestamp": 1616594819376, "tick_direction": 0, "price": 0.226, "mark_price": 0.22561925, "iv": 168.51, "instrument_name": "BTC-26MAR21-44000-C", "index_price": 56729.79, "direction": "sell", "amount": 0.1}, {"trade_seq": 4637, "trade_id": "138274621", "timestamp": 1616594796814, "tick_direction": 3, "price": 0.2255, "mark_price": 0.22524247, "iv": 162.22, "instrument_name": "BTC-26MAR21-44000-C", "index_price": 56704.95, "direction": "sell", "amount": 0.1}, {"trade_seq": 4636, "trade_id": "138274590", "timestamp": 1616594786517, "tick_direction": 2, "price": 0.2255, "mark_price": 0.22525157, "iv": 161.39, "instrument_name": "BTC-26MAR21-44000-C", "index_price": 56708.75, "direction": "sell", "amount": 0.1}, {"trade_seq": 4635, "trade_id": "138274548", "timestamp": 1616594775006, "tick_direction": 0, "price": 0.226, "mark_price": 0.22523559, "iv": 183.55, "instrument_name": "BTC-26MAR21-44000-C", "index_price": 56712.98, "direction": "sell", "amount": 0.1}, {"trade_seq": 4634, "trade_id": "138274539", "timestamp": 1616594772524, "tick_direction": 1, "price": 0.2255, "mark_price": 0.22543528, "iv": 149.02, "instrument_name": "BTC-26MAR21-44000-C", "index_price": 56727.44, "direction": "sell", "amount": 0.1}, {"trade_seq": 4633, "trade_id": "138274323", "timestamp": 1616594741328, "tick_direction": 0, "price": 0.2255, "mark_price": 0.22499515, "iv": 173.49, "instrument_name": "BTC-26MAR21-44000-C", "index_price": 56689.65, "direction": "sell", "amount": 0.1}, {"trade_seq": 4632, "trade_id": "138274274", "timestamp": 1616594719909, "tick_direction": 3, "price": 0.225, "mark_price": 0.22467291, "iv": 166.19, "instrument_name": "BTC-26MAR21-44000-C", "index_price": 56660.56, "direction": "sell", "amount": 0.1}, {"trade_seq": 4631, "trade_id": "138274247", "timestamp": 1616594710159, "tick_direction": 3, "price": 0.225, "mark_price": 0.22472295, "iv": 161.25, "instrument_name": "BTC-26MAR21-44000-C", "index_price": 56667.63, "direction": "sell", "amount": 0.1}, {"trade_seq": 4630, "trade_id": "138274174", "timestamp": 1616594696976, "tick_direction": 3, "price": 0.225, "mark_price": 0.22452195, "iv": 173.46, "instrument_name": "BTC-26MAR21-44000-C", "index_price": 56650.82, "direction": "sell", "amount": 0.1}, {"trade_seq": 4629, "trade_id": "138274153", "timestamp": 1616594685737, "tick_direction": 3, "price": 0.225, "mark_price": 0.22461014, "iv": 168.55, "instrument_name": "BTC-26MAR21-44000-C", "index_price": 56659.58, "direction": "sell", "amount": 0.1}, {"trade_seq": 4628, "trade_id": "138274130", "timestamp": 1616594675352, "tick_direction": 3, "price": 0.225, "mark_price": 0.2245587, "iv": 170.76, "instrument_name": "BTC-26MAR21-44000-C", "index_price": 56657.43, "direction": "sell", "amount": 0.1}, {"trade_seq": 4627, "trade_id": "138274113", "timestamp": 1616594664478, "tick_direction": 3, "price": 0.225, "mark_price": 0.22460476, "iv": 168.82, "instrument_name": "BTC-26MAR21-44000-C", "index_price": 56663.97, "direction": "sell", "amount": 0.1}, {"trade_seq": 4626, "trade_id": "138274088", "timestamp": 1616594660275, "tick_direction": 3, "price": 0.225, "mark_price": 0.22513124, "iv": 110.39, "instrument_name": "BTC-26MAR21-44000-C", "index_price": 56696.13, "direction": "sell", "amount": 0.1}, {"trade_seq": 4625, "trade_id": "138273934", "timestamp": 1616594642424, "tick_direction": 2, "price": 0.225, "mark_price": 0.22459245, "iv": 169.41, "instrument_name": "BTC-26MAR21-44000-C", "index_price": 56663.23, "direction": "sell", "amount": 0.1}, {"trade_seq": 4624, "trade_id": "138273866", "timestamp": 1616594631522, "tick_direction": 3, "price": 0.2255, "mark_price": 0.22491306, "iv": 180.77, "instrument_name": "BTC-26MAR21-44000-C", "index_price": 56666.27, "direction": "sell", "amount": 0.1}, {"trade_seq": 4623, "trade_id": "138273806", "timestamp": 1616594627542, "tick_direction": 2, "price": 0.2255, "mark_price": 0.22521871, "iv": 163.78, "instrument_name": "BTC-26MAR21-44000-C", "index_price": 56702.11, "direction": "sell", "amount": 0.1}, {"trade_seq": 4622, "trade_id": "138273676", "timestamp": 1616594610707, "tick_direction": 2, "price": 0.226, "mark_price": 0.22541302, "iv": 176.68, "instrument_name": "BTC-26MAR21-44000-C", "index_price": 56701.56, "direction": "sell", "amount": 0.1}, {"trade_seq": 4621, "trade_id": "138273445", "timestamp": 1616594577335, "tick_direction": 2, "price": 0.2265, "mark_price": 0.22560196, "iv": 187.06, "instrument_name": "BTC-26MAR21-44000-C", "index_price": 56727.79, "direction": "sell", "amount": 0.1}, {"trade_seq": 4620, "trade_id": "138273329", "timestamp": 1616594563339, "tick_direction": 3, "price": 0.227, "mark_price": 0.22610422, "iv": 194.31, "instrument_name": "BTC-26MAR21-44000-C", "index_price": 56762.88, "direction": "sell", "amount": 0.1}, {"trade_seq": 4619, "trade_id": "138273180", "timestamp": 1616594552059, "tick_direction": 3, "price": 0.227, "mark_price": 0.22629156, "iv": 181.67, "instrument_name": "BTC-26MAR21-44000-C", "index_price": 56795.4, "direction": "sell", "amount": 0.1}, {"trade_seq": 4618, "trade_id": "138273147", "timestamp": 1616594540855, "tick_direction": 3, "price": 0.227, "mark_price": 0.22635942, "iv": 180.19, "instrument_name": "BTC-26MAR21-44000-C", "index_price": 56797.35, "direction": "sell", "amount": 0.1}, {"trade_seq": 4617, "trade_id": "138273087", "timestamp": 1616594534516, "tick_direction": 2, "price": 0.227, "mark_price": 0.22667428, "iv": 166.72, "instrument_name": "BTC-26MAR21-44000-C", "index_price": 56817.48, "direction": "sell", "amount": 0.1}, {"trade_seq": 4616, "trade_id": "138272992", "timestamp": 1616594517274, "tick_direction": 0, "price": 0.228, "mark_price": 0.22688857, "iv": 193.79, "instrument_name": "BTC-26MAR21-44000-C", "index_price": 56836.91, "direction": "sell", "amount": 0.1}, {"trade_seq": 4615, "trade_id": "138268334", "timestamp": 1616593743333, "tick_direction": 3, "price": 0.222, "mark_price": 0.22149616, "iv": 171.8, "instrument_name": "BTC-26MAR21-44000-C", "index_price": 56448.2, "direction": "sell", "amount": 0.1}, {"trade_seq": 4614, "trade_id": "138268252", "timestamp": 1616593735118, "tick_direction": 2, "price": 0.222, "mark_price": 0.22122893, "iv": 182.49, "instrument_name": "BTC-26MAR21-44000-C", "index_price": 56451.64, "direction": "sell", "amount": 0.1}, {"trade_seq": 4613, "trade_id": "138267643", "timestamp": 1616593721945, "tick_direction": 2, "price": 0.224, "mark_price": 0.22345546, "iv": 187.79, "instrument_name": "BTC-26MAR21-44000-C", "index_price": 56561.27, "direction": "sell", "amount": 0.1}, {"trade_seq": 4612, "trade_id": "138267420", "timestamp": 1616593710515, "tick_direction": 1, "price": 0.2245, "mark_price": 0.22415488, "iv": 170.46, "instrument_name": "BTC-26MAR21-44000-C", "index_price": 56633.52, "direction": "sell", "amount": 0.1}, {"trade_seq": 4611, "trade_id": "138267381", "timestamp": 1616593701864, "tick_direction": 1, "price": 0.2245, "mark_price": 0.22435294, "iv": 161.41, "instrument_name": "BTC-26MAR21-44000-C", "index_price": 56645.9, "direction": "sell", "amount": 0.1}, {"trade_seq": 4610, "trade_id": "138267369", "timestamp": 1616593695416, "tick_direction": 0, "price": 0.2245, "mark_price": 0.22453486, "iv": 149.64, "instrument_name": "BTC-26MAR21-44000-C", "index_price": 56658.98, "direction": "sell", "amount": 0.1}, {"trade_seq": 4609, "trade_id": "138267158", "timestamp": 1616593671531, "tick_direction": 2, "price": 0.224, "mark_price": 0.22421136, "iv": 127.04, "instrument_name": "BTC-26MAR21-44000-C", "index_price": 56648.48, "direction": "sell", "amount": 0.1}, {"trade_seq": 4608, "trade_id": "138267037", "timestamp": 1616593661681, "tick_direction": 2, "price": 0.2255, "mark_price": 0.22488996, "iv": 180.41, "instrument_name": "BTC-26MAR21-44000-C", "index_price": 56688.94, "direction": "sell", "amount": 0.1}, {"trade_seq": 4607, "trade_id": "138266948", "timestamp": 1616593633507, "tick_direction": 3, "price": 0.2265, "mark_price": 0.2251914, "iv": 197.89, "instrument_name": "BTC-26MAR21-44000-C", "index_price": 56721.05, "direction": "sell", "amount": 0.1}, {"trade_seq": 4606, "trade_id": "138266259", "timestamp": 1616593601250, "tick_direction": 2, "price": 0.2265, "mark_price": 0.22557959, "iv": 189.72, "instrument_name": "BTC-26MAR21-44000-C", "index_price": 56750.61, "direction": "sell", "amount": 0.1}, {"trade_seq": 4605, "trade_id": "138266103", "timestamp": 1616593584127, "tick_direction": 2, "price": 0.227, "mark_price": 0.22635942, "iv": 183.66, "instrument_name": "BTC-26MAR21-44000-C", "index_price": 56791.03, "direction": "sell", "amount": 0.1}, {"trade_seq": 4604, "trade_id": "138265998", "timestamp": 1616593559317, "tick_direction": 2, "price": 0.2275, "mark_price": 0.2268627, "iv": 183.88, "instrument_name": "BTC-26MAR21-44000-C", "index_price": 56838.3, "direction": "sell", "amount": 0.1}, {"trade_seq": 4603, "trade_id": "138265917", "timestamp": 1616593531169, "tick_direction": 0, "price": 0.228, "mark_price": 0.22696709, "iv": 193.87, "instrument_name": "BTC-26MAR21-44000-C", "index_price": 56858.92, "direction": "sell", "amount": 0.1}, {"trade_seq": 4602, "trade_id": "138265799", "timestamp": 1616593493519, "tick_direction": 2, "price": 0.227, "mark_price": 0.22619911, "iv": 187.18, "instrument_name": "BTC-26MAR21-44000-C", "index_price": 56791.47, "direction": "sell", "amount": 0.1}, {"trade_seq": 4601, "trade_id": "138265666", "timestamp": 1616593469561, "tick_direction": 2, "price": 0.228, "mark_price": 0.22698035, "iv": 194.48, "instrument_name": "BTC-26MAR21-44000-C", "index_price": 56841.54, "direction": "sell", "amount": 0.1}, {"trade_seq": 4600, "trade_id": "138265377", "timestamp": 1616593435957, "tick_direction": 0, "price": 0.2285, "mark_price": 0.22706648, "iv": 203.35, "instrument_name": "BTC-26MAR21-44000-C", "index_price": 56852.99, "direction": "sell", "amount": 0.1}, {"trade_seq": 4599, "trade_id": "138265375", "timestamp": 1616593435371, "tick_direction": 3, "price": 0.228, "mark_price": 0.22707287, "iv": 191.4, "instrument_name": "BTC-26MAR21-44000-C", "index_price": 56852.25, "direction": "sell", "amount": 0.1}, {"trade_seq": 4598, "trade_id": "138265257", "timestamp": 1616593404723, "tick_direction": 2, "price": 0.228, "mark_price": 0.22748721, "iv": 178.98, "instrument_name": "BTC-26MAR21-44000-C", "index_price": 56892.29, "direction": "sell", "amount": 0.1}, {"trade_seq": 4597, "trade_id": "138265228", "timestamp": 1616593380924, "tick_direction": 0, "price": 0.2285, "mark_price": 0.22742732, "iv": 195.53, "instrument_name": "BTC-26MAR21-44000-C", "index_price": 56876.22, "direction": "sell", "amount": 0.1}, {"trade_seq": 4596, "trade_id": "138265223", "timestamp": 1616593379686, "tick_direction": 3, "price": 0.228, "mark_price": 0.22741646, "iv": 180.82, "instrument_name": "BTC-26MAR21-44000-C", "index_price": 56883.2, "direction": "sell", "amount": 0.1}, {"trade_seq": 4595, "trade_id": "138265189", "timestamp": 1616593352391, "tick_direction": 3, "price": 0.228, "mark_price": 0.22737984, "iv": 182.4, "instrument_name": "BTC-26MAR21-44000-C", "index_price": 56878.3, "direction": "sell", "amount": 0.1}, {"trade_seq": 4594, "trade_id": "138265166", "timestamp": 1616593332112, "tick_direction": 2, "price": 0.228, "mark_price": 0.22741813, "iv": 181.12, "instrument_name": "BTC-26MAR21-44000-C", "index_price": 56876.43, "direction": "sell", "amount": 0.1}, {"trade_seq": 4593, "trade_id": "138264917", "timestamp": 1616593293558, "tick_direction": 0, "price": 0.2285, "mark_price": 0.22720308, "iv": 200.37, "instrument_name": "BTC-26MAR21-44000-C", "index_price": 56872.17, "direction": "sell", "amount": 0.1}, {"trade_seq": 4592, "trade_id": "138264911", "timestamp": 1616593292387, "tick_direction": 2, "price": 0.228, "mark_price": 0.22735704, "iv": 183.07, "instrument_name": "BTC-26MAR21-44000-C", "index_price": 56874.81, "direction": "sell", "amount": 0.1}, {"trade_seq": 4591, "trade_id": "138264737", "timestamp": 1616593260797, "tick_direction": 2, "price": 0.229, "mark_price": 0.2280021, "iv": 194.93, "instrument_name": "BTC-26MAR21-44000-C", "index_price": 56919.25, "direction": "sell", "amount": 0.1}, {"trade_seq": 4590, "trade_id": "138264529", "timestamp": 1616593227288, "tick_direction": 2, "price": 0.2295, "mark_price": 0.22853658, "iv": 198.09, "instrument_name": "BTC-26MAR21-44000-C", "index_price": 56947.12, "direction": "sell", "amount": 0.1}, {"trade_seq": 4589, "trade_id": "138264203", "timestamp": 1616593172040, "tick_direction": 2, "price": 0.23, "mark_price": 0.22870835, "iv": 201.12, "instrument_name": "BTC-26MAR21-44000-C", "index_price": 56989.41, "direction": "sell", "amount": 0.1}, {"trade_seq": 4588, "trade_id": "138263978", "timestamp": 1616593155676, "tick_direction": 0, "price": 0.231, "mark_price": 0.230062, "iv": 193.08, "instrument_name": "BTC-26MAR21-44000-C", "index_price": 57084.52, "direction": "sell", "amount": 0.1}, {"trade_seq": 4587, "trade_id": "138263757", "timestamp": 1616593127663, "tick_direction": 3, "price": 0.2305, "mark_price": 0.2296989, "iv": 188.98, "instrument_name": "BTC-26MAR21-44000-C", "index_price": 57057.1, "direction": "sell", "amount": 0.1}, {"trade_seq": 4586, "trade_id": "138263725", "timestamp": 1616593125511, "tick_direction": 2, "price": 0.2305, "mark_price": 0.22970562, "iv": 188.79, "instrument_name": "BTC-26MAR21-44000-C", "index_price": 57064.52, "direction": "sell", "amount": 0.1}, {"trade_seq": 4585, "trade_id": "138263572", "timestamp": 1616593094421, "tick_direction": 2, "price": 0.2315, "mark_price": 0.23059531, "iv": 192.44, "instrument_name": "BTC-26MAR21-44000-C", "index_price": 57137.75, "direction": "sell", "amount": 0.1}, {"trade_seq": 4584, "trade_id": "138263414", "timestamp": 1616593061371, "tick_direction": 2, "price": 0.232, "mark_price": 0.23108928, "iv": 192.86, "instrument_name": "BTC-26MAR21-44000-C", "index_price": 57160.64, "direction": "sell", "amount": 0.1}, {"trade_seq": 4583, "trade_id": "138263133", "timestamp": 1616593028963, "tick_direction": 0, "price": 0.233, "mark_price": 0.23094866, "iv": 218.08, "instrument_name": "BTC-26MAR21-44000-C", "index_price": 57149.21, "direction": "sell", "amount": 0.1}, {"trade_seq": 4582, "trade_id": "138258475", "timestamp": 1616591794313, "tick_direction": 2, "price": 0.2285, "mark_price": 0.22793338, "iv": 179.39, "instrument_name": "BTC-26MAR21-44000-C", "index_price": 56924.83, "direction": "sell", "amount": 0.1}, {"trade_seq": 4581, "trade_id": "138258426", "timestamp": 1616591773232, "tick_direction": 0, "price": 0.229, "mark_price": 0.22786772, "iv": 195.28, "instrument_name": "BTC-26MAR21-44000-C", "index_price": 56923.17, "direction": "sell", "amount": 0.1}, {"trade_seq": 4580, "trade_id": "138258208", "timestamp": 1616591674084, "tick_direction": 0, "price": 0.2285, "mark_price": 0.22768965, "iv": 186.71, "instrument_name": "BTC-26MAR21-44000-C", "index_price": 56904.19, "direction": "sell", "amount": 0.1}, {"trade_seq": 4579, "trade_id": "138258131", "timestamp": 1616591642182, "tick_direction": 0, "price": 0.228, "mark_price": 0.22747068, "iv": 177.39, "instrument_name": "BTC-26MAR21-44000-C", "index_price": 56889.29, "direction": "sell", "amount": 0.1}, {"trade_seq": 4578, "trade_id": "138257808", "timestamp": 1616591451552, "tick_direction": 0, "price": 0.227, "mark_price": 0.22622474, "iv": 184.3, "instrument_name": "BTC-26MAR21-44000-C", "index_price": 56812.75, "direction": "sell", "amount": 0.1}, {"trade_seq": 4577, "trade_id": "138073428", "timestamp": 1616539216003, "tick_direction": 1, "price": 0.2, "mark_price": 0.1999751, "iv": 149.19, "instrument_name": "BTC-26MAR21-44000-C", "index_price": 54843.01, "direction": "buy", "amount": 0.1}, {"trade_seq": 4576, "trade_id": "138073423", "timestamp": 1616539215925, "tick_direction": 1, "price": 0.2, "mark_price": 0.1999751, "iv": 149.19, "instrument_name": "BTC-26MAR21-44000-C", "index_price": 54843.01, "direction": "buy", "amount": 0.4}, {"trade_seq": 4575, "trade_id": "138073390", "timestamp": 1616539215700, "tick_direction": 1, "price": 0.2, "mark_price": 0.19997245, "iv": 149.19, "instrument_name": "BTC-26MAR21-44000-C", "index_price": 54843.01, "direction": "buy", "amount": 0.3}, {"trade_seq": 4574, "trade_id": "138073389", "timestamp": 1616539215691, "tick_direction": 1, "price": 0.2, "mark_price": 0.19997245, "iv": 149.19, "instrument_name": "BTC-26MAR21-44000-C", "index_price": 54843.01, "direction": "buy", "amount": 0.1}, {"trade_seq": 4573, "trade_id": "138073388", "timestamp": 1616539215681, "tick_direction": 1, "price": 0.2, "mark_price": 0.19997245, "iv": 149.19, "instrument_name": "BTC-26MAR21-44000-C", "index_price": 54843.01, "direction": "buy", "amount": 0.4}, {"trade_seq": 4572, "trade_id": "138073384", "timestamp": 1616539215607, "tick_direction": 1, "price": 0.2, "mark_price": 0.19997245, "iv": 149.19, "instrument_name": "BTC-26MAR21-44000-C", "index_price": 54843.01, "direction": "buy", "amount": 0.3}, {"trade_seq": 4571, "trade_id": "138073299", "timestamp": 1616539202678, "tick_direction": 1, "price": 0.2, "mark_price": 0.19950187, "iv": 153.13, "instrument_name": "BTC-26MAR21-44000-C", "index_price": 54829.78, "direction": "buy", "amount": 0.1}, {"trade_seq": 4570, "trade_id": "138073298", "timestamp": 1616539202411, "tick_direction": 1, "price": 0.2, "mark_price": 0.19950187, "iv": 153.13, "instrument_name": "BTC-26MAR21-44000-C", "index_price": 54829.78, "direction": "buy", "amount": 0.1}, {"trade_seq": 4569, "trade_id": "138073297", "timestamp": 1616539202311, "tick_direction": 0, "price": 0.2, "mark_price": 0.19950187, "iv": 153.13, "instrument_name": "BTC-26MAR21-44000-C", "index_price": 54829.78, "direction": "buy", "amount": 0.2}, {"trade_seq": 4568, "trade_id": "138070873", "timestamp": 1616537828887, "tick_direction": 3, "price": 0.1965, "mark_price": 0.19753091, "iv": 120.67, "instrument_name": "BTC-26MAR21-44000-C", "index_price": 54670.51, "direction": "buy", "amount": 1.9}, {"trade_seq": 4567, "trade_id": "138070872", "timestamp": 1616537828861, "tick_direction": 3, "price": 0.1965, "mark_price": 0.19753091, "iv": 120.67, "instrument_name": "BTC-26MAR21-44000-C", "index_price": 54670.51, "direction": "buy", "amount": 0.1}, {"trade_seq": 4566, "trade_id": "138065566", "timestamp": 1616535972387, "tick_direction": 2, "price": 0.1965, "mark_price": 0.19503877, "iv": 170.33, "instrument_name": "BTC-26MAR21-44000-C", "index_price": 54433.59, "direction": "sell", "amount": 1.0}, {"trade_seq": 4565, "trade_id": "137721487", "timestamp": 1616437704858, "tick_direction": 3, "price": 0.2315, "mark_price": 0.23106891, "iv": 144.3, "instrument_name": "BTC-26MAR21-44000-C", "index_price": 57028.21, "direction": "sell", "amount": 0.4}, {"trade_seq": 4564, "trade_id": "137721458", "timestamp": 1616437702480, "tick_direction": 2, "price": 0.2315, "mark_price": 0.23111981, "iv": 143.76, "instrument_name": "BTC-26MAR21-44000-C", "index_price": 57032.87, "direction": "sell", "amount": 0.6}, {"trade_seq": 4563, "trade_id": "137698616", "timestamp": 1616428864131, "tick_direction": 0, "price": 0.2345, "mark_price": 0.23324126, "iv": 157.6, "instrument_name": "BTC-26MAR21-44000-C", "index_price": 57182.7, "direction": "buy", "amount": 2.0}, {"trade_seq": 4562, "trade_id": "137698412", "timestamp": 1616428787136, "tick_direction": 3, "price": 0.2315, "mark_price": 0.23152771, "iv": 139.38, "instrument_name": "BTC-26MAR21-44000-C", "index_price": 57070.07, "direction": "buy", "amount": 0.1}, {"trade_seq": 4561, "trade_id": "137698374", "timestamp": 1616428765277, "tick_direction": 3, "price": 0.2315, "mark_price": 0.23158801, "iv": 139.25, "instrument_name": "BTC-26MAR21-44000-C", "index_price": 57066.46, "direction": "buy", "amount": 0.3}, {"trade_seq": 4560, "trade_id": "137698373", "timestamp": 1616428765257, "tick_direction": 2, "price": 0.2315, "mark_price": 0.23158801, "iv": 139.25, "instrument_name": "BTC-26MAR21-44000-C", "index_price": 57066.46, "direction": "buy", "amount": 0.1}, {"trade_seq": 4559, "trade_id": "137308637", "timestamp": 1616246446420, "tick_direction": 1, "price": 0.27, "mark_price": 0.27040797, "iv": 128.53, "instrument_name": "BTC-26MAR21-44000-C", "index_price": 59810.01, "direction": "buy", "amount": 0.1}, {"trade_seq": 4558, "trade_id": "137308629", "timestamp": 1616246445226, "tick_direction": 1, "price": 0.27, "mark_price": 0.2703906, "iv": 128.87, "instrument_name": "BTC-26MAR21-44000-C", "index_price": 59809.59, "direction": "buy", "amount": 0.1}, {"trade_seq": 4557, "trade_id": "137308465", "timestamp": 1616246430761, "tick_direction": 1, "price": 0.27, "mark_price": 0.27013059, "iv": 132.53, "instrument_name": "BTC-26MAR21-44000-C", "index_price": 59795.6, "direction": "buy", "amount": 0.2}, {"trade_seq": 4556, "trade_id": "137308464", "timestamp": 1616246429496, "tick_direction": 1, "price": 0.27, "mark_price": 0.27014393, "iv": 132.59, "instrument_name": "BTC-26MAR21-44000-C", "index_price": 59795.85, "direction": "buy", "amount": 0.1}, {"trade_seq": 4555, "trade_id": "137308463", "timestamp": 1616246428038, "tick_direction": 1, "price": 0.27, "mark_price": 0.27014036, "iv": 132.39, "instrument_name": "BTC-26MAR21-44000-C", "index_price": 59797.84, "direction": "buy", "amount": 0.1}, {"trade_seq": 4554, "trade_id": "137308462", "timestamp": 1616246428035, "tick_direction": 1, "price": 0.27, "mark_price": 0.27014036, "iv": 132.39, "instrument_name": "BTC-26MAR21-44000-C", "index_price": 59797.84, "direction": "buy", "amount": 0.8}, {"trade_seq": 4553, "trade_id": "137308461", "timestamp": 1616246427973, "tick_direction": 0, "price": 0.27, "mark_price": 0.27014036, "iv": 132.39, "instrument_name": "BTC-26MAR21-44000-C", "index_price": 59797.84, "direction": "buy", "amount": 0.1}, {"trade_seq": 4552, "trade_id": "137023900", "timestamp": 1616099010247, "tick_direction": 2, "price": 0.24, "mark_price": 0.24115437, "iv": 108.3, "instrument_name": "BTC-26MAR21-44000-C", "index_price": 57511.37, "direction": "buy", "amount": 1.0}, {"trade_seq": 4551, "trade_id": "137010121", "timestamp": 1616096600267, "tick_direction": 3, "price": 0.2475, "mark_price": 0.2497128, "iv": 93.25, "instrument_name": "BTC-26MAR21-44000-C", "index_price": 58178.74, "direction": "buy", "amount": 10.4}, {"trade_seq": 4550, "trade_id": "137010120", "timestamp": 1616096600262, "tick_direction": 3, "price": 0.2475, "mark_price": 0.2497128, "iv": 93.25, "instrument_name": "BTC-26MAR21-44000-C", "index_price": 58178.74, "direction": "sell", "amount": 1.5}, {"trade_seq": 4549, "trade_id": "137010119", "timestamp": 1616096600262, "tick_direction": 3, "price": 0.2475, "mark_price": 0.2497128, "iv": 93.25, "instrument_name": "BTC-26MAR21-44000-C", "index_price": 58178.74, "direction": "sell", "amount": 3.0}, {"trade_seq": 4548, "trade_id": "137010118", "timestamp": 1616096600262, "tick_direction": 2, "price": 0.2475, "mark_price": 0.2497128, "iv": 93.25, "instrument_name": "BTC-26MAR21-44000-C", "index_price": 58178.74, "direction": "sell", "amount": 0.1}, {"trade_seq": 4547, "trade_id": "136996805", "timestamp": 1616093163367, "tick_direction": 2, "price": 0.2535, "mark_price": 0.24958397, "iv": 144.92, "instrument_name": "BTC-26MAR21-44000-C", "index_price": 58154.81, "direction": "sell", "amount": 0.1}, {"trade_seq": 4546, "trade_id": "136952524", "timestamp": 1616082397415, "tick_direction": 1, "price": 0.266, "mark_price": 0.26601496, "iv": 123.16, "instrument_name": "BTC-26MAR21-44000-C", "index_price": 59448.0, "direction": "buy", "amount": 0.1}, {"trade_seq": 4545, "trade_id": "136952514", "timestamp": 1616082397361, "tick_direction": 1, "price": 0.266, "mark_price": 0.26601496, "iv": 123.16, "instrument_name": "BTC-26MAR21-44000-C", "index_price": 59448.0, "direction": "buy", "amount": 0.1}, {"trade_seq": 4544, "trade_id": "136952512", "timestamp": 1616082397307, "tick_direction": 0, "price": 0.266, "mark_price": 0.26601496, "iv": 123.16, "instrument_name": "BTC-26MAR21-44000-C", "index_price": 59448.0, "direction": "buy", "amount": 0.3}, {"trade_seq": 4543, "trade_id": "136715176", "timestamp": 1616004020708, "tick_direction": 0, "price": 0.22, "mark_price": 0.21923283, "iv": 119.01, "instrument_name": "BTC-26MAR21-44000-C", "index_price": 55692.43, "direction": "buy", "amount": 0.5}, {"trade_seq": 4542, "trade_id": "136386806", "timestamp": 1615881796997, "tick_direction": 1, "price": 0.215, "mark_price": 0.21505945, "iv": 108.51, "instrument_name": "BTC-26MAR21-44000-C", "index_price": 55346.35, "direction": "sell", "amount": 0.2}, {"trade_seq": 4541, "trade_id": "136384637", "timestamp": 1615881243428, "tick_direction": 0, "price": 0.215, "mark_price": 0.21383893, "iv": 112.92, "instrument_name": "BTC-26MAR21-44000-C", "index_price": 55256.26, "direction": "sell", "amount": 0.1}, {"trade_seq": 4540, "trade_id": "136382108", "timestamp": 1615880612292, "tick_direction": 3, "price": 0.2125, "mark_price": 0.21415808, "iv": 102.86, "instrument_name": "BTC-26MAR21-44000-C", "index_price": 55176.18, "direction": "sell", "amount": 0.2}, {"trade_seq": 4539, "trade_id": "136382104", "timestamp": 1615880612242, "tick_direction": 3, "price": 0.2125, "mark_price": 0.21415808, "iv": 102.86, "instrument_name": "BTC-26MAR21-44000-C", "index_price": 55176.18, "direction": "sell", "amount": 0.6}, {"trade_seq": 4538, "trade_id": "136382082", "timestamp": 1615880612155, "tick_direction": 2, "price": 0.2125, "mark_price": 0.21415808, "iv": 102.86, "instrument_name": "BTC-26MAR21-44000-C", "index_price": 55176.18, "direction": "sell", "amount": 0.7}, {"trade_seq": 4537, "trade_id": "135655524", "timestamp": 1615667552238, "tick_direction": 1, "price": 0.3, "mark_price": 0.3000969, "iv": 114.22, "instrument_name": "BTC-26MAR21-44000-C", "index_price": 61516.16, "direction": "buy", "amount": 0.2}, {"trade_seq": 4536, "trade_id": "135655514", "timestamp": 1615667551031, "tick_direction": 1, "price": 0.3, "mark_price": 0.30007605, "iv": 114.35, "instrument_name": "BTC-26MAR21-44000-C", "index_price": 61511.18, "direction": "buy", "amount": 0.1}, {"trade_seq": 4535, "trade_id": "135655511", "timestamp": 1615667550892, "tick_direction": 1, "price": 0.3, "mark_price": 0.29992217, "iv": 114.35, "instrument_name": "BTC-26MAR21-44000-C", "index_price": 61511.18, "direction": "buy", "amount": 0.3}, {"trade_seq": 4534, "trade_id": "135655507", "timestamp": 1615667550661, "tick_direction": 1, "price": 0.3, "mark_price": 0.29992217, "iv": 114.35, "instrument_name": "BTC-26MAR21-44000-C", "index_price": 61511.18, "direction": "buy", "amount": 0.2}, {"trade_seq": 4533, "trade_id": "135655500", "timestamp": 1615667549743, "tick_direction": 0, "price": 0.3, "mark_price": 0.29983032, "iv": 115.33, "instrument_name": "BTC-26MAR21-44000-C", "index_price": 61505.95, "direction": "buy", "amount": 0.2}, {"trade_seq": 4532, "trade_id": "135650081", "timestamp": 1615666381475, "tick_direction": 1, "price": 0.295, "mark_price": 0.29574154, "iv": 110.52, "instrument_name": "BTC-26MAR21-44000-C", "index_price": 61108.34, "direction": "buy", "amount": 0.2}, {"trade_seq": 4531, "trade_id": "135650072", "timestamp": 1615666381126, "tick_direction": 1, "price": 0.295, "mark_price": 0.2956552, "iv": 110.52, "instrument_name": "BTC-26MAR21-44000-C", "index_price": 61108.34, "direction": "buy", "amount": 0.2}, {"trade_seq": 4530, "trade_id": "135650065", "timestamp": 1615666381084, "tick_direction": 1, "price": 0.295, "mark_price": 0.2956552, "iv": 110.52, "instrument_name": "BTC-26MAR21-44000-C", "index_price": 61108.34, "direction": "buy", "amount": 0.1}, {"trade_seq": 4529, "trade_id": "135650064", "timestamp": 1615666381059, "tick_direction": 1, "price": 0.295, "mark_price": 0.2956552, "iv": 110.52, "instrument_name": "BTC-26MAR21-44000-C", "index_price": 61108.34, "direction": "buy", "amount": 0.2}, {"trade_seq": 4528, "trade_id": "135650063", "timestamp": 1615666380886, "tick_direction": 0, "price": 0.295, "mark_price": 0.2956552, "iv": 110.67, "instrument_name": "BTC-26MAR21-44000-C", "index_price": 61108.69, "direction": "buy", "amount": 0.3}, {"trade_seq": 4527, "trade_id": "135643947", "timestamp": 1615665025352, "tick_direction": 0, "price": 0.2865, "mark_price": 0.28906403, "iv": 95.5, "instrument_name": "BTC-26MAR21-44000-C", "index_price": 60592.46, "direction": "sell", "block_trade_id": "9229", "amount": 50.0}, {"trade_seq": 4526, "trade_id": "135555796", "timestamp": 1615638225907, "tick_direction": 1, "price": 0.285, "mark_price": 0.28445042, "iv": 115.98, "instrument_name": "BTC-26MAR21-44000-C", "index_price": 60094.96, "direction": "buy", "amount": 0.2}, {"trade_seq": 4525, "trade_id": "135555795", "timestamp": 1615638225733, "tick_direction": 1, "price": 0.285, "mark_price": 0.28445042, "iv": 115.98, "instrument_name": "BTC-26MAR21-44000-C", "index_price": 60094.96, "direction": "buy", "amount": 0.3}, {"trade_seq": 4524, "trade_id": "135555770", "timestamp": 1615638223027, "tick_direction": 1, "price": 0.285, "mark_price": 0.28413407, "iv": 117.63, "instrument_name": "BTC-26MAR21-44000-C", "index_price": 60072.78, "direction": "buy", "amount": 0.3}, {"trade_seq": 4523, "trade_id": "135555769", "timestamp": 1615638222983, "tick_direction": 0, "price": 0.285, "mark_price": 0.28413407, "iv": 117.63, "instrument_name": "BTC-26MAR21-44000-C", "index_price": 60072.78, "direction": "buy", "amount": 0.2}, {"trade_seq": 4522, "trade_id": "135497377", "timestamp": 1615630439431, "tick_direction": 1, "price": 0.275, "mark_price": 0.27396412, "iv": 113.64, "instrument_name": "BTC-26MAR21-44000-C", "index_price": 59055.13, "direction": "buy", "amount": 0.4}, {"trade_seq": 4521, "trade_id": "135497255", "timestamp": 1615630438098, "tick_direction": 0, "price": 0.275, "mark_price": 0.27394657, "iv": 114.05, "instrument_name": "BTC-26MAR21-44000-C", "index_price": 59030.63, "direction": "buy", "amount": 0.6}, {"trade_seq": 4520, "trade_id": "135490921", "timestamp": 1615630330168, "tick_direction": 0, "price": 0.265, "mark_price": 0.26390462, "iv": 113.21, "instrument_name": "BTC-26MAR21-44000-C", "index_price": 58334.57, "direction": "buy", "amount": 1.0}, {"trade_seq": 4519, "trade_id": "135489401", "timestamp": 1615630314217, "tick_direction": 0, "price": 0.26, "mark_price": 0.25890184, "iv": 112.89, "instrument_name": "BTC-26MAR21-44000-C", "index_price": 58047.84, "direction": "buy", "amount": 1.0}, {"trade_seq": 4518, "trade_id": "135404359", "timestamp": 1615582872953, "tick_direction": 1, "price": 0.24, "mark_price": 0.23988462, "iv": 108.83, "instrument_name": "BTC-26MAR21-44000-C", "index_price": 56708.62, "direction": "buy", "amount": 1.0}, {"trade_seq": 4517, "trade_id": "135404358", "timestamp": 1615582872953, "tick_direction": 0, "price": 0.24, "mark_price": 0.23988462, "iv": 108.83, "instrument_name": "BTC-26MAR21-44000-C", "index_price": 56708.62, "direction": "buy", "amount": 9.0}, {"trade_seq": 4516, "trade_id": "135403360", "timestamp": 1615582295741, "tick_direction": 2, "price": 0.2385, "mark_price": 0.23844213, "iv": 108.4, "instrument_name": "BTC-26MAR21-44000-C", "index_price": 56594.54, "direction": "buy", "amount": 1.0}, {"trade_seq": 4515, "trade_id": "135088105", "timestamp": 1615488076134, "tick_direction": 1, "price": 0.255, "mark_price": 0.25478301, "iv": 114.17, "instrument_name": "BTC-26MAR21-44000-C", "index_price": 57558.49, "direction": "buy", "amount": 0.3}, {"trade_seq": 4514, "trade_id": "135088100", "timestamp": 1615488075880, "tick_direction": 1, "price": 0.255, "mark_price": 0.25453483, "iv": 114.28, "instrument_name": "BTC-26MAR21-44000-C", "index_price": 57539.11, "direction": "buy", "amount": 0.1}, {"trade_seq": 4513, "trade_id": "135088093", "timestamp": 1615488075783, "tick_direction": 0, "price": 0.255, "mark_price": 0.25453483, "iv": 114.28, "instrument_name": "BTC-26MAR21-44000-C", "index_price": 57539.11, "direction": "buy", "amount": 0.6}, {"trade_seq": 4512, "trade_id": "134964871", "timestamp": 1615451703885, "tick_direction": 2, "price": 0.2185, "mark_price": 0.21767837, "iv": 104.38, "instrument_name": "BTC-26MAR21-44000-C", "index_price": 54840.88, "direction": "buy", "amount": 0.1}, {"trade_seq": 4511, "trade_id": "134812466", "timestamp": 1615395900410, "tick_direction": 0, "price": 0.25, "mark_price": 0.24762742, "iv": 113.29, "instrument_name": "BTC-26MAR21-44000-C", "index_price": 57014.18, "direction": "sell", "amount": 1.0}, {"trade_seq": 4510, "trade_id": "134786974", "timestamp": 1615388901252, "tick_direction": 3, "price": 0.239, "mark_price": 0.23872485, "iv": 105.28, "instrument_name": "BTC-26MAR21-44000-C", "index_price": 56312.44, "direction": "buy", "amount": 1.0}, {"trade_seq": 4509, "trade_id": "134786965", "timestamp": 1615388896222, "tick_direction": 2, "price": 0.239, "mark_price": 0.23884333, "iv": 104.95, "instrument_name": "BTC-26MAR21-44000-C", "index_price": 56322.81, "direction": "buy", "amount": 1.0}, {"trade_seq": 4508, "trade_id": "134783133", "timestamp": 1615387606035, "tick_direction": 1, "price": 0.24, "mark_price": 0.23977776, "iv": 105.12, "instrument_name": "BTC-26MAR21-44000-C", "index_price": 56398.52, "direction": "buy", "amount": 0.2}, {"trade_seq": 4507, "trade_id": "134783132", "timestamp": 1615387605977, "tick_direction": 1, "price": 0.24, "mark_price": 0.23977776, "iv": 105.12, "instrument_name": "BTC-26MAR21-44000-C", "index_price": 56398.52, "direction": "buy", "amount": 0.1}, {"trade_seq": 4506, "trade_id": "134783081", "timestamp": 1615387591727, "tick_direction": 1, "price": 0.24, "mark_price": 0.23971786, "iv": 105.63, "instrument_name": "BTC-26MAR21-44000-C", "index_price": 56385.81, "direction": "buy", "amount": 0.2}, {"trade_seq": 4505, "trade_id": "134783060", "timestamp": 1615387586122, "tick_direction": 1, "price": 0.24, "mark_price": 0.23964829, "iv": 105.82, "instrument_name": "BTC-26MAR21-44000-C", "index_price": 56380.65, "direction": "buy", "amount": 0.3}, {"trade_seq": 4504, "trade_id": "134783059", "timestamp": 1615387585766, "tick_direction": 1, "price": 0.24, "mark_price": 0.23961611, "iv": 105.91, "instrument_name": "BTC-26MAR21-44000-C", "index_price": 56377.7, "direction": "buy", "amount": 0.1}, {"trade_seq": 4503, "trade_id": "134783029", "timestamp": 1615387580101, "tick_direction": 0, "price": 0.24, "mark_price": 0.23950681, "iv": 106.15, "instrument_name": "BTC-26MAR21-44000-C", "index_price": 56368.97, "direction": "buy", "amount": 0.1}, {"trade_seq": 4502, "trade_id": "134780723", "timestamp": 1615386776308, "tick_direction": 1, "price": 0.237, "mark_price": 0.23680805, "iv": 104.57, "instrument_name": "BTC-26MAR21-44000-C", "index_price": 56145.85, "direction": "sell", "amount": 0.4}, {"trade_seq": 4501, "trade_id": "134780707", "timestamp": 1615386776175, "tick_direction": 0, "price": 0.237, "mark_price": 0.23680805, "iv": 104.54, "instrument_name": "BTC-26MAR21-44000-C", "index_price": 56155.59, "direction": "sell", "amount": 0.6}, {"trade_seq": 4500, "trade_id": "134704654", "timestamp": 1615363230401, "tick_direction": 2, "price": 0.212, "mark_price": 0.21237137, "iv": 101.84, "instrument_name": "BTC-26MAR21-44000-C", "index_price": 54300.72, "direction": "buy", "amount": 0.1}, {"trade_seq": 4499, "trade_id": "134624984", "timestamp": 1615335491840, "tick_direction": 0, "price": 0.229, "mark_price": 0.22776661, "iv": 104.52, "instrument_name": "BTC-26MAR21-44000-C", "index_price": 55496.52, "direction": "buy", "amount": 0.1}, {"trade_seq": 4498, "trade_id": "134610757", "timestamp": 1615332053248, "tick_direction": 0, "price": 0.22, "mark_price": 0.21999083, "iv": 100.52, "instrument_name": "BTC-26MAR21-44000-C", "index_price": 54839.71, "direction": "buy", "amount": 0.1}, {"trade_seq": 4497, "trade_id": "134466128", "timestamp": 1615267211565, "tick_direction": 1, "price": 0.213, "mark_price": 0.21281565, "iv": 100.87, "instrument_name": "BTC-26MAR21-44000-C", "index_price": 54150.1, "direction": "buy", "amount": 0.2}, {"trade_seq": 4496, "trade_id": "134466119", "timestamp": 1615267211314, "tick_direction": 0, "price": 0.213, "mark_price": 0.21281565, "iv": 100.87, "instrument_name": "BTC-26MAR21-44000-C", "index_price": 54150.1, "direction": "buy", "amount": 0.1}, {"trade_seq": 4495, "trade_id": "134462184", "timestamp": 1615264825806, "tick_direction": 1, "price": 0.211, "mark_price": 0.21023606, "iv": 101.8, "instrument_name": "BTC-26MAR21-44000-C", "index_price": 53916.64, "direction": "sell", "amount": 0.9}, {"trade_seq": 4494, "trade_id": "134462183", "timestamp": 1615264825794, "tick_direction": 0, "price": 0.211, "mark_price": 0.21023606, "iv": 101.8, "instrument_name": "BTC-26MAR21-44000-C", "index_price": 53916.64, "direction": "sell", "amount": 1.1}, {"trade_seq": 4493, "trade_id": "134452808", "timestamp": 1615261117800, "tick_direction": 0, "price": 0.2085, "mark_price": 0.20874754, "iv": 99.8, "instrument_name": "BTC-26MAR21-44000-C", "index_price": 53841.97, "direction": "sell", "amount": 0.6}, {"trade_seq": 4492, "trade_id": "134433453", "timestamp": 1615254095726, "tick_direction": 2, "price": 0.2, "mark_price": 0.20327495, "iv": 92.74, "instrument_name": "BTC-26MAR21-44000-C", "index_price": 53330.97, "direction": "buy", "amount": 1.0}, {"trade_seq": 4491, "trade_id": "134431135", "timestamp": 1615253804547, "tick_direction": 0, "price": 0.204, "mark_price": 0.20478954, "iv": 97.85, "instrument_name": "BTC-26MAR21-44000-C", "index_price": 53457.94, "direction": "buy", "amount": 0.1}, {"trade_seq": 4490, "trade_id": "134430616", "timestamp": 1615253718285, "tick_direction": 0, "price": 0.203, "mark_price": 0.20362244, "iv": 98.01, "instrument_name": "BTC-26MAR21-44000-C", "index_price": 53357.49, "direction": "buy", "amount": 0.1}, {"trade_seq": 4489, "trade_id": "134320188", "timestamp": 1615204963057, "tick_direction": 0, "price": 0.1595, "mark_price": 0.16294133, "iv": 90.09, "instrument_name": "BTC-26MAR21-44000-C", "index_price": 50408.08, "direction": "sell", "amount": 0.1}, {"trade_seq": 4488, "trade_id": "134016902", "timestamp": 1615050036199, "tick_direction": 3, "price": 0.132, "mark_price": 0.13232276, "iv": 92.88, "instrument_name": "BTC-26MAR21-44000-C", "index_price": 47729.29, "direction": "buy", "amount": 0.1}, {"trade_seq": 4487, "trade_id": "134016900", "timestamp": 1615050036026, "tick_direction": 3, "price": 0.132, "mark_price": 0.13232276, "iv": 92.88, "instrument_name": "BTC-26MAR21-44000-C", "index_price": 47729.29, "direction": "buy", "amount": 0.1}, {"trade_seq": 4486, "trade_id": "134016898", "timestamp": 1615050035921, "tick_direction": 2, "price": 0.132, "mark_price": 0.13242419, "iv": 92.88, "instrument_name": "BTC-26MAR21-44000-C", "index_price": 47729.29, "direction": "buy", "amount": 0.3}, {"trade_seq": 4485, "trade_id": "134016443", "timestamp": 1615049785178, "tick_direction": 3, "price": 0.1325, "mark_price": 0.13273352, "iv": 93.13, "instrument_name": "BTC-26MAR21-44000-C", "index_price": 47760.21, "direction": "buy", "amount": 0.1}, {"trade_seq": 4484, "trade_id": "134016442", "timestamp": 1615049784759, "tick_direction": 2, "price": 0.1325, "mark_price": 0.13273352, "iv": 93.13, "instrument_name": "BTC-26MAR21-44000-C", "index_price": 47760.21, "direction": "buy", "amount": 0.2}, {"trade_seq": 4483, "trade_id": "133834937", "timestamp": 1614957392571, "tick_direction": 0, "price": 0.145, "mark_price": 0.14667361, "iv": 98.48, "instrument_name": "BTC-26MAR21-44000-C", "index_price": 48396.73, "direction": "sell", "amount": 0.1}, {"trade_seq": 4482, "trade_id": "133825160", "timestamp": 1614955391733, "tick_direction": 0, "price": 0.143, "mark_price": 0.14607732, "iv": 96.81, "instrument_name": "BTC-26MAR21-44000-C", "index_price": 48334.51, "direction": "sell", "amount": 0.5}, {"trade_seq": 4481, "trade_id": "133736451", "timestamp": 1614928049804, "tick_direction": 1, "price": 0.1365, "mark_price": 0.13631803, "iv": 98.16, "instrument_name": "BTC-26MAR21-44000-C", "index_price": 47520.89, "direction": "buy", "amount": 0.1}, {"trade_seq": 4480, "trade_id": "133736449", "timestamp": 1614928049731, "tick_direction": 0, "price": 0.1365, "mark_price": 0.13631803, "iv": 98.16, "instrument_name": "BTC-26MAR21-44000-C", "index_price": 47520.89, "direction": "buy", "amount": 0.1}, {"trade_seq": 4479, "trade_id": "133720895", "timestamp": 1614920734537, "tick_direction": 0, "price": 0.1265, "mark_price": 0.12871653, "iv": 94.29, "instrument_name": "BTC-26MAR21-44000-C", "index_price": 46978.55, "direction": "sell", "amount": 10.0}, {"trade_seq": 4478, "trade_id": "133687911", "timestamp": 1614907639333, "tick_direction": 2, "price": 0.123, "mark_price": 0.12331083, "iv": 96.34, "instrument_name": "BTC-26MAR21-44000-C", "index_price": 46388.95, "direction": "buy", "amount": 0.1}, {"trade_seq": 4477, "trade_id": "133659810", "timestamp": 1614903095701, "tick_direction": 2, "price": 0.1235, "mark_price": 0.13096563, "iv": 84.68, "instrument_name": "BTC-26MAR21-44000-C", "index_price": 47350.85, "direction": "sell", "amount": 0.2}, {"trade_seq": 4476, "trade_id": "133647295", "timestamp": 1614900298926, "tick_direction": 1, "price": 0.144, "mark_price": 0.1460396, "iv": 92.18, "instrument_name": "BTC-26MAR21-44000-C", "index_price": 48480.91, "direction": "buy", "amount": 0.1}, {"trade_seq": 4475, "trade_id": "133647292", "timestamp": 1614900298718, "tick_direction": 1, "price": 0.144, "mark_price": 0.1460396, "iv": 92.18, "instrument_name": "BTC-26MAR21-44000-C", "index_price": 48480.91, "direction": "buy", "amount": 0.2}, {"trade_seq": 4474, "trade_id": "133647291", "timestamp": 1614900298669, "tick_direction": 1, "price": 0.144, "mark_price": 0.1460396, "iv": 92.18, "instrument_name": "BTC-26MAR21-44000-C", "index_price": 48480.91, "direction": "buy", "amount": 0.3}, {"trade_seq": 4473, "trade_id": "133647285", "timestamp": 1614900297752, "tick_direction": 0, "price": 0.144, "mark_price": 0.14600362, "iv": 92.18, "instrument_name": "BTC-26MAR21-44000-C", "index_price": 48479.83, "direction": "buy", "amount": 0.4}, {"trade_seq": 4472, "trade_id": "133642991", "timestamp": 1614899644355, "tick_direction": 2, "price": 0.142, "mark_price": 0.1442544, "iv": 94.12, "instrument_name": "BTC-26MAR21-44000-C", "index_price": 48171.37, "direction": "buy", "amount": 1.0}, {"trade_seq": 4471, "trade_id": "133470582", "timestamp": 1614852679037, "tick_direction": 3, "price": 0.151, "mark_price": 0.15306258, "iv": 88.56, "instrument_name": "BTC-26MAR21-44000-C", "index_price": 49208.66, "direction": "buy", "amount": 0.2}, {"trade_seq": 4470, "trade_id": "133470581", "timestamp": 1614852678586, "tick_direction": 3, "price": 0.151, "mark_price": 0.15306258, "iv": 88.56, "instrument_name": "BTC-26MAR21-44000-C", "index_price": 49208.66, "direction": "buy", "amount": 0.1}, {"trade_seq": 4469, "trade_id": "133470580", "timestamp": 1614852678547, "tick_direction": 3, "price": 0.151, "mark_price": 0.15306258, "iv": 88.56, "instrument_name": "BTC-26MAR21-44000-C", "index_price": 49208.66, "direction": "buy", "amount": 0.3}, {"trade_seq": 4468, "trade_id": "133470578", "timestamp": 1614852678387, "tick_direction": 3, "price": 0.151, "mark_price": 0.15298344, "iv": 88.54, "instrument_name": "BTC-26MAR21-44000-C", "index_price": 49208.02, "direction": "buy", "amount": 0.1}, {"trade_seq": 4467, "trade_id": "133470564", "timestamp": 1614852676896, "tick_direction": 3, "price": 0.151, "mark_price": 0.1530024, "iv": 88.65, "instrument_name": "BTC-26MAR21-44000-C", "index_price": 49202.52, "direction": "buy", "amount": 0.1}, {"trade_seq": 4466, "trade_id": "133470563", "timestamp": 1614852676783, "tick_direction": 3, "price": 0.151, "mark_price": 0.1530024, "iv": 88.65, "instrument_name": "BTC-26MAR21-44000-C", "index_price": 49202.52, "direction": "buy", "amount": 0.1}, {"trade_seq": 4465, "trade_id": "133470561", "timestamp": 1614852676602, "tick_direction": 3, "price": 0.151, "mark_price": 0.1530024, "iv": 88.65, "instrument_name": "BTC-26MAR21-44000-C", "index_price": 49202.52, "direction": "buy", "amount": 0.2}, {"trade_seq": 4464, "trade_id": "133470488", "timestamp": 1614852667622, "tick_direction": 3, "price": 0.151, "mark_price": 0.15321417, "iv": 88.37, "instrument_name": "BTC-26MAR21-44000-C", "index_price": 49206.17, "direction": "buy", "amount": 0.1}, {"trade_seq": 4463, "trade_id": "133470487", "timestamp": 1614852667374, "tick_direction": 3, "price": 0.151, "mark_price": 0.15324016, "iv": 88.37, "instrument_name": "BTC-26MAR21-44000-C", "index_price": 49204.79, "direction": "buy", "amount": 0.1}, {"trade_seq": 4462, "trade_id": "133470486", "timestamp": 1614852667302, "tick_direction": 3, "price": 0.151, "mark_price": 0.15324016, "iv": 88.37, "instrument_name": "BTC-26MAR21-44000-C", "index_price": 49204.79, "direction": "buy", "amount": 0.2}, {"trade_seq": 4461, "trade_id": "133470484", "timestamp": 1614852666495, "tick_direction": 3, "price": 0.151, "mark_price": 0.15324016, "iv": 88.37, "instrument_name": "BTC-26MAR21-44000-C", "index_price": 49204.79, "direction": "buy", "amount": 0.4}, {"trade_seq": 4460, "trade_id": "133470481", "timestamp": 1614852666217, "tick_direction": 3, "price": 0.151, "mark_price": 0.15319525, "iv": 88.34, "instrument_name": "BTC-26MAR21-44000-C", "index_price": 49206.53, "direction": "buy", "amount": 0.9}, {"trade_seq": 4459, "trade_id": "133470474", "timestamp": 1614852665962, "tick_direction": 3, "price": 0.151, "mark_price": 0.15319525, "iv": 88.34, "instrument_name": "BTC-26MAR21-44000-C", "index_price": 49206.53, "direction": "buy", "amount": 2.5}, {"trade_seq": 4458, "trade_id": "133470472", "timestamp": 1614852665923, "tick_direction": 3, "price": 0.151, "mark_price": 0.15319525, "iv": 88.34, "instrument_name": "BTC-26MAR21-44000-C", "index_price": 49206.53, "direction": "buy", "amount": 2.5}, {"trade_seq": 4457, "trade_id": "133470471", "timestamp": 1614852665923, "tick_direction": 3, "price": 0.151, "mark_price": 0.15319525, "iv": 88.34, "instrument_name": "BTC-26MAR21-44000-C", "index_price": 49206.53, "direction": "buy", "amount": 1.0}, {"trade_seq": 4456, "trade_id": "133470470", "timestamp": 1614852665921, "tick_direction": 3, "price": 0.151, "mark_price": 0.15319525, "iv": 88.34, "instrument_name": "BTC-26MAR21-44000-C", "index_price": 49206.53, "direction": "buy", "amount": 1.0}, {"trade_seq": 4455, "trade_id": "133470469", "timestamp": 1614852665919, "tick_direction": 3, "price": 0.151, "mark_price": 0.15319525, "iv": 88.34, "instrument_name": "BTC-26MAR21-44000-C", "index_price": 49206.53, "direction": "buy", "amount": 16.0}, {"trade_seq": 4454, "trade_id": "133470468", "timestamp": 1614852665912, "tick_direction": 2, "price": 0.151, "mark_price": 0.15319525, "iv": 88.34, "instrument_name": "BTC-26MAR21-44000-C", "index_price": 49206.53, "direction": "buy", "amount": 4.2}, {"trade_seq": 4453, "trade_id": "133448534", "timestamp": 1614849516639, "tick_direction": 2, "price": 0.154, "mark_price": 0.15431602, "iv": 90.03, "instrument_name": "BTC-26MAR21-44000-C", "index_price": 49314.51, "direction": "sell", "amount": 0.1}, {"trade_seq": 4452, "trade_id": "133441645", "timestamp": 1614847160721, "tick_direction": 3, "price": 0.171, "mark_price": 0.17290622, "iv": 94.15, "instrument_name": "BTC-26MAR21-44000-C", "index_price": 50458.96, "direction": "sell", "amount": 0.1}, {"trade_seq": 4451, "trade_id": "133441643", "timestamp": 1614847160527, "tick_direction": 3, "price": 0.171, "mark_price": 0.17290622, "iv": 94.15, "instrument_name": "BTC-26MAR21-44000-C", "index_price": 50458.96, "direction": "sell", "amount": 0.2}, {"trade_seq": 4450, "trade_id": "133441640", "timestamp": 1614847159652, "tick_direction": 2, "price": 0.171, "mark_price": 0.17293318, "iv": 94.12, "instrument_name": "BTC-26MAR21-44000-C", "index_price": 50458.89, "direction": "sell", "amount": 0.1}, {"trade_seq": 4449, "trade_id": "133222753", "timestamp": 1614774927657, "tick_direction": 0, "price": 0.1935, "mark_price": 0.19318368, "iv": 95.07, "instrument_name": "BTC-26MAR21-44000-C", "index_price": 51946.07, "direction": "buy", "amount": 0.1}, {"trade_seq": 4448, "trade_id": "133216523", "timestamp": 1614772770044, "tick_direction": 1, "price": 0.19, "mark_price": 0.18931619, "iv": 96.21, "instrument_name": "BTC-26MAR21-44000-C", "index_price": 51663.95, "direction": "buy", "amount": 0.2}, {"trade_seq": 4447, "trade_id": "133216520", "timestamp": 1614772769878, "tick_direction": 1, "price": 0.19, "mark_price": 0.18931619, "iv": 96.21, "instrument_name": "BTC-26MAR21-44000-C", "index_price": 51663.95, "direction": "buy", "amount": 0.1}, {"trade_seq": 4446, "trade_id": "133216518", "timestamp": 1614772769691, "tick_direction": 1, "price": 0.19, "mark_price": 0.18931619, "iv": 96.21, "instrument_name": "BTC-26MAR21-44000-C", "index_price": 51663.95, "direction": "buy", "amount": 0.2}, {"trade_seq": 4445, "trade_id": "133216504", "timestamp": 1614772769482, "tick_direction": 1, "price": 0.19, "mark_price": 0.18928709, "iv": 96.21, "instrument_name": "BTC-26MAR21-44000-C", "index_price": 51663.95, "direction": "buy", "amount": 0.2}, {"trade_seq": 4444, "trade_id": "133216499", "timestamp": 1614772769288, "tick_direction": 1, "price": 0.19, "mark_price": 0.18928709, "iv": 96.21, "instrument_name": "BTC-26MAR21-44000-C", "index_price": 51663.95, "direction": "buy", "amount": 0.2}, {"trade_seq": 4443, "trade_id": "133216493", "timestamp": 1614772768970, "tick_direction": 1, "price": 0.19, "mark_price": 0.18928709, "iv": 96.25, "instrument_name": "BTC-26MAR21-44000-C", "index_price": 51630.35, "direction": "buy", "amount": 0.1}, {"trade_seq": 4442, "trade_id": "133216492", "timestamp": 1614772768931, "tick_direction": 1, "price": 0.19, "mark_price": 0.18928709, "iv": 96.25, "instrument_name": "BTC-26MAR21-44000-C", "index_price": 51630.35, "direction": "buy", "amount": 0.1}, {"trade_seq": 4441, "trade_id": "133216491", "timestamp": 1614772768928, "tick_direction": 0, "price": 0.19, "mark_price": 0.18928709, "iv": 96.25, "instrument_name": "BTC-26MAR21-44000-C", "index_price": 51630.35, "direction": "buy", "amount": 0.9}, {"trade_seq": 4440, "trade_id": "133183192", "timestamp": 1614763510976, "tick_direction": 0, "price": 0.179, "mark_price": 0.18566519, "iv": 84.62, "instrument_name": "BTC-26MAR21-44000-C", "index_price": 51315.72, "direction": "sell", "amount": 0.2}, {"trade_seq": 4439, "trade_id": "133171295", "timestamp": 1614760947004, "tick_direction": 0, "price": 0.172, "mark_price": 0.17913937, "iv": 84.29, "instrument_name": "BTC-26MAR21-44000-C", "index_price": 50790.84, "direction": "sell", "amount": 0.1}, {"trade_seq": 4438, "trade_id": "133041973", "timestamp": 1614703301318, "tick_direction": 2, "price": 0.145, "mark_price": 0.14487379, "iv": 96.62, "instrument_name": "BTC-26MAR21-44000-C", "index_price": 47766.4, "direction": "buy", "amount": 0.1}, {"trade_seq": 4437, "trade_id": "133034161", "timestamp": 1614702644021, "tick_direction": 3, "price": 0.155, "mark_price": 0.15489686, "iv": 96.42, "instrument_name": "BTC-26MAR21-44000-C", "index_price": 48623.82, "direction": "buy", "amount": 0.1}, {"trade_seq": 4436, "trade_id": "133023035", "timestamp": 1614698399795, "tick_direction": 2, "price": 0.155, "mark_price": 0.15594408, "iv": 96.15, "instrument_name": "BTC-26MAR21-44000-C", "index_price": 48668.4, "direction": "buy", "amount": 1.0}, {"trade_seq": 4435, "trade_id": "133023034", "timestamp": 1614698399789, "tick_direction": 2, "price": 0.1555, "mark_price": 0.15594408, "iv": 96.73, "instrument_name": "BTC-26MAR21-44000-C", "index_price": 48668.4, "direction": "sell", "amount": 1.0}, {"trade_seq": 4434, "trade_id": "133006813", "timestamp": 1614693028406, "tick_direction": 0, "price": 0.189, "mark_price": 0.16001555, "iv": 130.4, "instrument_name": "BTC-26MAR21-44000-C", "index_price": 48950.51, "direction": "buy", "amount": 0.1}, {"trade_seq": 4433, "trade_id": "132981826", "timestamp": 1614682606554, "tick_direction": 3, "price": 0.1575, "mark_price": 0.15763819, "iv": 96.89, "instrument_name": "BTC-26MAR21-44000-C", "index_price": 48711.6, "direction": "sell", "amount": 0.5}, {"trade_seq": 4432, "trade_id": "132981825", "timestamp": 1614682606418, "tick_direction": 3, "price": 0.1575, "mark_price": 0.15763819, "iv": 96.89, "instrument_name": "BTC-26MAR21-44000-C", "index_price": 48711.6, "direction": "sell", "amount": 0.4}, {"trade_seq": 4431, "trade_id": "132981726", "timestamp": 1614682604725, "tick_direction": 2, "price": 0.1575, "mark_price": 0.15773073, "iv": 96.79, "instrument_name": "BTC-26MAR21-44000-C", "index_price": 48714.38, "direction": "sell", "amount": 0.1}, {"trade_seq": 4430, "trade_id": "132979528", "timestamp": 1614682095174, "tick_direction": 0, "price": 0.1605, "mark_price": 0.16097883, "iv": 96.65, "instrument_name": "BTC-26MAR21-44000-C", "index_price": 48961.0, "direction": "sell", "amount": 0.1}, {"trade_seq": 4429, "trade_id": "132959809", "timestamp": 1614671754294, "tick_direction": 1, "price": 0.156, "mark_price": 0.15533966, "iv": 96.44, "instrument_name": "BTC-26MAR21-44000-C", "index_price": 48614.56, "direction": "buy", "amount": 25.3}, {"trade_seq": 4428, "trade_id": "132958093", "timestamp": 1614671073148, "tick_direction": 1, "price": 0.156, "mark_price": 0.15878605, "iv": 93.91, "instrument_name": "BTC-26MAR21-44000-C", "index_price": 48765.03, "direction": "buy", "amount": 16.0}, {"trade_seq": 4427, "trade_id": "132958023", "timestamp": 1614671067737, "tick_direction": 1, "price": 0.156, "mark_price": 0.15909444, "iv": 93.44, "instrument_name": "BTC-26MAR21-44000-C", "index_price": 48788.85, "direction": "buy", "amount": 0.1}, {"trade_seq": 4426, "trade_id": "132958016", "timestamp": 1614671067157, "tick_direction": 1, "price": 0.156, "mark_price": 0.15912973, "iv": 93.37, "instrument_name": "BTC-26MAR21-44000-C", "index_price": 48788.85, "direction": "buy", "amount": 0.3}, {"trade_seq": 4425, "trade_id": "132958009", "timestamp": 1614671066683, "tick_direction": 1, "price": 0.156, "mark_price": 0.15912973, "iv": 93.33, "instrument_name": "BTC-26MAR21-44000-C", "index_price": 48790.69, "direction": "buy", "amount": 0.4}, {"trade_seq": 4424, "trade_id": "132958005", "timestamp": 1614671066322, "tick_direction": 1, "price": 0.156, "mark_price": 0.15916751, "iv": 93.33, "instrument_name": "BTC-26MAR21-44000-C", "index_price": 48790.69, "direction": "buy", "amount": 0.3}, {"trade_seq": 4423, "trade_id": "132958003", "timestamp": 1614671066070, "tick_direction": 1, "price": 0.156, "mark_price": 0.15916751, "iv": 93.33, "instrument_name": "BTC-26MAR21-44000-C", "index_price": 48790.69, "direction": "buy", "amount": 0.5}, {"trade_seq": 4422, "trade_id": "132957936", "timestamp": 1614671065341, "tick_direction": 1, "price": 0.156, "mark_price": 0.1591753, "iv": 93.29, "instrument_name": "BTC-26MAR21-44000-C", "index_price": 48791.22, "direction": "buy", "amount": 4.0}, {"trade_seq": 4421, "trade_id": "132957935", "timestamp": 1614671065331, "tick_direction": 1, "price": 0.156, "mark_price": 0.1591753, "iv": 93.29, "instrument_name": "BTC-26MAR21-44000-C", "index_price": 48791.22, "direction": "buy", "amount": 0.9}, {"trade_seq": 4420, "trade_id": "132957927", "timestamp": 1614671065107, "tick_direction": 1, "price": 0.156, "mark_price": 0.1591753, "iv": 93.29, "instrument_name": "BTC-26MAR21-44000-C", "index_price": 48791.22, "direction": "buy", "amount": 4.0}, {"trade_seq": 4419, "trade_id": "132957926", "timestamp": 1614671065066, "tick_direction": 1, "price": 0.156, "mark_price": 0.1591753, "iv": 93.29, "instrument_name": "BTC-26MAR21-44000-C", "index_price": 48791.22, "direction": "buy", "amount": 1.6}, {"trade_seq": 4418, "trade_id": "132957889", "timestamp": 1614671064630, "tick_direction": 1, "price": 0.156, "mark_price": 0.1591753, "iv": 93.29, "instrument_name": "BTC-26MAR21-44000-C", "index_price": 48792.55, "direction": "buy", "amount": 0.6}, {"trade_seq": 4417, "trade_id": "132957882", "timestamp": 1614671064402, "tick_direction": 1, "price": 0.156, "mark_price": 0.1591952, "iv": 93.28, "instrument_name": "BTC-26MAR21-44000-C", "index_price": 48792.55, "direction": "buy", "amount": 1.6}, {"trade_seq": 4416, "trade_id": "132957881", "timestamp": 1614671064371, "tick_direction": 1, "price": 0.156, "mark_price": 0.1591952, "iv": 93.28, "instrument_name": "BTC-26MAR21-44000-C", "index_price": 48792.55, "direction": "buy", "amount": 0.3}, {"trade_seq": 4415, "trade_id": "132957880", "timestamp": 1614671064351, "tick_direction": 1, "price": 0.156, "mark_price": 0.1591952, "iv": 93.28, "instrument_name": "BTC-26MAR21-44000-C", "index_price": 48792.55, "direction": "buy", "amount": 4.0}, {"trade_seq": 4414, "trade_id": "132957879", "timestamp": 1614671064350, "tick_direction": 1, "price": 0.156, "mark_price": 0.1591952, "iv": 93.28, "instrument_name": "BTC-26MAR21-44000-C", "index_price": 48792.55, "direction": "buy", "amount": 3.5}, {"trade_seq": 4413, "trade_id": "132957878", "timestamp": 1614671064349, "tick_direction": 1, "price": 0.156, "mark_price": 0.1591952, "iv": 93.28, "instrument_name": "BTC-26MAR21-44000-C", "index_price": 48792.55, "direction": "buy", "amount": 4.0}, {"trade_seq": 4412, "trade_id": "132957877", "timestamp": 1614671064347, "tick_direction": 1, "price": 0.156, "mark_price": 0.1591952, "iv": 93.28, "instrument_name": "BTC-26MAR21-44000-C", "index_price": 48792.55, "direction": "buy", "amount": 6.4}, {"trade_seq": 4411, "trade_id": "132957876", "timestamp": 1614671064339, "tick_direction": 1, "price": 0.156, "mark_price": 0.1591952, "iv": 93.28, "instrument_name": "BTC-26MAR21-44000-C", "index_price": 48792.55, "direction": "buy", "amount": 8.0}, {"trade_seq": 4410, "trade_id": "132957875", "timestamp": 1614671064339, "tick_direction": 1, "price": 0.156, "mark_price": 0.1591952, "iv": 93.28, "instrument_name": "BTC-26MAR21-44000-C", "index_price": 48792.55, "direction": "buy", "amount": 4.0}, {"trade_seq": 4409, "trade_id": "132957874", "timestamp": 1614671064338, "tick_direction": 1, "price": 0.156, "mark_price": 0.1591952, "iv": 93.28, "instrument_name": "BTC-26MAR21-44000-C", "index_price": 48792.55, "direction": "buy", "amount": 16.0}, {"trade_seq": 4408, "trade_id": "132957873", "timestamp": 1614671064336, "tick_direction": 1, "price": 0.156, "mark_price": 0.1591952, "iv": 93.28, "instrument_name": "BTC-26MAR21-44000-C", "index_price": 48792.55, "direction": "buy", "amount": 8.0}, {"trade_seq": 4407, "trade_id": "132957872", "timestamp": 1614671064333, "tick_direction": 1, "price": 0.156, "mark_price": 0.1591952, "iv": 93.28, "instrument_name": "BTC-26MAR21-44000-C", "index_price": 48792.55, "direction": "sell", "amount": 21.4}, {"trade_seq": 4406, "trade_id": "132957871", "timestamp": 1614671064333, "tick_direction": 1, "price": 0.156, "mark_price": 0.1591952, "iv": 93.28, "instrument_name": "BTC-26MAR21-44000-C", "index_price": 48792.55, "direction": "sell", "amount": 3.0}, {"trade_seq": 4405, "trade_id": "132957870", "timestamp": 1614671064333, "tick_direction": 0, "price": 0.156, "mark_price": 0.1591952, "iv": 93.28, "instrument_name": "BTC-26MAR21-44000-C", "index_price": 48792.55, "direction": "sell", "amount": 0.8}, {"trade_seq": 4404, "trade_id": "132952362", "timestamp": 1614669212721, "tick_direction": 3, "price": 0.1555, "mark_price": 0.16010368, "iv": 95.9, "instrument_name": "BTC-26MAR21-44000-C", "index_price": 48564.47, "direction": "buy", "amount": 0.1}, {"trade_seq": 4403, "trade_id": "132952354", "timestamp": 1614669212443, "tick_direction": 3, "price": 0.1555, "mark_price": 0.16010368, "iv": 95.98, "instrument_name": "BTC-26MAR21-44000-C", "index_price": 48564.27, "direction": "buy", "amount": 0.1}, {"trade_seq": 4402, "trade_id": "132952353", "timestamp": 1614669212088, "tick_direction": 3, "price": 0.1555, "mark_price": 0.16011693, "iv": 95.98, "instrument_name": "BTC-26MAR21-44000-C", "index_price": 48564.27, "direction": "buy", "amount": 0.1}, {"trade_seq": 4401, "trade_id": "132952350", "timestamp": 1614669211616, "tick_direction": 3, "price": 0.1555, "mark_price": 0.16011693, "iv": 95.97, "instrument_name": "BTC-26MAR21-44000-C", "index_price": 48557.16, "direction": "buy", "amount": 0.1}, {"trade_seq": 4400, "trade_id": "132952348", "timestamp": 1614669211493, "tick_direction": 3, "price": 0.1555, "mark_price": 0.16011693, "iv": 95.97, "instrument_name": "BTC-26MAR21-44000-C", "index_price": 48557.16, "direction": "buy", "amount": 0.1}, {"trade_seq": 4399, "trade_id": "132952346", "timestamp": 1614669211195, "tick_direction": 3, "price": 0.1555, "mark_price": 0.16011037, "iv": 95.97, "instrument_name": "BTC-26MAR21-44000-C", "index_price": 48557.16, "direction": "buy", "amount": 0.1}, {"trade_seq": 4398, "trade_id": "132952345", "timestamp": 1614669211130, "tick_direction": 3, "price": 0.1555, "mark_price": 0.16011037, "iv": 95.97, "instrument_name": "BTC-26MAR21-44000-C", "index_price": 48557.16, "direction": "buy", "amount": 0.3}, {"trade_seq": 4397, "trade_id": "132952334", "timestamp": 1614669210838, "tick_direction": 3, "price": 0.1555, "mark_price": 0.16011037, "iv": 95.97, "instrument_name": "BTC-26MAR21-44000-C", "index_price": 48557.16, "direction": "buy", "amount": 0.1}, {"trade_seq": 4396, "trade_id": "132952332", "timestamp": 1614669210596, "tick_direction": 3, "price": 0.1555, "mark_price": 0.16011037, "iv": 95.98, "instrument_name": "BTC-26MAR21-44000-C", "index_price": 48556.56, "direction": "buy", "amount": 0.1}, {"trade_seq": 4395, "trade_id": "132952322", "timestamp": 1614669208541, "tick_direction": 3, "price": 0.1555, "mark_price": 0.16014915, "iv": 95.95, "instrument_name": "BTC-26MAR21-44000-C", "index_price": 48555.38, "direction": "buy", "amount": 0.1}, {"trade_seq": 4394, "trade_id": "132952294", "timestamp": 1614669207254, "tick_direction": 3, "price": 0.1555, "mark_price": 0.16024842, "iv": 95.84, "instrument_name": "BTC-26MAR21-44000-C", "index_price": 48562.71, "direction": "buy", "amount": 0.1}, {"trade_seq": 4393, "trade_id": "132952280", "timestamp": 1614669206945, "tick_direction": 3, "price": 0.1555, "mark_price": 0.16032275, "iv": 95.84, "instrument_name": "BTC-26MAR21-44000-C", "index_price": 48562.71, "direction": "buy", "amount": 0.3}, {"trade_seq": 4392, "trade_id": "132952271", "timestamp": 1614669206562, "tick_direction": 3, "price": 0.1555, "mark_price": 0.16032275, "iv": 95.76, "instrument_name": "BTC-26MAR21-44000-C", "index_price": 48567.92, "direction": "buy", "amount": 0.2}, {"trade_seq": 4391, "trade_id": "132952260", "timestamp": 1614669206078, "tick_direction": 3, "price": 0.1555, "mark_price": 0.16029506, "iv": 95.76, "instrument_name": "BTC-26MAR21-44000-C", "index_price": 48567.92, "direction": "buy", "amount": 0.4}, {"trade_seq": 4390, "trade_id": "132952251", "timestamp": 1614669205544, "tick_direction": 3, "price": 0.1555, "mark_price": 0.16029506, "iv": 95.8, "instrument_name": "BTC-26MAR21-44000-C", "index_price": 48564.23, "direction": "buy", "amount": 0.5}, {"trade_seq": 4389, "trade_id": "132952248", "timestamp": 1614669205321, "tick_direction": 3, "price": 0.1555, "mark_price": 0.16029506, "iv": 95.8, "instrument_name": "BTC-26MAR21-44000-C", "index_price": 48564.23, "direction": "buy", "amount": 0.5}, {"trade_seq": 4388, "trade_id": "132952236", "timestamp": 1614669204447, "tick_direction": 3, "price": 0.1555, "mark_price": 0.16022188, "iv": 95.89, "instrument_name": "BTC-26MAR21-44000-C", "index_price": 48558.65, "direction": "buy", "amount": 0.1}, {"trade_seq": 4387, "trade_id": "132952235", "timestamp": 1614669204386, "tick_direction": 3, "price": 0.1555, "mark_price": 0.16022188, "iv": 95.89, "instrument_name": "BTC-26MAR21-44000-C", "index_price": 48558.65, "direction": "buy", "amount": 0.5}, {"trade_seq": 4386, "trade_id": "132952223", "timestamp": 1614669204190, "tick_direction": 3, "price": 0.1555, "mark_price": 0.16019027, "iv": 95.89, "instrument_name": "BTC-26MAR21-44000-C", "index_price": 48558.65, "direction": "buy", "amount": 0.3}, {"trade_seq": 4385, "trade_id": "132952220", "timestamp": 1614669204039, "tick_direction": 3, "price": 0.1555, "mark_price": 0.16019027, "iv": 95.89, "instrument_name": "BTC-26MAR21-44000-C", "index_price": 48558.65, "direction": "buy", "amount": 0.2}, {"trade_seq": 4384, "trade_id": "132952216", "timestamp": 1614669203839, "tick_direction": 3, "price": 0.1555, "mark_price": 0.16019027, "iv": 95.89, "instrument_name": "BTC-26MAR21-44000-C", "index_price": 48558.65, "direction": "buy", "amount": 0.6}, {"trade_seq": 4383, "trade_id": "132952201", "timestamp": 1614669203611, "tick_direction": 3, "price": 0.1555, "mark_price": 0.16019027, "iv": 95.89, "instrument_name": "BTC-26MAR21-44000-C", "index_price": 48558.65, "direction": "buy", "amount": 5.0}, {"trade_seq": 4382, "trade_id": "132952184", "timestamp": 1614669203507, "tick_direction": 3, "price": 0.1555, "mark_price": 0.16019027, "iv": 95.94, "instrument_name": "BTC-26MAR21-44000-C", "index_price": 48556.03, "direction": "buy", "amount": 0.4}, {"trade_seq": 4381, "trade_id": "132952177", "timestamp": 1614669203203, "tick_direction": 3, "price": 0.1555, "mark_price": 0.16019027, "iv": 95.94, "instrument_name": "BTC-26MAR21-44000-C", "index_price": 48556.03, "direction": "buy", "amount": 0.5}, {"trade_seq": 4380, "trade_id": "132952176", "timestamp": 1614669203117, "tick_direction": 3, "price": 0.1555, "mark_price": 0.16020708, "iv": 95.94, "instrument_name": "BTC-26MAR21-44000-C", "index_price": 48556.03, "direction": "buy", "amount": 0.5}, {"trade_seq": 4379, "trade_id": "132952172", "timestamp": 1614669202832, "tick_direction": 3, "price": 0.1555, "mark_price": 0.16020708, "iv": 95.94, "instrument_name": "BTC-26MAR21-44000-C", "index_price": 48556.03, "direction": "buy", "amount": 0.5}, {"trade_seq": 4378, "trade_id": "132952161", "timestamp": 1614669202171, "tick_direction": 3, "price": 0.1555, "mark_price": 0.16020063, "iv": 95.92, "instrument_name": "BTC-26MAR21-44000-C", "index_price": 48551.46, "direction": "buy", "amount": 0.4}, {"trade_seq": 4377, "trade_id": "132952157", "timestamp": 1614669201975, "tick_direction": 3, "price": 0.1555, "mark_price": 0.16020063, "iv": 95.92, "instrument_name": "BTC-26MAR21-44000-C", "index_price": 48551.46, "direction": "buy", "amount": 0.6}, {"trade_seq": 4376, "trade_id": "132952151", "timestamp": 1614669201547, "tick_direction": 3, "price": 0.1555, "mark_price": 0.16020063, "iv": 95.95, "instrument_name": "BTC-26MAR21-44000-C", "index_price": 48549.82, "direction": "buy", "amount": 0.8}, {"trade_seq": 4375, "trade_id": "132952140", "timestamp": 1614669201113, "tick_direction": 3, "price": 0.1555, "mark_price": 0.16018576, "iv": 95.94, "instrument_name": "BTC-26MAR21-44000-C", "index_price": 48549.82, "direction": "buy", "amount": 0.4}, {"trade_seq": 4374, "trade_id": "132952138", "timestamp": 1614669200968, "tick_direction": 3, "price": 0.1555, "mark_price": 0.16018576, "iv": 95.94, "instrument_name": "BTC-26MAR21-44000-C", "index_price": 48549.82, "direction": "buy", "amount": 11.6}, {"trade_seq": 4373, "trade_id": "132952137", "timestamp": 1614669200937, "tick_direction": 3, "price": 0.1555, "mark_price": 0.16018576, "iv": 95.94, "instrument_name": "BTC-26MAR21-44000-C", "index_price": 48549.82, "direction": "buy", "amount": 1.3}, {"trade_seq": 4372, "trade_id": "132952123", "timestamp": 1614669200453, "tick_direction": 3, "price": 0.1555, "mark_price": 0.16018576, "iv": 95.96, "instrument_name": "BTC-26MAR21-44000-C", "index_price": 48549.18, "direction": "buy", "amount": 0.1}, {"trade_seq": 4371, "trade_id": "132952122", "timestamp": 1614669200440, "tick_direction": 3, "price": 0.1555, "mark_price": 0.16018576, "iv": 95.96, "instrument_name": "BTC-26MAR21-44000-C", "index_price": 48549.18, "direction": "buy", "amount": 4.0}, {"trade_seq": 4370, "trade_id": "132952121", "timestamp": 1614669200435, "tick_direction": 3, "price": 0.1555, "mark_price": 0.16018576, "iv": 95.96, "instrument_name": "BTC-26MAR21-44000-C", "index_price": 48549.18, "direction": "buy", "amount": 2.1}, {"trade_seq": 4369, "trade_id": "132952098", "timestamp": 1614669200059, "tick_direction": 3, "price": 0.1555, "mark_price": 0.16019392, "iv": 95.96, "instrument_name": "BTC-26MAR21-44000-C", "index_price": 48549.18, "direction": "buy", "amount": 0.2}, {"trade_seq": 4368, "trade_id": "132952097", "timestamp": 1614669200052, "tick_direction": 3, "price": 0.1555, "mark_price": 0.16019392, "iv": 95.96, "instrument_name": "BTC-26MAR21-44000-C", "index_price": 48549.18, "direction": "buy", "amount": 6.4}, {"trade_seq": 4367, "trade_id": "132952096", "timestamp": 1614669200045, "tick_direction": 3, "price": 0.1555, "mark_price": 0.16019392, "iv": 95.96, "instrument_name": "BTC-26MAR21-44000-C", "index_price": 48549.18, "direction": "buy", "amount": 3.5}, {"trade_seq": 4366, "trade_id": "132952095", "timestamp": 1614669200033, "tick_direction": 3, "price": 0.1555, "mark_price": 0.16019392, "iv": 95.96, "instrument_name": "BTC-26MAR21-44000-C", "index_price": 48549.18, "direction": "buy", "amount": 16.0}, {"trade_seq": 4365, "trade_id": "132952094", "timestamp": 1614669200033, "tick_direction": 3, "price": 0.1555, "mark_price": 0.16019392, "iv": 95.96, "instrument_name": "BTC-26MAR21-44000-C", "index_price": 48549.18, "direction": "buy", "amount": 4.0}, {"trade_seq": 4364, "trade_id": "132952093", "timestamp": 1614669200029, "tick_direction": 2, "price": 0.1555, "mark_price": 0.16019392, "iv": 95.96, "instrument_name": "BTC-26MAR21-44000-C", "index_price": 48549.18, "direction": "sell", "amount": 21.9}, {"trade_seq": 4363, "trade_id": "132950767", "timestamp": 1614669033881, "tick_direction": 3, "price": 0.1585, "mark_price": 0.1601947, "iv": 99.95, "instrument_name": "BTC-26MAR21-44000-C", "index_price": 48465.87, "direction": "buy", "amount": 1.0}, {"trade_seq": 4362, "trade_id": "132950744", "timestamp": 1614669024593, "tick_direction": 3, "price": 0.1585, "mark_price": 0.16010251, "iv": 100.0, "instrument_name": "BTC-26MAR21-44000-C", "index_price": 48455.8, "direction": "buy", "amount": 0.1}, {"trade_seq": 4361, "trade_id": "132950738", "timestamp": 1614669024025, "tick_direction": 3, "price": 0.1585, "mark_price": 0.16010251, "iv": 100.06, "instrument_name": "BTC-26MAR21-44000-C", "index_price": 48455.8, "direction": "buy", "amount": 0.2}, {"trade_seq": 4360, "trade_id": "132950737", "timestamp": 1614669023920, "tick_direction": 3, "price": 0.1585, "mark_price": 0.16010137, "iv": 100.12, "instrument_name": "BTC-26MAR21-44000-C", "index_price": 48450.64, "direction": "buy", "amount": 0.1}, {"trade_seq": 4359, "trade_id": "132950736", "timestamp": 1614669023844, "tick_direction": 3, "price": 0.1585, "mark_price": 0.16010137, "iv": 100.12, "instrument_name": "BTC-26MAR21-44000-C", "index_price": 48450.64, "direction": "buy", "amount": 6.3}, {"trade_seq": 4358, "trade_id": "132950735", "timestamp": 1614669023807, "tick_direction": 3, "price": 0.1585, "mark_price": 0.16010137, "iv": 100.12, "instrument_name": "BTC-26MAR21-44000-C", "index_price": 48450.64, "direction": "buy", "amount": 6.3}, {"trade_seq": 4357, "trade_id": "132950734", "timestamp": 1614669023771, "tick_direction": 3, "price": 0.1585, "mark_price": 0.16010137, "iv": 100.12, "instrument_name": "BTC-26MAR21-44000-C", "index_price": 48450.64, "direction": "buy", "amount": 0.1}, {"trade_seq": 4356, "trade_id": "132950696", "timestamp": 1614669019726, "tick_direction": 3, "price": 0.1585, "mark_price": 0.16014586, "iv": 100.08, "instrument_name": "BTC-26MAR21-44000-C", "index_price": 48447.06, "direction": "buy", "amount": 0.1}, {"trade_seq": 4355, "trade_id": "132950695", "timestamp": 1614669019582, "tick_direction": 3, "price": 0.1585, "mark_price": 0.16014586, "iv": 100.08, "instrument_name": "BTC-26MAR21-44000-C", "index_price": 48447.06, "direction": "buy", "amount": 0.1}, {"trade_seq": 4354, "trade_id": "132950694", "timestamp": 1614669019410, "tick_direction": 3, "price": 0.1585, "mark_price": 0.16014586, "iv": 100.08, "instrument_name": "BTC-26MAR21-44000-C", "index_price": 48447.06, "direction": "buy", "amount": 0.3}, {"trade_seq": 4353, "trade_id": "132950693", "timestamp": 1614669019254, "tick_direction": 3, "price": 0.1585, "mark_price": 0.16014586, "iv": 100.08, "instrument_name": "BTC-26MAR21-44000-C", "index_price": 48447.06, "direction": "buy", "amount": 0.5}, {"trade_seq": 4352, "trade_id": "132950692", "timestamp": 1614669019015, "tick_direction": 3, "price": 0.1585, "mark_price": 0.16014586, "iv": 100.08, "instrument_name": "BTC-26MAR21-44000-C", "index_price": 48447.06, "direction": "buy", "amount": 0.9}, {"trade_seq": 4351, "trade_id": "132950691", "timestamp": 1614669018848, "tick_direction": 3, "price": 0.1585, "mark_price": 0.16014722, "iv": 100.08, "instrument_name": "BTC-26MAR21-44000-C", "index_price": 48449.3, "direction": "buy", "amount": 1.7}, {"trade_seq": 4350, "trade_id": "132950690", "timestamp": 1614669018841, "tick_direction": 3, "price": 0.1585, "mark_price": 0.16014722, "iv": 100.08, "instrument_name": "BTC-26MAR21-44000-C", "index_price": 48449.3, "direction": "buy", "amount": 1.0}, {"trade_seq": 4349, "trade_id": "132950689", "timestamp": 1614669018832, "tick_direction": 2, "price": 0.1585, "mark_price": 0.16014722, "iv": 100.08, "instrument_name": "BTC-26MAR21-44000-C", "index_price": 48449.3, "direction": "sell", "amount": 3.0}, {"trade_seq": 4348, "trade_id": "132947122", "timestamp": 1614667247270, "tick_direction": 3, "price": 0.163, "mark_price": 0.16264095, "iv": 102.16, "instrument_name": "BTC-26MAR21-44000-C", "index_price": 48725.68, "direction": "buy", "amount": 0.1}, {"trade_seq": 4347, "trade_id": "132947121", "timestamp": 1614667247053, "tick_direction": 3, "price": 0.163, "mark_price": 0.16264095, "iv": 102.16, "instrument_name": "BTC-26MAR21-44000-C", "index_price": 48725.68, "direction": "buy", "amount": 0.1}, {"trade_seq": 4346, "trade_id": "132947120", "timestamp": 1614667247050, "tick_direction": 2, "price": 0.163, "mark_price": 0.16264095, "iv": 102.16, "instrument_name": "BTC-26MAR21-44000-C", "index_price": 48725.68, "direction": "buy", "amount": 0.7}, {"trade_seq": 4345, "trade_id": "132923830", "timestamp": 1614657459086, "tick_direction": 2, "price": 0.169, "mark_price": 0.17029352, "iv": 103.23, "instrument_name": "BTC-26MAR21-44000-C", "index_price": 49007.73, "direction": "sell", "amount": 0.1}, {"trade_seq": 4344, "trade_id": "132913722", "timestamp": 1614654496343, "tick_direction": 2, "price": 0.175, "mark_price": 0.17467197, "iv": 105.48, "instrument_name": "BTC-26MAR21-44000-C", "index_price": 49392.52, "direction": "buy", "amount": 0.1}, {"trade_seq": 4343, "trade_id": "132906193", "timestamp": 1614652716598, "tick_direction": 1, "price": 0.1795, "mark_price": 0.17868802, "iv": 105.72, "instrument_name": "BTC-26MAR21-44000-C", "index_price": 49796.39, "direction": "buy", "amount": 0.2}, {"trade_seq": 4342, "trade_id": "132906189", "timestamp": 1614652714401, "tick_direction": 0, "price": 0.1795, "mark_price": 0.17868229, "iv": 105.71, "instrument_name": "BTC-26MAR21-44000-C", "index_price": 49796.12, "direction": "buy", "amount": 0.8}, {"trade_seq": 4341, "trade_id": "132859843", "timestamp": 1614640758716, "tick_direction": 0, "price": 0.175, "mark_price": 0.17434826, "iv": 105.56, "instrument_name": "BTC-26MAR21-44000-C", "index_price": 49491.2, "direction": "buy", "amount": 0.1}, {"trade_seq": 4340, "trade_id": "132803273", "timestamp": 1614617806375, "tick_direction": 1, "price": 0.1695, "mark_price": 0.16954635, "iv": 103.75, "instrument_name": "BTC-26MAR21-44000-C", "index_price": 49182.34, "direction": "buy", "amount": 0.1}, {"trade_seq": 4339, "trade_id": "132803271", "timestamp": 1614617806291, "tick_direction": 1, "price": 0.1695, "mark_price": 0.16952508, "iv": 103.75, "instrument_name": "BTC-26MAR21-44000-C", "index_price": 49182.34, "direction": "buy", "amount": 0.1}, {"trade_seq": 4338, "trade_id": "132803268", "timestamp": 1614617806178, "tick_direction": 1, "price": 0.1695, "mark_price": 0.16952508, "iv": 103.75, "instrument_name": "BTC-26MAR21-44000-C", "index_price": 49182.34, "direction": "buy", "amount": 0.3}, {"trade_seq": 4337, "trade_id": "132803266", "timestamp": 1614617805861, "tick_direction": 1, "price": 0.1695, "mark_price": 0.16952508, "iv": 103.75, "instrument_name": "BTC-26MAR21-44000-C", "index_price": 49182.34, "direction": "buy", "amount": 0.1}, {"trade_seq": 4336, "trade_id": "132803187", "timestamp": 1614617797422, "tick_direction": 1, "price": 0.1695, "mark_price": 0.16950162, "iv": 103.8, "instrument_name": "BTC-26MAR21-44000-C", "index_price": 49188.88, "direction": "buy", "amount": 0.2}, {"trade_seq": 4335, "trade_id": "132803186", "timestamp": 1614617797201, "tick_direction": 1, "price": 0.1695, "mark_price": 0.16950936, "iv": 103.8, "instrument_name": "BTC-26MAR21-44000-C", "index_price": 49188.88, "direction": "buy", "amount": 0.6}, {"trade_seq": 4334, "trade_id": "132803185", "timestamp": 1614617797119, "tick_direction": 1, "price": 0.1695, "mark_price": 0.16950936, "iv": 103.8, "instrument_name": "BTC-26MAR21-44000-C", "index_price": 49188.88, "direction": "buy", "amount": 0.2}, {"trade_seq": 4333, "trade_id": "132803180", "timestamp": 1614617796727, "tick_direction": 1, "price": 0.1695, "mark_price": 0.16950936, "iv": 103.8, "instrument_name": "BTC-26MAR21-44000-C", "index_price": 49188.88, "direction": "buy", "amount": 0.1}, {"trade_seq": 4332, "trade_id": "132803179", "timestamp": 1614617796530, "tick_direction": 1, "price": 0.1695, "mark_price": 0.16950936, "iv": 103.8, "instrument_name": "BTC-26MAR21-44000-C", "index_price": 49188.88, "direction": "buy", "amount": 0.1}, {"trade_seq": 4331, "trade_id": "132803178", "timestamp": 1614617796429, "tick_direction": 0, "price": 0.1695, "mark_price": 0.16950936, "iv": 103.79, "instrument_name": "BTC-26MAR21-44000-C", "index_price": 49168.18, "direction": "buy", "amount": 0.2}, {"trade_seq": 4330, "trade_id": "132795254", "timestamp": 1614615556628, "tick_direction": 2, "price": 0.1689, "mark_price": 0.16975456, "iv": 103.62, "instrument_name": "BTC-26MAR21-44000-C", "index_price": 49169.84, "direction": "sell", "block_trade_id": "8595", "amount": 25.0}, {"trade_seq": 4329, "trade_id": "132785339", "timestamp": 1614614167162, "tick_direction": 2, "price": 0.171, "mark_price": 0.17158433, "iv": 104.31, "instrument_name": "BTC-26MAR21-44000-C", "index_price": 49307.12, "direction": "sell", "amount": 0.1}, {"trade_seq": 4328, "trade_id": "132782821", "timestamp": 1614613605940, "tick_direction": 0, "price": 0.1725, "mark_price": 0.17196547, "iv": 105.53, "instrument_name": "BTC-26MAR21-44000-C", "index_price": 49398.16, "direction": "buy", "amount": 0.1}, {"trade_seq": 4327, "trade_id": "132763707", "timestamp": 1614610227260, "tick_direction": 0, "price": 0.1615, "mark_price": 0.16100307, "iv": 105.64, "instrument_name": "BTC-26MAR21-44000-C", "index_price": 48263.7, "direction": "buy", "amount": 0.7}, {"trade_seq": 4326, "trade_id": "132747258", "timestamp": 1614605199089, "tick_direction": 2, "price": 0.137, "mark_price": 0.16127288, "iv": 78.8, "instrument_name": "BTC-26MAR21-44000-C", "index_price": 48165.51, "direction": "buy", "amount": 0.1}, {"trade_seq": 4325, "trade_id": "132740534", "timestamp": 1614603784071, "tick_direction": 0, "price": 0.1625, "mark_price": 0.16174661, "iv": 106.07, "instrument_name": "BTC-26MAR21-44000-C", "index_price": 48268.81, "direction": "buy", "amount": 0.1}, {"trade_seq": 4324, "trade_id": "132666634", "timestamp": 1614581169412, "tick_direction": 2, "price": 0.136, "mark_price": 0.13723216, "iv": 105.34, "instrument_name": "BTC-26MAR21-44000-C", "index_price": 45860.56, "direction": "buy", "amount": 0.5}, {"trade_seq": 4323, "trade_id": "132666471", "timestamp": 1614581125771, "tick_direction": 2, "price": 0.137, "mark_price": 0.13754712, "iv": 106.1, "instrument_name": "BTC-26MAR21-44000-C", "index_price": 45875.2, "direction": "buy", "amount": 0.7}