{"trades": [{"trade_seq": 1726, "trade_id": "138349983", "timestamp": 1616612595074, "tick_direction": 0, "price": 0.6735, "mark_price": 0.6761115, "iv": 0.0, "instrument_name": "BTC-26MAR21-18000-C", "index_price": 55433.14, "direction": "sell", "amount": 0.1}, {"trade_seq": 1725, "trade_id": "138158654", "timestamp": 1616567782716, "tick_direction": 3, "price": 0.6705, "mark_price": 0.67155808, "iv": 0.0, "instrument_name": "BTC-26MAR21-18000-C", "index_price": 54721.12, "direction": "buy", "amount": 0.8}, {"trade_seq": 1724, "trade_id": "138158422", "timestamp": 1616567765032, "tick_direction": 3, "price": 0.6705, "mark_price": 0.67116543, "iv": 0.0, "instrument_name": "BTC-26MAR21-18000-C", "index_price": 54657.24, "direction": "buy", "amount": 0.1}, {"trade_seq": 1723, "trade_id": "138158154", "timestamp": 1616567747768, "tick_direction": 2, "price": 0.6705, "mark_price": 0.67060754, "iv": 0.0, "instrument_name": "BTC-26MAR21-18000-C", "index_price": 54576.44, "direction": "buy", "amount": 0.1}, {"trade_seq": 1722, "trade_id": "137750588", "timestamp": 1616445017514, "tick_direction": 2, "price": 0.674, "mark_price": 0.67822564, "iv": 0.0, "instrument_name": "BTC-26MAR21-18000-C", "index_price": 55851.81, "direction": "sell", "amount": 0.7}, {"trade_seq": 1721, "trade_id": "136191647", "timestamp": 1615824272984, "tick_direction": 3, "price": 0.6775, "mark_price": 0.67873674, "iv": 0.0, "instrument_name": "BTC-26MAR21-18000-C", "index_price": 55726.96, "direction": "sell", "amount": 0.1}, {"trade_seq": 1720, "trade_id": "136191598", "timestamp": 1615824269253, "tick_direction": 2, "price": 0.6775, "mark_price": 0.6788525, "iv": 0.0, "instrument_name": "BTC-26MAR21-18000-C", "index_price": 55755.86, "direction": "sell", "amount": 0.1}, {"trade_seq": 1719, "trade_id": "135882118", "timestamp": 1615769207979, "tick_direction": 0, "price": 0.7035, "mark_price": 0.70298153, "iv": 276.13, "instrument_name": "BTC-26MAR21-18000-C", "index_price": 59870.25, "direction": "buy", "amount": 0.1}, {"trade_seq": 1718, "trade_id": "135133595", "timestamp": 1615502692958, "tick_direction": 0, "price": 0.6875, "mark_price": 0.69218009, "iv": 0.0, "instrument_name": "BTC-26MAR21-18000-C", "index_price": 57699.54, "direction": "sell", "amount": 2.0}, {"trade_seq": 1717, "trade_id": "133346774", "timestamp": 1614816044333, "tick_direction": 0, "price": 0.645, "mark_price": 0.64730284, "iv": 0.0, "instrument_name": "BTC-26MAR21-18000-C", "index_price": 50228.73, "direction": "buy", "amount": 0.1}, {"trade_seq": 1716, "trade_id": "132112239", "timestamp": 1614384762621, "tick_direction": 0, "price": 0.624, "mark_price": 0.62431144, "iv": 170.42, "instrument_name": "BTC-26MAR21-18000-C", "index_price": 46793.0, "direction": "sell", "amount": 0.1}, {"trade_seq": 1715, "trade_id": "131899628", "timestamp": 1614337905974, "tick_direction": 0, "price": 0.62, "mark_price": 0.62058952, "iv": 161.69, "instrument_name": "BTC-26MAR21-18000-C", "index_price": 46545.9, "direction": "buy", "amount": 1.0}, {"trade_seq": 1714, "trade_id": "131649793", "timestamp": 1614300519582, "tick_direction": 2, "price": 0.6155, "mark_price": 0.62079029, "iv": 0.0, "instrument_name": "BTC-26MAR21-18000-C", "index_price": 46359.35, "direction": "sell", "amount": 2.0}, {"trade_seq": 1713, "trade_id": "131589811", "timestamp": 1614292654357, "tick_direction": 2, "price": 0.635, "mark_price": 0.63685207, "iv": 138.3, "instrument_name": "BTC-26MAR21-18000-C", "index_price": 48480.86, "direction": "buy", "amount": 0.1}, {"trade_seq": 1712, "trade_id": "130069298", "timestamp": 1614018471224, "tick_direction": 1, "price": 0.6685, "mark_price": 0.6692011, "iv": 171.44, "instrument_name": "BTC-26MAR21-18000-C", "index_price": 52736.75, "direction": "sell", "amount": 1.0}, {"trade_seq": 1711, "trade_id": "130069290", "timestamp": 1614018469944, "tick_direction": 1, "price": 0.6685, "mark_price": 0.66918392, "iv": 171.33, "instrument_name": "BTC-26MAR21-18000-C", "index_price": 52737.53, "direction": "sell", "amount": 1.0}, {"trade_seq": 1710, "trade_id": "130068885", "timestamp": 1614018363019, "tick_direction": 1, "price": 0.6685, "mark_price": 0.66880842, "iv": 176.27, "instrument_name": "BTC-26MAR21-18000-C", "index_price": 52677.31, "direction": "sell", "amount": 1.0}, {"trade_seq": 1709, "trade_id": "130068867", "timestamp": 1614018360219, "tick_direction": 1, "price": 0.6685, "mark_price": 0.66873335, "iv": 178.01, "instrument_name": "BTC-26MAR21-18000-C", "index_price": 52655.6, "direction": "sell", "amount": 1.0}, {"trade_seq": 1708, "trade_id": "130068812", "timestamp": 1614018341417, "tick_direction": 1, "price": 0.6685, "mark_price": 0.66859251, "iv": 180.03, "instrument_name": "BTC-26MAR21-18000-C", "index_price": 52642.28, "direction": "sell", "amount": 1.0}, {"trade_seq": 1707, "trade_id": "130068802", "timestamp": 1614018340054, "tick_direction": 1, "price": 0.6685, "mark_price": 0.66851645, "iv": 179.99, "instrument_name": "BTC-26MAR21-18000-C", "index_price": 52628.42, "direction": "sell", "amount": 0.9}, {"trade_seq": 1706, "trade_id": "130068748", "timestamp": 1614018333521, "tick_direction": 0, "price": 0.6685, "mark_price": 0.6686766, "iv": 179.31, "instrument_name": "BTC-26MAR21-18000-C", "index_price": 52633.59, "direction": "sell", "amount": 0.1}, {"trade_seq": 1705, "trade_id": "130067360", "timestamp": 1614018180238, "tick_direction": 1, "price": 0.668, "mark_price": 0.66801086, "iv": 181.4, "instrument_name": "BTC-26MAR21-18000-C", "index_price": 52523.83, "direction": "sell", "amount": 0.1}, {"trade_seq": 1704, "trade_id": "130067357", "timestamp": 1614018180090, "tick_direction": 1, "price": 0.668, "mark_price": 0.66801223, "iv": 180.62, "instrument_name": "BTC-26MAR21-18000-C", "index_price": 52533.71, "direction": "sell", "amount": 0.1}, {"trade_seq": 1703, "trade_id": "130067355", "timestamp": 1614018180005, "tick_direction": 1, "price": 0.668, "mark_price": 0.66801223, "iv": 180.62, "instrument_name": "BTC-26MAR21-18000-C", "index_price": 52533.71, "direction": "sell", "amount": 0.2}, {"trade_seq": 1702, "trade_id": "130067351", "timestamp": 1614018179935, "tick_direction": 0, "price": 0.668, "mark_price": 0.66801223, "iv": 180.62, "instrument_name": "BTC-26MAR21-18000-C", "index_price": 52533.71, "direction": "sell", "amount": 0.1}, {"trade_seq": 1701, "trade_id": "130066280", "timestamp": 1614017986034, "tick_direction": 1, "price": 0.6675, "mark_price": 0.66779188, "iv": 176.46, "instrument_name": "BTC-26MAR21-18000-C", "index_price": 52492.03, "direction": "sell", "amount": 0.1}, {"trade_seq": 1700, "trade_id": "130066267", "timestamp": 1614017985730, "tick_direction": 1, "price": 0.6675, "mark_price": 0.66766092, "iv": 176.46, "instrument_name": "BTC-26MAR21-18000-C", "index_price": 52492.03, "direction": "sell", "amount": 0.2}, {"trade_seq": 1699, "trade_id": "130066265", "timestamp": 1614017985663, "tick_direction": 0, "price": 0.6675, "mark_price": 0.66766092, "iv": 176.46, "instrument_name": "BTC-26MAR21-18000-C", "index_price": 52492.03, "direction": "sell", "amount": 0.2}, {"trade_seq": 1698, "trade_id": "130064890", "timestamp": 1614017775405, "tick_direction": 1, "price": 0.666, "mark_price": 0.66614044, "iv": 178.77, "instrument_name": "BTC-26MAR21-18000-C", "index_price": 52254.38, "direction": "sell", "amount": 0.2}, {"trade_seq": 1697, "trade_id": "130064887", "timestamp": 1614017775341, "tick_direction": 0, "price": 0.666, "mark_price": 0.66614044, "iv": 178.77, "instrument_name": "BTC-26MAR21-18000-C", "index_price": 52254.38, "direction": "sell", "amount": 0.1}, {"trade_seq": 1696, "trade_id": "130055567", "timestamp": 1614016803354, "tick_direction": 3, "price": 0.665, "mark_price": 0.66503181, "iv": 181.33, "instrument_name": "BTC-26MAR21-18000-C", "index_price": 52067.3, "direction": "sell", "amount": 0.2}, {"trade_seq": 1695, "trade_id": "130055363", "timestamp": 1614016765340, "tick_direction": 3, "price": 0.665, "mark_price": 0.66502884, "iv": 181.27, "instrument_name": "BTC-26MAR21-18000-C", "index_price": 52066.88, "direction": "sell", "amount": 0.1}, {"trade_seq": 1694, "trade_id": "130055361", "timestamp": 1614016765179, "tick_direction": 3, "price": 0.665, "mark_price": 0.66502884, "iv": 181.27, "instrument_name": "BTC-26MAR21-18000-C", "index_price": 52066.88, "direction": "sell", "amount": 0.1}, {"trade_seq": 1693, "trade_id": "130055359", "timestamp": 1614016765098, "tick_direction": 2, "price": 0.665, "mark_price": 0.66502884, "iv": 181.27, "instrument_name": "BTC-26MAR21-18000-C", "index_price": 52066.88, "direction": "sell", "amount": 0.1}, {"trade_seq": 1692, "trade_id": "130052416", "timestamp": 1614016373869, "tick_direction": 2, "price": 0.6675, "mark_price": 0.6680591, "iv": 173.84, "instrument_name": "BTC-26MAR21-18000-C", "index_price": 52590.87, "direction": "sell", "amount": 0.5}, {"trade_seq": 1691, "trade_id": "130023730", "timestamp": 1614011219649, "tick_direction": 2, "price": 0.6745, "mark_price": 0.67410773, "iv": 188.36, "instrument_name": "BTC-26MAR21-18000-C", "index_price": 53582.56, "direction": "sell", "amount": 0.1}, {"trade_seq": 1690, "trade_id": "130023494", "timestamp": 1614011161476, "tick_direction": 3, "price": 0.675, "mark_price": 0.67457117, "iv": 188.29, "instrument_name": "BTC-26MAR21-18000-C", "index_price": 53659.12, "direction": "sell", "amount": 0.1}, {"trade_seq": 1689, "trade_id": "130023492", "timestamp": 1614011161371, "tick_direction": 3, "price": 0.675, "mark_price": 0.67457117, "iv": 188.29, "instrument_name": "BTC-26MAR21-18000-C", "index_price": 53659.12, "direction": "sell", "amount": 0.1}, {"trade_seq": 1688, "trade_id": "130023487", "timestamp": 1614011159566, "tick_direction": 3, "price": 0.675, "mark_price": 0.67458595, "iv": 188.14, "instrument_name": "BTC-26MAR21-18000-C", "index_price": 53661.2, "direction": "sell", "amount": 0.1}, {"trade_seq": 1687, "trade_id": "130023485", "timestamp": 1614011159430, "tick_direction": 2, "price": 0.675, "mark_price": 0.67456618, "iv": 188.14, "instrument_name": "BTC-26MAR21-18000-C", "index_price": 53661.2, "direction": "sell", "amount": 0.1}, {"trade_seq": 1686, "trade_id": "130022681", "timestamp": 1614010926430, "tick_direction": 1, "price": 0.6755, "mark_price": 0.67538049, "iv": 184.88, "instrument_name": "BTC-26MAR21-18000-C", "index_price": 53764.54, "direction": "sell", "amount": 0.1}, {"trade_seq": 1685, "trade_id": "130022676", "timestamp": 1614010925987, "tick_direction": 1, "price": 0.6755, "mark_price": 0.67538049, "iv": 183.41, "instrument_name": "BTC-26MAR21-18000-C", "index_price": 53776.87, "direction": "sell", "amount": 0.3}, {"trade_seq": 1684, "trade_id": "130022661", "timestamp": 1614010925703, "tick_direction": 1, "price": 0.6755, "mark_price": 0.67538049, "iv": 183.41, "instrument_name": "BTC-26MAR21-18000-C", "index_price": 53776.87, "direction": "sell", "amount": 0.1}, {"trade_seq": 1683, "trade_id": "130022346", "timestamp": 1614010897648, "tick_direction": 1, "price": 0.6755, "mark_price": 0.67532276, "iv": 184.0, "instrument_name": "BTC-26MAR21-18000-C", "index_price": 53763.56, "direction": "sell", "amount": 0.3}, {"trade_seq": 1682, "trade_id": "130022337", "timestamp": 1614010897457, "tick_direction": 1, "price": 0.6755, "mark_price": 0.67533269, "iv": 184.0, "instrument_name": "BTC-26MAR21-18000-C", "index_price": 53763.56, "direction": "sell", "amount": 0.1}, {"trade_seq": 1681, "trade_id": "130021887", "timestamp": 1614010866826, "tick_direction": 0, "price": 0.6755, "mark_price": 0.67513726, "iv": 185.44, "instrument_name": "BTC-26MAR21-18000-C", "index_price": 53733.03, "direction": "sell", "amount": 0.1}, {"trade_seq": 1680, "trade_id": "130001896", "timestamp": 1614007744464, "tick_direction": 3, "price": 0.6705, "mark_price": 0.67026408, "iv": 180.32, "instrument_name": "BTC-26MAR21-18000-C", "index_price": 53054.09, "direction": "sell", "amount": 0.1}, {"trade_seq": 1679, "trade_id": "130001893", "timestamp": 1614007744315, "tick_direction": 3, "price": 0.6705, "mark_price": 0.67025983, "iv": 180.32, "instrument_name": "BTC-26MAR21-18000-C", "index_price": 53054.09, "direction": "sell", "amount": 0.1}, {"trade_seq": 1678, "trade_id": "130001891", "timestamp": 1614007744106, "tick_direction": 3, "price": 0.6705, "mark_price": 0.67025983, "iv": 180.32, "instrument_name": "BTC-26MAR21-18000-C", "index_price": 53054.09, "direction": "sell", "amount": 0.1}, {"trade_seq": 1677, "trade_id": "130001889", "timestamp": 1614007743994, "tick_direction": 2, "price": 0.6705, "mark_price": 0.67025983, "iv": 180.32, "instrument_name": "BTC-26MAR21-18000-C", "index_price": 53054.09, "direction": "sell", "amount": 0.2}, {"trade_seq": 1676, "trade_id": "129537448", "timestamp": 1613911801371, "tick_direction": 0, "price": 0.689, "mark_price": 0.69482476, "iv": 0.0, "instrument_name": "BTC-26MAR21-18000-C", "index_price": 56760.5, "direction": "sell", "amount": 0.5}, {"trade_seq": 1675, "trade_id": "128624653", "timestamp": 1613586538826, "tick_direction": 2, "price": 0.668, "mark_price": 0.66792752, "iv": 174.27, "instrument_name": "BTC-26MAR21-18000-C", "index_price": 51471.39, "direction": "sell", "amount": 0.1}, {"trade_seq": 1674, "trade_id": "128620345", "timestamp": 1613585037320, "tick_direction": 0, "price": 0.6685, "mark_price": 0.66733033, "iv": 184.03, "instrument_name": "BTC-26MAR21-18000-C", "index_price": 51378.8, "direction": "buy", "amount": 0.2}, {"trade_seq": 1673, "trade_id": "128613147", "timestamp": 1613582401403, "tick_direction": 3, "price": 0.667, "mark_price": 0.66663279, "iv": 176.66, "instrument_name": "BTC-26MAR21-18000-C", "index_price": 51284.34, "direction": "sell", "amount": 0.1}, {"trade_seq": 1672, "trade_id": "128613141", "timestamp": 1613582388941, "tick_direction": 2, "price": 0.667, "mark_price": 0.66666153, "iv": 176.38, "instrument_name": "BTC-26MAR21-18000-C", "index_price": 51285.28, "direction": "sell", "amount": 0.1}, {"trade_seq": 1671, "trade_id": "128613126", "timestamp": 1613582363746, "tick_direction": 0, "price": 0.67, "mark_price": 0.66668039, "iv": 199.22, "instrument_name": "BTC-26MAR21-18000-C", "index_price": 51289.18, "direction": "sell", "amount": 0.4}, {"trade_seq": 1670, "trade_id": "128384476", "timestamp": 1613527285628, "tick_direction": 1, "price": 0.651, "mark_price": 0.65205275, "iv": 155.33, "instrument_name": "BTC-26MAR21-18000-C", "index_price": 49510.87, "direction": "buy", "amount": 1.7}, {"trade_seq": 1669, "trade_id": "128384473", "timestamp": 1613527285426, "tick_direction": 1, "price": 0.651, "mark_price": 0.65205275, "iv": 155.33, "instrument_name": "BTC-26MAR21-18000-C", "index_price": 49510.87, "direction": "buy", "amount": 0.4}, {"trade_seq": 1668, "trade_id": "128384443", "timestamp": 1613527284860, "tick_direction": 1, "price": 0.651, "mark_price": 0.65204214, "iv": 155.46, "instrument_name": "BTC-26MAR21-18000-C", "index_price": 49499.8, "direction": "buy", "amount": 0.1}, {"trade_seq": 1667, "trade_id": "128384442", "timestamp": 1613527284757, "tick_direction": 1, "price": 0.651, "mark_price": 0.65204214, "iv": 155.46, "instrument_name": "BTC-26MAR21-18000-C", "index_price": 49499.8, "direction": "buy", "amount": 0.3}, {"trade_seq": 1666, "trade_id": "128384440", "timestamp": 1613527284574, "tick_direction": 1, "price": 0.651, "mark_price": 0.65204214, "iv": 155.46, "instrument_name": "BTC-26MAR21-18000-C", "index_price": 49499.8, "direction": "buy", "amount": 0.1}, {"trade_seq": 1665, "trade_id": "128384438", "timestamp": 1613527284448, "tick_direction": 1, "price": 0.651, "mark_price": 0.65204214, "iv": 155.46, "instrument_name": "BTC-26MAR21-18000-C", "index_price": 49499.8, "direction": "buy", "amount": 0.2}, {"trade_seq": 1664, "trade_id": "128384436", "timestamp": 1613527284302, "tick_direction": 1, "price": 0.651, "mark_price": 0.65194457, "iv": 155.46, "instrument_name": "BTC-26MAR21-18000-C", "index_price": 49499.8, "direction": "buy", "amount": 0.1}, {"trade_seq": 1663, "trade_id": "128384435", "timestamp": 1613527284221, "tick_direction": 1, "price": 0.651, "mark_price": 0.65194457, "iv": 156.69, "instrument_name": "BTC-26MAR21-18000-C", "index_price": 49485.19, "direction": "buy", "amount": 0.4}, {"trade_seq": 1662, "trade_id": "128384431", "timestamp": 1613527283935, "tick_direction": 1, "price": 0.651, "mark_price": 0.65194457, "iv": 156.69, "instrument_name": "BTC-26MAR21-18000-C", "index_price": 49485.19, "direction": "buy", "amount": 0.5}, {"trade_seq": 1661, "trade_id": "128384429", "timestamp": 1613527283723, "tick_direction": 1, "price": 0.651, "mark_price": 0.65194457, "iv": 156.69, "instrument_name": "BTC-26MAR21-18000-C", "index_price": 49485.19, "direction": "buy", "amount": 0.2}, {"trade_seq": 1660, "trade_id": "128384425", "timestamp": 1613527283648, "tick_direction": 1, "price": 0.651, "mark_price": 0.65194457, "iv": 156.69, "instrument_name": "BTC-26MAR21-18000-C", "index_price": 49485.19, "direction": "buy", "amount": 0.1}, {"trade_seq": 1659, "trade_id": "128384422", "timestamp": 1613527283495, "tick_direction": 1, "price": 0.651, "mark_price": 0.65194457, "iv": 156.69, "instrument_name": "BTC-26MAR21-18000-C", "index_price": 49485.19, "direction": "buy", "amount": 0.2}, {"trade_seq": 1658, "trade_id": "128384414", "timestamp": 1613527283366, "tick_direction": 1, "price": 0.651, "mark_price": 0.65189245, "iv": 156.69, "instrument_name": "BTC-26MAR21-18000-C", "index_price": 49485.19, "direction": "buy", "amount": 0.2}, {"trade_seq": 1657, "trade_id": "128384397", "timestamp": 1613527281935, "tick_direction": 1, "price": 0.651, "mark_price": 0.65188732, "iv": 157.39, "instrument_name": "BTC-26MAR21-18000-C", "index_price": 49476.18, "direction": "buy", "amount": 0.2}, {"trade_seq": 1656, "trade_id": "128384396", "timestamp": 1613527281856, "tick_direction": 1, "price": 0.651, "mark_price": 0.65188732, "iv": 157.39, "instrument_name": "BTC-26MAR21-18000-C", "index_price": 49476.18, "direction": "buy", "amount": 0.1}, {"trade_seq": 1655, "trade_id": "128384388", "timestamp": 1613527279185, "tick_direction": 1, "price": 0.651, "mark_price": 0.65185391, "iv": 157.79, "instrument_name": "BTC-26MAR21-18000-C", "index_price": 49472.26, "direction": "buy", "amount": 0.1}, {"trade_seq": 1654, "trade_id": "128384381", "timestamp": 1613527276291, "tick_direction": 0, "price": 0.651, "mark_price": 0.65177693, "iv": 158.25, "instrument_name": "BTC-26MAR21-18000-C", "index_price": 49466.6, "direction": "buy", "amount": 0.1}, {"trade_seq": 1653, "trade_id": "128367289", "timestamp": 1613520310914, "tick_direction": 1, "price": 0.65, "mark_price": 0.6510704, "iv": 153.57, "instrument_name": "BTC-26MAR21-18000-C", "index_price": 49457.03, "direction": "buy", "amount": 0.1}, {"trade_seq": 1652, "trade_id": "128367285", "timestamp": 1613520310475, "tick_direction": 1, "price": 0.65, "mark_price": 0.65110433, "iv": 153.57, "instrument_name": "BTC-26MAR21-18000-C", "index_price": 49457.03, "direction": "buy", "amount": 0.1}, {"trade_seq": 1651, "trade_id": "128367284", "timestamp": 1613520310384, "tick_direction": 1, "price": 0.65, "mark_price": 0.65110433, "iv": 153.57, "instrument_name": "BTC-26MAR21-18000-C", "index_price": 49457.03, "direction": "buy", "amount": 0.2}, {"trade_seq": 1650, "trade_id": "128367251", "timestamp": 1613520309393, "tick_direction": 1, "price": 0.65, "mark_price": 0.65103404, "iv": 153.11, "instrument_name": "BTC-26MAR21-18000-C", "index_price": 49461.93, "direction": "buy", "amount": 0.1}, {"trade_seq": 1649, "trade_id": "128367249", "timestamp": 1613520309303, "tick_direction": 1, "price": 0.65, "mark_price": 0.65103404, "iv": 153.11, "instrument_name": "BTC-26MAR21-18000-C", "index_price": 49461.93, "direction": "buy", "amount": 0.1}, {"trade_seq": 1648, "trade_id": "128367247", "timestamp": 1613520309150, "tick_direction": 1, "price": 0.65, "mark_price": 0.65103404, "iv": 153.11, "instrument_name": "BTC-26MAR21-18000-C", "index_price": 49461.93, "direction": "buy", "amount": 0.1}, {"trade_seq": 1647, "trade_id": "128367245", "timestamp": 1613520309044, "tick_direction": 1, "price": 0.65, "mark_price": 0.65103404, "iv": 153.11, "instrument_name": "BTC-26MAR21-18000-C", "index_price": 49461.93, "direction": "buy", "amount": 0.1}, {"trade_seq": 1646, "trade_id": "128367244", "timestamp": 1613520308991, "tick_direction": 1, "price": 0.65, "mark_price": 0.65103404, "iv": 153.11, "instrument_name": "BTC-26MAR21-18000-C", "index_price": 49461.93, "direction": "buy", "amount": 0.3}, {"trade_seq": 1645, "trade_id": "128367242", "timestamp": 1613520308877, "tick_direction": 1, "price": 0.65, "mark_price": 0.65103404, "iv": 154.05, "instrument_name": "BTC-26MAR21-18000-C", "index_price": 49456.82, "direction": "buy", "amount": 0.3}, {"trade_seq": 1644, "trade_id": "128367240", "timestamp": 1613520308639, "tick_direction": 1, "price": 0.65, "mark_price": 0.65103404, "iv": 154.05, "instrument_name": "BTC-26MAR21-18000-C", "index_price": 49456.82, "direction": "buy", "amount": 0.4}, {"trade_seq": 1643, "trade_id": "128367237", "timestamp": 1613520308018, "tick_direction": 1, "price": 0.65, "mark_price": 0.65103111, "iv": 154.05, "instrument_name": "BTC-26MAR21-18000-C", "index_price": 49456.82, "direction": "buy", "amount": 0.2}, {"trade_seq": 1642, "trade_id": "128367234", "timestamp": 1613520307595, "tick_direction": 1, "price": 0.65, "mark_price": 0.65103111, "iv": 154.09, "instrument_name": "BTC-26MAR21-18000-C", "index_price": 49451.3, "direction": "buy", "amount": 0.1}, {"trade_seq": 1641, "trade_id": "128367233", "timestamp": 1613520307562, "tick_direction": 1, "price": 0.65, "mark_price": 0.65103111, "iv": 154.09, "instrument_name": "BTC-26MAR21-18000-C", "index_price": 49451.3, "direction": "buy", "amount": 0.2}, {"trade_seq": 1640, "trade_id": "128367231", "timestamp": 1613520306938, "tick_direction": 1, "price": 0.65, "mark_price": 0.65102305, "iv": 154.19, "instrument_name": "BTC-26MAR21-18000-C", "index_price": 49450.06, "direction": "buy", "amount": 0.1}, {"trade_seq": 1639, "trade_id": "128367229", "timestamp": 1613520306735, "tick_direction": 1, "price": 0.65, "mark_price": 0.65102305, "iv": 154.19, "instrument_name": "BTC-26MAR21-18000-C", "index_price": 49450.06, "direction": "buy", "amount": 0.1}, {"trade_seq": 1638, "trade_id": "128367222", "timestamp": 1613520304595, "tick_direction": 1, "price": 0.65, "mark_price": 0.65098392, "iv": 154.7, "instrument_name": "BTC-26MAR21-18000-C", "index_price": 49450.36, "direction": "buy", "amount": 0.1}, {"trade_seq": 1637, "trade_id": "128367221", "timestamp": 1613520304485, "tick_direction": 1, "price": 0.65, "mark_price": 0.65097947, "iv": 154.7, "instrument_name": "BTC-26MAR21-18000-C", "index_price": 49450.36, "direction": "buy", "amount": 0.3}, {"trade_seq": 1636, "trade_id": "128367218", "timestamp": 1613520304294, "tick_direction": 1, "price": 0.65, "mark_price": 0.65097947, "iv": 154.7, "instrument_name": "BTC-26MAR21-18000-C", "index_price": 49450.36, "direction": "buy", "amount": 0.1}, {"trade_seq": 1635, "trade_id": "128367217", "timestamp": 1613520304219, "tick_direction": 1, "price": 0.65, "mark_price": 0.65097947, "iv": 154.7, "instrument_name": "BTC-26MAR21-18000-C", "index_price": 49450.36, "direction": "buy", "amount": 0.2}, {"trade_seq": 1634, "trade_id": "128367215", "timestamp": 1613520303962, "tick_direction": 1, "price": 0.65, "mark_price": 0.65097947, "iv": 154.7, "instrument_name": "BTC-26MAR21-18000-C", "index_price": 49450.36, "direction": "buy", "amount": 0.1}, {"trade_seq": 1633, "trade_id": "128367214", "timestamp": 1613520303840, "tick_direction": 1, "price": 0.65, "mark_price": 0.65097947, "iv": 154.74, "instrument_name": "BTC-26MAR21-18000-C", "index_price": 49444.35, "direction": "buy", "amount": 0.1}, {"trade_seq": 1632, "trade_id": "128367213", "timestamp": 1613520303776, "tick_direction": 1, "price": 0.65, "mark_price": 0.65097947, "iv": 154.74, "instrument_name": "BTC-26MAR21-18000-C", "index_price": 49444.35, "direction": "buy", "amount": 0.1}, {"trade_seq": 1631, "trade_id": "128367211", "timestamp": 1613520303587, "tick_direction": 1, "price": 0.65, "mark_price": 0.65097947, "iv": 154.74, "instrument_name": "BTC-26MAR21-18000-C", "index_price": 49444.35, "direction": "buy", "amount": 0.2}, {"trade_seq": 1630, "trade_id": "128367203", "timestamp": 1613520301862, "tick_direction": 1, "price": 0.65, "mark_price": 0.65097118, "iv": 154.86, "instrument_name": "BTC-26MAR21-18000-C", "index_price": 49443.45, "direction": "buy", "amount": 0.1}, {"trade_seq": 1629, "trade_id": "128367201", "timestamp": 1613520301574, "tick_direction": 1, "price": 0.65, "mark_price": 0.65097118, "iv": 154.86, "instrument_name": "BTC-26MAR21-18000-C", "index_price": 49443.45, "direction": "buy", "amount": 0.2}, {"trade_seq": 1628, "trade_id": "128367195", "timestamp": 1613520299805, "tick_direction": 1, "price": 0.65, "mark_price": 0.65094749, "iv": 155.16, "instrument_name": "BTC-26MAR21-18000-C", "index_price": 49440.9, "direction": "buy", "amount": 0.1}, {"trade_seq": 1627, "trade_id": "128367194", "timestamp": 1613520299505, "tick_direction": 1, "price": 0.65, "mark_price": 0.65094749, "iv": 155.16, "instrument_name": "BTC-26MAR21-18000-C", "index_price": 49440.9, "direction": "buy", "amount": 0.1}, {"trade_seq": 1626, "trade_id": "128367193", "timestamp": 1613520299439, "tick_direction": 1, "price": 0.65, "mark_price": 0.65078546, "iv": 155.16, "instrument_name": "BTC-26MAR21-18000-C", "index_price": 49440.9, "direction": "buy", "amount": 0.1}, {"trade_seq": 1625, "trade_id": "128367171", "timestamp": 1613520297893, "tick_direction": 1, "price": 0.65, "mark_price": 0.65077193, "iv": 157.15, "instrument_name": "BTC-26MAR21-18000-C", "index_price": 49439.58, "direction": "buy", "amount": 0.3}, {"trade_seq": 1624, "trade_id": "128367161", "timestamp": 1613520297664, "tick_direction": 1, "price": 0.65, "mark_price": 0.65077193, "iv": 157.31, "instrument_name": "BTC-26MAR21-18000-C", "index_price": 49416.31, "direction": "buy", "amount": 0.2}, {"trade_seq": 1623, "trade_id": "128367137", "timestamp": 1613520297475, "tick_direction": 1, "price": 0.65, "mark_price": 0.65080481, "iv": 157.31, "instrument_name": "BTC-26MAR21-18000-C", "index_price": 49416.31, "direction": "buy", "amount": 0.1}, {"trade_seq": 1622, "trade_id": "128367135", "timestamp": 1613520297439, "tick_direction": 1, "price": 0.65, "mark_price": 0.65080481, "iv": 157.31, "instrument_name": "BTC-26MAR21-18000-C", "index_price": 49416.31, "direction": "buy", "amount": 0.5}, {"trade_seq": 1621, "trade_id": "128367106", "timestamp": 1613520297195, "tick_direction": 1, "price": 0.65, "mark_price": 0.65080481, "iv": 157.25, "instrument_name": "BTC-26MAR21-18000-C", "index_price": 49416.31, "direction": "buy", "amount": 0.1}, {"trade_seq": 1620, "trade_id": "128367092", "timestamp": 1613520297115, "tick_direction": 1, "price": 0.65, "mark_price": 0.65080481, "iv": 157.25, "instrument_name": "BTC-26MAR21-18000-C", "index_price": 49416.31, "direction": "buy", "amount": 0.4}, {"trade_seq": 1619, "trade_id": "128367061", "timestamp": 1613520295292, "tick_direction": 0, "price": 0.65, "mark_price": 0.65079934, "iv": 157.05, "instrument_name": "BTC-26MAR21-18000-C", "index_price": 49421.38, "direction": "buy", "amount": 0.1}, {"trade_seq": 1618, "trade_id": "128284317", "timestamp": 1613491235987, "tick_direction": 2, "price": 0.649, "mark_price": 0.64920926, "iv": 163.92, "instrument_name": "BTC-26MAR21-18000-C", "index_price": 49045.98, "direction": "buy", "amount": 0.1}, {"trade_seq": 1617, "trade_id": "128283811", "timestamp": 1613491094923, "tick_direction": 3, "price": 0.6495, "mark_price": 0.64970078, "iv": 164.45, "instrument_name": "BTC-26MAR21-18000-C", "index_price": 49103.87, "direction": "buy", "amount": 0.1}, {"trade_seq": 1616, "trade_id": "128283807", "timestamp": 1613491094811, "tick_direction": 2, "price": 0.6495, "mark_price": 0.64970078, "iv": 164.45, "instrument_name": "BTC-26MAR21-18000-C", "index_price": 49103.87, "direction": "buy", "amount": 0.4}, {"trade_seq": 1615, "trade_id": "128275253", "timestamp": 1613488342228, "tick_direction": 1, "price": 0.6515, "mark_price": 0.65124809, "iv": 168.16, "instrument_name": "BTC-26MAR21-18000-C", "index_price": 49308.57, "direction": "buy", "amount": 0.1}, {"trade_seq": 1614, "trade_id": "128275246", "timestamp": 1613488342121, "tick_direction": 0, "price": 0.6515, "mark_price": 0.65124809, "iv": 168.16, "instrument_name": "BTC-26MAR21-18000-C", "index_price": 49308.57, "direction": "buy", "amount": 0.2}, {"trade_seq": 1613, "trade_id": "127742365", "timestamp": 1613353026563, "tick_direction": 2, "price": 0.6415, "mark_price": 0.64199938, "iv": 157.82, "instrument_name": "BTC-26MAR21-18000-C", "index_price": 47993.61, "direction": "sell", "amount": 1.1}, {"trade_seq": 1612, "trade_id": "127608434", "timestamp": 1613301084870, "tick_direction": 1, "price": 0.6525, "mark_price": 0.6522555, "iv": 166.98, "instrument_name": "BTC-26MAR21-18000-C", "index_price": 48969.73, "direction": "sell", "amount": 0.1}, {"trade_seq": 1611, "trade_id": "127608431", "timestamp": 1613301084824, "tick_direction": 1, "price": 0.6525, "mark_price": 0.65226138, "iv": 166.98, "instrument_name": "BTC-26MAR21-18000-C", "index_price": 48969.73, "direction": "sell", "amount": 0.3}, {"trade_seq": 1610, "trade_id": "127608391", "timestamp": 1613301083181, "tick_direction": 1, "price": 0.6525, "mark_price": 0.65228006, "iv": 166.79, "instrument_name": "BTC-26MAR21-18000-C", "index_price": 48972.11, "direction": "sell", "amount": 0.2}, {"trade_seq": 1609, "trade_id": "127608280", "timestamp": 1613300995821, "tick_direction": 1, "price": 0.6525, "mark_price": 0.65233419, "iv": 166.36, "instrument_name": "BTC-26MAR21-18000-C", "index_price": 48986.53, "direction": "sell", "amount": 0.1}, {"trade_seq": 1608, "trade_id": "127608279", "timestamp": 1613300995386, "tick_direction": 1, "price": 0.6525, "mark_price": 0.65232927, "iv": 166.36, "instrument_name": "BTC-26MAR21-18000-C", "index_price": 48986.53, "direction": "sell", "amount": 0.1}, {"trade_seq": 1607, "trade_id": "127608276", "timestamp": 1613300995321, "tick_direction": 0, "price": 0.6525, "mark_price": 0.65232927, "iv": 166.36, "instrument_name": "BTC-26MAR21-18000-C", "index_price": 48986.53, "direction": "sell", "amount": 0.2}, {"trade_seq": 1606, "trade_id": "127543381", "timestamp": 1613281918141, "tick_direction": 1, "price": 0.65, "mark_price": 0.64948887, "iv": 163.93, "instrument_name": "BTC-26MAR21-18000-C", "index_price": 48659.29, "direction": "buy", "amount": 0.1}, {"trade_seq": 1605, "trade_id": "127543376", "timestamp": 1613281918013, "tick_direction": 0, "price": 0.65, "mark_price": 0.64948887, "iv": 163.93, "instrument_name": "BTC-26MAR21-18000-C", "index_price": 48659.29, "direction": "buy", "amount": 0.1}, {"trade_seq": 1604, "trade_id": "127282874", "timestamp": 1613163482073, "tick_direction": 3, "price": 0.639, "mark_price": 0.63868925, "iv": 159.16, "instrument_name": "BTC-26MAR21-18000-C", "index_price": 47660.03, "direction": "buy", "amount": 0.2}, {"trade_seq": 1603, "trade_id": "127282370", "timestamp": 1613163372837, "tick_direction": 2, "price": 0.639, "mark_price": 0.6387772, "iv": 158.32, "instrument_name": "BTC-26MAR21-18000-C", "index_price": 47674.82, "direction": "buy", "amount": 0.1}, {"trade_seq": 1602, "trade_id": "126946739", "timestamp": 1613070279844, "tick_direction": 0, "price": 0.641, "mark_price": 0.64082074, "iv": 156.03, "instrument_name": "BTC-26MAR21-18000-C", "index_price": 47738.74, "direction": "buy", "amount": 0.1}, {"trade_seq": 1601, "trade_id": "126928676", "timestamp": 1613064214353, "tick_direction": 3, "price": 0.6375, "mark_price": 0.63721764, "iv": 156.27, "instrument_name": "BTC-26MAR21-18000-C", "index_price": 47249.37, "direction": "sell", "amount": 0.4}, {"trade_seq": 1600, "trade_id": "126928669", "timestamp": 1613064210770, "tick_direction": 3, "price": 0.6375, "mark_price": 0.63728329, "iv": 155.66, "instrument_name": "BTC-26MAR21-18000-C", "index_price": 47259.2, "direction": "sell", "amount": 0.1}, {"trade_seq": 1599, "trade_id": "126928666", "timestamp": 1613064210483, "tick_direction": 3, "price": 0.6375, "mark_price": 0.63729192, "iv": 155.66, "instrument_name": "BTC-26MAR21-18000-C", "index_price": 47259.2, "direction": "sell", "amount": 0.1}, {"trade_seq": 1598, "trade_id": "126928662", "timestamp": 1613064210273, "tick_direction": 2, "price": 0.6375, "mark_price": 0.63729192, "iv": 155.66, "instrument_name": "BTC-26MAR21-18000-C", "index_price": 47259.2, "direction": "sell", "amount": 0.1}, {"trade_seq": 1597, "trade_id": "126917114", "timestamp": 1613061479998, "tick_direction": 1, "price": 0.64, "mark_price": 0.63985241, "iv": 155.94, "instrument_name": "BTC-26MAR21-18000-C", "index_price": 47538.13, "direction": "buy", "amount": 0.2}, {"trade_seq": 1596, "trade_id": "126917098", "timestamp": 1613061479682, "tick_direction": 0, "price": 0.64, "mark_price": 0.63985241, "iv": 155.94, "instrument_name": "BTC-26MAR21-18000-C", "index_price": 47538.13, "direction": "buy", "amount": 0.1}, {"trade_seq": 1595, "trade_id": "126856397", "timestamp": 1613049819915, "tick_direction": 0, "price": 0.6375, "mark_price": 0.64222198, "iv": 0.0, "instrument_name": "BTC-26MAR21-18000-C", "index_price": 48117.56, "direction": "buy", "amount": 0.1}, {"trade_seq": 1594, "trade_id": "126812684", "timestamp": 1613039666307, "tick_direction": 1, "price": 0.6245, "mark_price": 0.62110735, "iv": 168.88, "instrument_name": "BTC-26MAR21-18000-C", "index_price": 45471.43, "direction": "sell", "amount": 0.5}, {"trade_seq": 1593, "trade_id": "126812683", "timestamp": 1613039666303, "tick_direction": 0, "price": 0.6245, "mark_price": 0.62110735, "iv": 168.88, "instrument_name": "BTC-26MAR21-18000-C", "index_price": 45471.43, "direction": "buy", "amount": 1.5}, {"trade_seq": 1592, "trade_id": "126689810", "timestamp": 1612994495646, "tick_direction": 1, "price": 0.6175, "mark_price": 0.61787572, "iv": 144.93, "instrument_name": "BTC-26MAR21-18000-C", "index_price": 45025.34, "direction": "buy", "amount": 0.6}, {"trade_seq": 1591, "trade_id": "126689806", "timestamp": 1612994490186, "tick_direction": 1, "price": 0.6175, "mark_price": 0.61778659, "iv": 145.74, "instrument_name": "BTC-26MAR21-18000-C", "index_price": 45016.59, "direction": "buy", "amount": 0.1}, {"trade_seq": 1590, "trade_id": "126689805", "timestamp": 1612994490158, "tick_direction": 1, "price": 0.6175, "mark_price": 0.61778659, "iv": 145.74, "instrument_name": "BTC-26MAR21-18000-C", "index_price": 45016.59, "direction": "buy", "amount": 0.1}, {"trade_seq": 1589, "trade_id": "126689803", "timestamp": 1612994487476, "tick_direction": 1, "price": 0.6175, "mark_price": 0.61778911, "iv": 145.76, "instrument_name": "BTC-26MAR21-18000-C", "index_price": 45011.24, "direction": "buy", "amount": 0.1}, {"trade_seq": 1588, "trade_id": "126689802", "timestamp": 1612994487010, "tick_direction": 0, "price": 0.6175, "mark_price": 0.61778513, "iv": 145.77, "instrument_name": "BTC-26MAR21-18000-C", "index_price": 45010.41, "direction": "buy", "amount": 0.1}, {"trade_seq": 1587, "trade_id": "126689793", "timestamp": 1612994473668, "tick_direction": 2, "price": 0.617, "mark_price": 0.61755373, "iv": 143.35, "instrument_name": "BTC-26MAR21-18000-C", "index_price": 44987.42, "direction": "sell", "amount": 1.0}, {"trade_seq": 1586, "trade_id": "126689716", "timestamp": 1612994365777, "tick_direction": 0, "price": 0.6175, "mark_price": 0.61795886, "iv": 144.47, "instrument_name": "BTC-26MAR21-18000-C", "index_price": 45011.71, "direction": "sell", "amount": 1.0}, {"trade_seq": 1585, "trade_id": "126628887", "timestamp": 1612973874646, "tick_direction": 3, "price": 0.6165, "mark_price": 0.61639846, "iv": 148.76, "instrument_name": "BTC-26MAR21-18000-C", "index_price": 44670.83, "direction": "buy", "amount": 0.1}, {"trade_seq": 1584, "trade_id": "126628886", "timestamp": 1612973874553, "tick_direction": 3, "price": 0.6165, "mark_price": 0.61639846, "iv": 148.76, "instrument_name": "BTC-26MAR21-18000-C", "index_price": 44670.83, "direction": "buy", "amount": 0.1}, {"trade_seq": 1583, "trade_id": "126628876", "timestamp": 1612973873383, "tick_direction": 2, "price": 0.6165, "mark_price": 0.61636208, "iv": 149.34, "instrument_name": "BTC-26MAR21-18000-C", "index_price": 44668.14, "direction": "buy", "amount": 0.1}, {"trade_seq": 1582, "trade_id": "126628706", "timestamp": 1612973858848, "tick_direction": 0, "price": 0.617, "mark_price": 0.6167719, "iv": 149.9, "instrument_name": "BTC-26MAR21-18000-C", "index_price": 44698.23, "direction": "buy", "amount": 0.2}, {"trade_seq": 1581, "trade_id": "126610315", "timestamp": 1612971510915, "tick_direction": 2, "price": 0.6145, "mark_price": 0.61444275, "iv": 149.03, "instrument_name": "BTC-26MAR21-18000-C", "index_price": 44343.15, "direction": "buy", "amount": 0.3}, {"trade_seq": 1580, "trade_id": "126329243", "timestamp": 1612875617784, "tick_direction": 3, "price": 0.623, "mark_price": 0.62279282, "iv": 147.41, "instrument_name": "BTC-26MAR21-18000-C", "index_price": 45213.32, "direction": "sell", "amount": 0.3}, {"trade_seq": 1579, "trade_id": "126329241", "timestamp": 1612875617613, "tick_direction": 3, "price": 0.623, "mark_price": 0.62297074, "iv": 147.41, "instrument_name": "BTC-26MAR21-18000-C", "index_price": 45213.32, "direction": "sell", "amount": 0.1}, {"trade_seq": 1578, "trade_id": "126329240", "timestamp": 1612875617272, "tick_direction": 3, "price": 0.623, "mark_price": 0.62297074, "iv": 146.17, "instrument_name": "BTC-26MAR21-18000-C", "index_price": 45236.06, "direction": "sell", "amount": 0.1}, {"trade_seq": 1577, "trade_id": "126329238", "timestamp": 1612875617139, "tick_direction": 3, "price": 0.623, "mark_price": 0.62297074, "iv": 146.17, "instrument_name": "BTC-26MAR21-18000-C", "index_price": 45236.06, "direction": "sell", "amount": 0.1}, {"trade_seq": 1576, "trade_id": "126329225", "timestamp": 1612875614884, "tick_direction": 3, "price": 0.623, "mark_price": 0.62307329, "iv": 145.44, "instrument_name": "BTC-26MAR21-18000-C", "index_price": 45243.19, "direction": "sell", "amount": 0.1}, {"trade_seq": 1575, "trade_id": "126329224", "timestamp": 1612875614070, "tick_direction": 3, "price": 0.623, "mark_price": 0.62315093, "iv": 144.88, "instrument_name": "BTC-26MAR21-18000-C", "index_price": 45251.57, "direction": "sell", "amount": 0.1}, {"trade_seq": 1574, "trade_id": "126328563", "timestamp": 1612875528779, "tick_direction": 3, "price": 0.623, "mark_price": 0.62281857, "iv": 148.33, "instrument_name": "BTC-26MAR21-18000-C", "index_price": 45197.7, "direction": "sell", "amount": 0.1}, {"trade_seq": 1573, "trade_id": "126328561", "timestamp": 1612875528600, "tick_direction": 2, "price": 0.623, "mark_price": 0.62301242, "iv": 147.45, "instrument_name": "BTC-26MAR21-18000-C", "index_price": 45212.33, "direction": "sell", "amount": 0.1}, {"trade_seq": 1572, "trade_id": "126306718", "timestamp": 1612870170873, "tick_direction": 2, "price": 0.629, "mark_price": 0.63191886, "iv": 112.06, "instrument_name": "BTC-26MAR21-18000-C", "index_price": 46241.68, "direction": "sell", "amount": 0.4}, {"trade_seq": 1571, "trade_id": "126216493", "timestamp": 1612852560346, "tick_direction": 0, "price": 0.64, "mark_price": 0.64012167, "iv": 150.27, "instrument_name": "BTC-26MAR21-18000-C", "index_price": 47345.05, "direction": "buy", "amount": 0.1}, {"trade_seq": 1570, "trade_id": "126158035", "timestamp": 1612838889239, "tick_direction": 0, "price": 0.629, "mark_price": 0.62960573, "iv": 144.68, "instrument_name": "BTC-26MAR21-18000-C", "index_price": 46118.77, "direction": "buy", "amount": 0.2}, {"trade_seq": 1569, "trade_id": "126157874", "timestamp": 1612838754831, "tick_direction": 0, "price": 0.628, "mark_price": 0.62949579, "iv": 137.3, "instrument_name": "BTC-26MAR21-18000-C", "index_price": 46088.88, "direction": "buy", "amount": 0.2}, {"trade_seq": 1568, "trade_id": "125233414", "timestamp": 1612586596776, "tick_direction": 0, "price": 0.5625, "mark_price": 0.56559176, "iv": 120.5, "instrument_name": "BTC-26MAR21-18000-C", "index_price": 39252.69, "direction": "sell", "amount": 0.2}, {"trade_seq": 1567, "trade_id": "124907344", "timestamp": 1612461412960, "tick_direction": 0, "price": 0.5415, "mark_price": 0.53774314, "iv": 142.86, "instrument_name": "BTC-26MAR21-18000-C", "index_price": 36906.47, "direction": "buy", "amount": 0.1}, {"trade_seq": 1566, "trade_id": "124906292", "timestamp": 1612460782933, "tick_direction": 0, "price": 0.5365, "mark_price": 0.53887072, "iv": 122.37, "instrument_name": "BTC-26MAR21-18000-C", "index_price": 37013.85, "direction": "sell", "amount": 0.1}, {"trade_seq": 1565, "trade_id": "124884839", "timestamp": 1612452745846, "tick_direction": 3, "price": 0.53, "mark_price": 0.53262657, "iv": 120.32, "instrument_name": "BTC-26MAR21-18000-C", "index_price": 36448.46, "direction": "buy", "amount": 10.0}, {"trade_seq": 1564, "trade_id": "124882315", "timestamp": 1612452234828, "tick_direction": 3, "price": 0.53, "mark_price": 0.53000602, "iv": 128.98, "instrument_name": "BTC-26MAR21-18000-C", "index_price": 36247.84, "direction": "buy", "amount": 8.0}, {"trade_seq": 1563, "trade_id": "124881897", "timestamp": 1612452212360, "tick_direction": 3, "price": 0.53, "mark_price": 0.53097132, "iv": 126.74, "instrument_name": "BTC-26MAR21-18000-C", "index_price": 36291.62, "direction": "buy", "amount": 0.2}, {"trade_seq": 1562, "trade_id": "124881895", "timestamp": 1612452212249, "tick_direction": 3, "price": 0.53, "mark_price": 0.53097132, "iv": 126.74, "instrument_name": "BTC-26MAR21-18000-C", "index_price": 36291.62, "direction": "buy", "amount": 0.5}, {"trade_seq": 1561, "trade_id": "124881894", "timestamp": 1612452212092, "tick_direction": 2, "price": 0.53, "mark_price": 0.53097132, "iv": 126.74, "instrument_name": "BTC-26MAR21-18000-C", "index_price": 36291.62, "direction": "buy", "amount": 1.3}, {"trade_seq": 1560, "trade_id": "124876439", "timestamp": 1612451820362, "tick_direction": 0, "price": 0.536, "mark_price": 0.53653441, "iv": 128.68, "instrument_name": "BTC-26MAR21-18000-C", "index_price": 36763.95, "direction": "buy", "amount": 8.4}, {"trade_seq": 1559, "trade_id": "124876102", "timestamp": 1612451734912, "tick_direction": 3, "price": 0.5355, "mark_price": 0.53609301, "iv": 128.52, "instrument_name": "BTC-26MAR21-18000-C", "index_price": 36721.09, "direction": "buy", "amount": 9.5}, {"trade_seq": 1558, "trade_id": "124876096", "timestamp": 1612451733690, "tick_direction": 3, "price": 0.5355, "mark_price": 0.53609715, "iv": 128.53, "instrument_name": "BTC-26MAR21-18000-C", "index_price": 36718.5, "direction": "buy", "amount": 0.1}, {"trade_seq": 1557, "trade_id": "124876054", "timestamp": 1612451730286, "tick_direction": 3, "price": 0.5355, "mark_price": 0.53604517, "iv": 128.61, "instrument_name": "BTC-26MAR21-18000-C", "index_price": 36722.5, "direction": "buy", "amount": 0.2}, {"trade_seq": 1556, "trade_id": "124876053", "timestamp": 1612451730065, "tick_direction": 2, "price": 0.5355, "mark_price": 0.53584841, "iv": 128.7, "instrument_name": "BTC-26MAR21-18000-C", "index_price": 36715.16, "direction": "buy", "amount": 0.2}, {"trade_seq": 1555, "trade_id": "124875287", "timestamp": 1612451666712, "tick_direction": 3, "price": 0.536, "mark_price": 0.53682592, "iv": 127.74, "instrument_name": "BTC-26MAR21-18000-C", "index_price": 36793.25, "direction": "buy", "amount": 0.1}, {"trade_seq": 1554, "trade_id": "124875274", "timestamp": 1612451661241, "tick_direction": 3, "price": 0.536, "mark_price": 0.53676777, "iv": 127.96, "instrument_name": "BTC-26MAR21-18000-C", "index_price": 36786.18, "direction": "buy", "amount": 0.1}, {"trade_seq": 1553, "trade_id": "124875271", "timestamp": 1612451661073, "tick_direction": 3, "price": 0.536, "mark_price": 0.53676777, "iv": 127.96, "instrument_name": "BTC-26MAR21-18000-C", "index_price": 36786.18, "direction": "buy", "amount": 0.1}, {"trade_seq": 1552, "trade_id": "124875270", "timestamp": 1612451660866, "tick_direction": 3, "price": 0.536, "mark_price": 0.53667529, "iv": 127.96, "instrument_name": "BTC-26MAR21-18000-C", "index_price": 36786.18, "direction": "buy", "amount": 0.1}, {"trade_seq": 1551, "trade_id": "124875269", "timestamp": 1612451660711, "tick_direction": 3, "price": 0.536, "mark_price": 0.53667529, "iv": 128.29, "instrument_name": "BTC-26MAR21-18000-C", "index_price": 36786.17, "direction": "buy", "amount": 0.1}, {"trade_seq": 1550, "trade_id": "124875260", "timestamp": 1612451659159, "tick_direction": 3, "price": 0.536, "mark_price": 0.53672569, "iv": 128.11, "instrument_name": "BTC-26MAR21-18000-C", "index_price": 36777.83, "direction": "buy", "amount": 0.1}, {"trade_seq": 1549, "trade_id": "124875135", "timestamp": 1612451627037, "tick_direction": 3, "price": 0.536, "mark_price": 0.53662346, "iv": 128.51, "instrument_name": "BTC-26MAR21-18000-C", "index_price": 36780.81, "direction": "buy", "amount": 0.2}, {"trade_seq": 1548, "trade_id": "124875133", "timestamp": 1612451626919, "tick_direction": 3, "price": 0.536, "mark_price": 0.53655988, "iv": 128.51, "instrument_name": "BTC-26MAR21-18000-C", "index_price": 36780.81, "direction": "buy", "amount": 0.3}, {"trade_seq": 1547, "trade_id": "124875126", "timestamp": 1612451626686, "tick_direction": 3, "price": 0.536, "mark_price": 0.53655988, "iv": 128.51, "instrument_name": "BTC-26MAR21-18000-C", "index_price": 36780.81, "direction": "buy", "amount": 0.1}, {"trade_seq": 1546, "trade_id": "124875120", "timestamp": 1612451625826, "tick_direction": 3, "price": 0.536, "mark_price": 0.53644722, "iv": 128.74, "instrument_name": "BTC-26MAR21-18000-C", "index_price": 36774.87, "direction": "buy", "amount": 0.1}, {"trade_seq": 1545, "trade_id": "124875103", "timestamp": 1612451623676, "tick_direction": 3, "price": 0.536, "mark_price": 0.53638462, "iv": 129.2, "instrument_name": "BTC-26MAR21-18000-C", "index_price": 36761.54, "direction": "buy", "amount": 0.2}, {"trade_seq": 1544, "trade_id": "124875102", "timestamp": 1612451623437, "tick_direction": 2, "price": 0.536, "mark_price": 0.53638462, "iv": 129.36, "instrument_name": "BTC-26MAR21-18000-C", "index_price": 36759.2, "direction": "buy", "amount": 0.1}, {"trade_seq": 1543, "trade_id": "124871965", "timestamp": 1612451159897, "tick_direction": 3, "price": 0.537, "mark_price": 0.53780553, "iv": 128.47, "instrument_name": "BTC-26MAR21-18000-C", "index_price": 36869.96, "direction": "buy", "amount": 8.9}, {"trade_seq": 1542, "trade_id": "124871949", "timestamp": 1612451148951, "tick_direction": 3, "price": 0.537, "mark_price": 0.53799042, "iv": 127.81, "instrument_name": "BTC-26MAR21-18000-C", "index_price": 36879.88, "direction": "buy", "amount": 0.1}, {"trade_seq": 1541, "trade_id": "124871948", "timestamp": 1612451148788, "tick_direction": 3, "price": 0.537, "mark_price": 0.53799042, "iv": 127.81, "instrument_name": "BTC-26MAR21-18000-C", "index_price": 36879.88, "direction": "buy", "amount": 0.2}, {"trade_seq": 1540, "trade_id": "124871946", "timestamp": 1612451148558, "tick_direction": 2, "price": 0.537, "mark_price": 0.53799042, "iv": 127.81, "instrument_name": "BTC-26MAR21-18000-C", "index_price": 36879.88, "direction": "buy", "amount": 0.8}, {"trade_seq": 1539, "trade_id": "124739698", "timestamp": 1612404630368, "tick_direction": 2, "price": 0.548, "mark_price": 0.55302401, "iv": 117.12, "instrument_name": "BTC-26MAR21-18000-C", "index_price": 38082.45, "direction": "sell", "amount": 1.0}, {"trade_seq": 1538, "trade_id": "124739528", "timestamp": 1612404629417, "tick_direction": 2, "price": 0.5485, "mark_price": 0.55302511, "iv": 114.84, "instrument_name": "BTC-26MAR21-18000-C", "index_price": 38089.2, "direction": "sell", "amount": 7.5}, {"trade_seq": 1537, "trade_id": "124739431", "timestamp": 1612404628960, "tick_direction": 1, "price": 0.5505, "mark_price": 0.55302511, "iv": 124.7, "instrument_name": "BTC-26MAR21-18000-C", "index_price": 38089.2, "direction": "sell", "amount": 1.5}, {"trade_seq": 1536, "trade_id": "124739247", "timestamp": 1612404628332, "tick_direction": 0, "price": 0.5505, "mark_price": 0.55302531, "iv": 124.7, "instrument_name": "BTC-26MAR21-18000-C", "index_price": 38092.82, "direction": "sell", "amount": 7.5}, {"trade_seq": 1535, "trade_id": "124360352", "timestamp": 1612264542780, "tick_direction": 1, "price": 0.518, "mark_price": 0.51838467, "iv": 130.61, "instrument_name": "BTC-26MAR21-18000-C", "index_price": 35254.15, "direction": "buy", "amount": 0.3}, {"trade_seq": 1534, "trade_id": "124360351", "timestamp": 1612264542623, "tick_direction": 0, "price": 0.518, "mark_price": 0.51838467, "iv": 130.61, "instrument_name": "BTC-26MAR21-18000-C", "index_price": 35254.15, "direction": "buy", "amount": 1.2}, {"trade_seq": 1533, "trade_id": "124135898", "timestamp": 1612183940641, "tick_direction": 0, "price": 0.5, "mark_price": 0.49946794, "iv": 137.25, "instrument_name": "BTC-26MAR21-18000-C", "index_price": 33779.49, "direction": "sell", "amount": 0.5}, {"trade_seq": 1532, "trade_id": "123586186", "timestamp": 1611973021307, "tick_direction": 1, "price": 0.498, "mark_price": 0.49973664, "iv": 133.3, "instrument_name": "BTC-26MAR21-18000-C", "index_price": 33801.17, "direction": "buy", "amount": 6.7}, {"trade_seq": 1531, "trade_id": "123586185", "timestamp": 1611973021304, "tick_direction": 0, "price": 0.498, "mark_price": 0.49973664, "iv": 133.3, "instrument_name": "BTC-26MAR21-18000-C", "index_price": 33801.17, "direction": "buy", "amount": 3.3}, {"trade_seq": 1530, "trade_id": "122492784", "timestamp": 1611786496841, "tick_direction": 2, "price": 0.451, "mark_price": 0.45471855, "iv": 124.22, "instrument_name": "BTC-26MAR21-18000-C", "index_price": 30999.46, "direction": "sell", "amount": 0.6}, {"trade_seq": 1529, "trade_id": "121516597", "timestamp": 1611520486986, "tick_direction": 2, "price": 0.4655, "mark_price": 0.46296414, "iv": 123.74, "instrument_name": "BTC-26MAR21-18000-C", "index_price": 31527.67, "direction": "buy", "amount": 45.8}, {"trade_seq": 1528, "trade_id": "121347854", "timestamp": 1611451276090, "tick_direction": 2, "price": 0.47, "mark_price": 0.47222488, "iv": 114.31, "instrument_name": "BTC-26MAR21-18000-C", "index_price": 32033.87, "direction": "buy", "amount": 2.0}, {"trade_seq": 1527, "trade_id": "121246437", "timestamp": 1611403580712, "tick_direction": 2, "price": 0.474, "mark_price": 0.46950741, "iv": 125.2, "instrument_name": "BTC-26MAR21-18000-C", "index_price": 31891.97, "direction": "buy", "amount": 25.0}, {"trade_seq": 1526, "trade_id": "119745574", "timestamp": 1611088076830, "tick_direction": 3, "price": 0.545, "mark_price": 0.54593223, "iv": 137.65, "instrument_name": "BTC-26MAR21-18000-C", "index_price": 36367.12, "direction": "buy", "amount": 0.1}, {"trade_seq": 1525, "trade_id": "119745560", "timestamp": 1611088074666, "tick_direction": 3, "price": 0.545, "mark_price": 0.54596028, "iv": 137.6, "instrument_name": "BTC-26MAR21-18000-C", "index_price": 36362.66, "direction": "buy", "amount": 0.1}, {"trade_seq": 1524, "trade_id": "119745540", "timestamp": 1611088072910, "tick_direction": 2, "price": 0.545, "mark_price": 0.54586337, "iv": 137.8, "instrument_name": "BTC-26MAR21-18000-C", "index_price": 36365.72, "direction": "buy", "amount": 0.1}, {"trade_seq": 1523, "trade_id": "119592883", "timestamp": 1611046561301, "tick_direction": 0, "price": 0.553, "mark_price": 0.55860767, "iv": 127.62, "instrument_name": "BTC-26MAR21-18000-C", "index_price": 37209.42, "direction": "sell", "amount": 0.2}, {"trade_seq": 1522, "trade_id": "119562525", "timestamp": 1611041562687, "tick_direction": 2, "price": 0.5365, "mark_price": 0.55188005, "iv": 95.66, "instrument_name": "BTC-26MAR21-18000-C", "index_price": 36699.7, "direction": "sell", "amount": 0.1}, {"trade_seq": 1521, "trade_id": "118490057", "timestamp": 1610726153499, "tick_direction": 2, "price": 0.541, "mark_price": 0.53996137, "iv": 140.48, "instrument_name": "BTC-26MAR21-18000-C", "index_price": 35447.37, "direction": "sell", "amount": 0.1}, {"trade_seq": 1520, "trade_id": "118489878", "timestamp": 1610726144638, "tick_direction": 1, "price": 0.5415, "mark_price": 0.53930219, "iv": 142.46, "instrument_name": "BTC-26MAR21-18000-C", "index_price": 35396.43, "direction": "sell", "amount": 0.1}, {"trade_seq": 1519, "trade_id": "118489628", "timestamp": 1610726136153, "tick_direction": 0, "price": 0.5415, "mark_price": 0.5390566, "iv": 142.87, "instrument_name": "BTC-26MAR21-18000-C", "index_price": 35352.94, "direction": "sell", "amount": 0.1}, {"trade_seq": 1518, "trade_id": "118489196", "timestamp": 1610726127469, "tick_direction": 2, "price": 0.5405, "mark_price": 0.53961328, "iv": 140.19, "instrument_name": "BTC-26MAR21-18000-C", "index_price": 35402.32, "direction": "sell", "amount": 0.1}, {"trade_seq": 1517, "trade_id": "118481408", "timestamp": 1610725721838, "tick_direction": 2, "price": 0.5435, "mark_price": 0.54396509, "iv": 137.84, "instrument_name": "BTC-26MAR21-18000-C", "index_price": 35830.32, "direction": "sell", "amount": 0.1}, {"trade_seq": 1516, "trade_id": "118225740", "timestamp": 1610658790257, "tick_direction": 2, "price": 0.5745, "mark_price": 0.57517786, "iv": 139.47, "instrument_name": "BTC-26MAR21-18000-C", "index_price": 38906.78, "direction": "sell", "amount": 0.1}, {"trade_seq": 1515, "trade_id": "118135360", "timestamp": 1610634898529, "tick_direction": 0, "price": 0.582, "mark_price": 0.5816409, "iv": 144.36, "instrument_name": "BTC-26MAR21-18000-C", "index_price": 39449.25, "direction": "sell", "amount": 0.1}, {"trade_seq": 1514, "trade_id": "118130819", "timestamp": 1610634206333, "tick_direction": 1, "price": 0.5805, "mark_price": 0.57954907, "iv": 143.72, "instrument_name": "BTC-26MAR21-18000-C", "index_price": 39290.3, "direction": "sell", "amount": 0.1}, {"trade_seq": 1513, "trade_id": "118130815", "timestamp": 1610634204329, "tick_direction": 0, "price": 0.5805, "mark_price": 0.57952983, "iv": 143.75, "instrument_name": "BTC-26MAR21-18000-C", "index_price": 39293.41, "direction": "sell", "amount": 0.1}, {"trade_seq": 1512, "trade_id": "118130379", "timestamp": 1610634129108, "tick_direction": 1, "price": 0.58, "mark_price": 0.57870382, "iv": 144.15, "instrument_name": "BTC-26MAR21-18000-C", "index_price": 39220.91, "direction": "sell", "amount": 0.1}, {"trade_seq": 1511, "trade_id": "118130377", "timestamp": 1610634127273, "tick_direction": 0, "price": 0.58, "mark_price": 0.57871644, "iv": 144.13, "instrument_name": "BTC-26MAR21-18000-C", "index_price": 39218.85, "direction": "sell", "amount": 0.1}, {"trade_seq": 1510, "trade_id": "118130353", "timestamp": 1610634123109, "tick_direction": 2, "price": 0.5795, "mark_price": 0.57884482, "iv": 142.91, "instrument_name": "BTC-26MAR21-18000-C", "index_price": 39227.33, "direction": "sell", "amount": 0.1}, {"trade_seq": 1509, "trade_id": "118130341", "timestamp": 1610634119483, "tick_direction": 0, "price": 0.58, "mark_price": 0.5789472, "iv": 143.64, "instrument_name": "BTC-26MAR21-18000-C", "index_price": 39238.77, "direction": "sell", "amount": 0.1}, {"trade_seq": 1508, "trade_id": "118130191", "timestamp": 1610634093528, "tick_direction": 1, "price": 0.5795, "mark_price": 0.57897365, "iv": 142.39, "instrument_name": "BTC-26MAR21-18000-C", "index_price": 39247.17, "direction": "sell", "amount": 0.1}, {"trade_seq": 1507, "trade_id": "118130154", "timestamp": 1610634083131, "tick_direction": 1, "price": 0.5795, "mark_price": 0.57893877, "iv": 142.43, "instrument_name": "BTC-26MAR21-18000-C", "index_price": 39248.65, "direction": "sell", "amount": 0.1}, {"trade_seq": 1506, "trade_id": "118130121", "timestamp": 1610634076176, "tick_direction": 1, "price": 0.5795, "mark_price": 0.57906255, "iv": 142.13, "instrument_name": "BTC-26MAR21-18000-C", "index_price": 39263.13, "direction": "sell", "amount": 0.1}, {"trade_seq": 1505, "trade_id": "118130102", "timestamp": 1610634073922, "tick_direction": 0, "price": 0.5795, "mark_price": 0.57914259, "iv": 141.95, "instrument_name": "BTC-26MAR21-18000-C", "index_price": 39261.85, "direction": "sell", "amount": 0.1}, {"trade_seq": 1504, "trade_id": "118118308", "timestamp": 1610632500860, "tick_direction": 1, "price": 0.5755, "mark_price": 0.57490217, "iv": 142.08, "instrument_name": "BTC-26MAR21-18000-C", "index_price": 38852.51, "direction": "sell", "amount": 0.1}, {"trade_seq": 1503, "trade_id": "118118293", "timestamp": 1610632494880, "tick_direction": 1, "price": 0.5755, "mark_price": 0.57487992, "iv": 141.99, "instrument_name": "BTC-26MAR21-18000-C", "index_price": 38858.24, "direction": "sell", "amount": 0.1}, {"trade_seq": 1502, "trade_id": "118118283", "timestamp": 1610632492426, "tick_direction": 1, "price": 0.5755, "mark_price": 0.57496875, "iv": 141.8, "instrument_name": "BTC-26MAR21-18000-C", "index_price": 38868.19, "direction": "sell", "amount": 0.1}, {"trade_seq": 1501, "trade_id": "118118171", "timestamp": 1610632486479, "tick_direction": 0, "price": 0.5755, "mark_price": 0.57513225, "iv": 141.82, "instrument_name": "BTC-26MAR21-18000-C", "index_price": 38867.8, "direction": "sell", "amount": 0.1}, {"trade_seq": 1500, "trade_id": "118118154", "timestamp": 1610632485406, "tick_direction": 1, "price": 0.575, "mark_price": 0.57568516, "iv": 140.41, "instrument_name": "BTC-26MAR21-18000-C", "index_price": 38883.92, "direction": "sell", "amount": 0.1}, {"trade_seq": 1499, "trade_id": "118118151", "timestamp": 1610632485207, "tick_direction": 0, "price": 0.575, "mark_price": 0.57568516, "iv": 140.41, "instrument_name": "BTC-26MAR21-18000-C", "index_price": 38883.92, "direction": "sell", "amount": 0.1}, {"trade_seq": 1498, "trade_id": "117764342", "timestamp": 1610539295598, "tick_direction": 3, "price": 0.5185, "mark_price": 0.5196642, "iv": 132.32, "instrument_name": "BTC-26MAR21-18000-C", "index_price": 34100.2, "direction": "sell", "amount": 0.1}, {"trade_seq": 1497, "trade_id": "117764339", "timestamp": 1610539295466, "tick_direction": 2, "price": 0.5185, "mark_price": 0.5196642, "iv": 132.32, "instrument_name": "BTC-26MAR21-18000-C", "index_price": 34100.2, "direction": "sell", "amount": 0.1}, {"trade_seq": 1496, "trade_id": "117760874", "timestamp": 1610538684271, "tick_direction": 3, "price": 0.5225, "mark_price": 0.52299459, "iv": 133.72, "instrument_name": "BTC-26MAR21-18000-C", "index_price": 34373.05, "direction": "sell", "amount": 0.1}, {"trade_seq": 1495, "trade_id": "117760860", "timestamp": 1610538681568, "tick_direction": 3, "price": 0.5225, "mark_price": 0.5230731, "iv": 133.67, "instrument_name": "BTC-26MAR21-18000-C", "index_price": 34361.11, "direction": "sell", "amount": 0.1}, {"trade_seq": 1494, "trade_id": "117760561", "timestamp": 1610538668249, "tick_direction": 2, "price": 0.5225, "mark_price": 0.52400535, "iv": 132.86, "instrument_name": "BTC-26MAR21-18000-C", "index_price": 34404.27, "direction": "sell", "amount": 0.1}, {"trade_seq": 1493, "trade_id": "117756154", "timestamp": 1610538022420, "tick_direction": 1, "price": 0.5295, "mark_price": 0.53006249, "iv": 133.69, "instrument_name": "BTC-26MAR21-18000-C", "index_price": 34919.15, "direction": "sell", "amount": 0.1}, {"trade_seq": 1492, "trade_id": "117755769", "timestamp": 1610538011869, "tick_direction": 0, "price": 0.5295, "mark_price": 0.53159141, "iv": 131.59, "instrument_name": "BTC-26MAR21-18000-C", "index_price": 34993.69, "direction": "sell", "amount": 0.1}, {"trade_seq": 1491, "trade_id": "117750795", "timestamp": 1610537015419, "tick_direction": 1, "price": 0.5275, "mark_price": 0.52940737, "iv": 130.87, "instrument_name": "BTC-26MAR21-18000-C", "index_price": 34912.0, "direction": "buy", "amount": 2.5}, {"trade_seq": 1490, "trade_id": "117750776", "timestamp": 1610537015304, "tick_direction": 1, "price": 0.5275, "mark_price": 0.52940737, "iv": 130.87, "instrument_name": "BTC-26MAR21-18000-C", "index_price": 34912.0, "direction": "buy", "amount": 0.1}, {"trade_seq": 1489, "trade_id": "117750772", "timestamp": 1610537015251, "tick_direction": 1, "price": 0.5275, "mark_price": 0.52940737, "iv": 130.87, "instrument_name": "BTC-26MAR21-18000-C", "index_price": 34912.0, "direction": "buy", "amount": 0.2}, {"trade_seq": 1488, "trade_id": "117750764", "timestamp": 1610537014650, "tick_direction": 1, "price": 0.5275, "mark_price": 0.52940737, "iv": 131.12, "instrument_name": "BTC-26MAR21-18000-C", "index_price": 34898.73, "direction": "buy", "amount": 0.1}, {"trade_seq": 1487, "trade_id": "117750637", "timestamp": 1610537006782, "tick_direction": 1, "price": 0.5275, "mark_price": 0.52881307, "iv": 132.16, "instrument_name": "BTC-26MAR21-18000-C", "index_price": 34849.13, "direction": "buy", "amount": 0.2}, {"trade_seq": 1486, "trade_id": "117750628", "timestamp": 1610537006581, "tick_direction": 1, "price": 0.5275, "mark_price": 0.52881307, "iv": 132.16, "instrument_name": "BTC-26MAR21-18000-C", "index_price": 34849.13, "direction": "buy", "amount": 0.4}, {"trade_seq": 1485, "trade_id": "117750608", "timestamp": 1610537006333, "tick_direction": 1, "price": 0.5275, "mark_price": 0.52864069, "iv": 132.16, "instrument_name": "BTC-26MAR21-18000-C", "index_price": 34849.13, "direction": "buy", "amount": 0.2}, {"trade_seq": 1484, "trade_id": "117750563", "timestamp": 1610537005916, "tick_direction": 1, "price": 0.5275, "mark_price": 0.52864069, "iv": 132.46, "instrument_name": "BTC-26MAR21-18000-C", "index_price": 34842.78, "direction": "buy", "amount": 0.1}, {"trade_seq": 1483, "trade_id": "117750560", "timestamp": 1610537005467, "tick_direction": 0, "price": 0.5275, "mark_price": 0.52864069, "iv": 132.46, "instrument_name": "BTC-26MAR21-18000-C", "index_price": 34842.78, "direction": "buy", "amount": 0.2}, {"trade_seq": 1482, "trade_id": "117750519", "timestamp": 1610537004179, "tick_direction": 1, "price": 0.527, "mark_price": 0.52804118, "iv": 132.51, "instrument_name": "BTC-26MAR21-18000-C", "index_price": 34829.52, "direction": "buy", "amount": 2.6}, {"trade_seq": 1481, "trade_id": "117750481", "timestamp": 1610537003811, "tick_direction": 1, "price": 0.527, "mark_price": 0.52804118, "iv": 132.64, "instrument_name": "BTC-26MAR21-18000-C", "index_price": 34785.33, "direction": "buy", "amount": 0.5}, {"trade_seq": 1480, "trade_id": "117750479", "timestamp": 1610537003729, "tick_direction": 1, "price": 0.527, "mark_price": 0.52804118, "iv": 132.64, "instrument_name": "BTC-26MAR21-18000-C", "index_price": 34785.33, "direction": "buy", "amount": 0.4}, {"trade_seq": 1479, "trade_id": "117748695", "timestamp": 1610536329193, "tick_direction": 1, "price": 0.527, "mark_price": 0.5279157, "iv": 133.32, "instrument_name": "BTC-26MAR21-18000-C", "index_price": 34757.74, "direction": "buy", "amount": 0.1}, {"trade_seq": 1478, "trade_id": "117748587", "timestamp": 1610536304561, "tick_direction": 1, "price": 0.527, "mark_price": 0.52789934, "iv": 133.24, "instrument_name": "BTC-26MAR21-18000-C", "index_price": 34752.87, "direction": "buy", "amount": 0.1}, {"trade_seq": 1477, "trade_id": "117748575", "timestamp": 1610536301968, "tick_direction": 1, "price": 0.527, "mark_price": 0.52771552, "iv": 133.66, "instrument_name": "BTC-26MAR21-18000-C", "index_price": 34745.93, "direction": "buy", "amount": 0.1}, {"trade_seq": 1476, "trade_id": "117748574", "timestamp": 1610536301751, "tick_direction": 1, "price": 0.527, "mark_price": 0.52771552, "iv": 133.7, "instrument_name": "BTC-26MAR21-18000-C", "index_price": 34731.24, "direction": "buy", "amount": 0.1}, {"trade_seq": 1475, "trade_id": "117748566", "timestamp": 1610536301543, "tick_direction": 0, "price": 0.527, "mark_price": 0.52766335, "iv": 133.7, "instrument_name": "BTC-26MAR21-18000-C", "index_price": 34731.24, "direction": "buy", "amount": 0.1}, {"trade_seq": 1474, "trade_id": "117746980", "timestamp": 1610535963293, "tick_direction": 3, "price": 0.5265, "mark_price": 0.52631083, "iv": 135.53, "instrument_name": "BTC-26MAR21-18000-C", "index_price": 34595.37, "direction": "sell", "amount": 0.1}, {"trade_seq": 1473, "trade_id": "117746877", "timestamp": 1610535959173, "tick_direction": 2, "price": 0.5265, "mark_price": 0.52668854, "iv": 134.91, "instrument_name": "BTC-26MAR21-18000-C", "index_price": 34622.51, "direction": "sell", "amount": 0.1}, {"trade_seq": 1472, "trade_id": "117745974", "timestamp": 1610535719592, "tick_direction": 2, "price": 0.5275, "mark_price": 0.52954572, "iv": 131.72, "instrument_name": "BTC-26MAR21-18000-C", "index_price": 34847.92, "direction": "sell", "amount": 0.1}, {"trade_seq": 1471, "trade_id": "117745869", "timestamp": 1610535668609, "tick_direction": 1, "price": 0.5285, "mark_price": 0.52970536, "iv": 133.18, "instrument_name": "BTC-26MAR21-18000-C", "index_price": 34869.96, "direction": "sell", "amount": 0.1}, {"trade_seq": 1470, "trade_id": "117745666", "timestamp": 1610535609367, "tick_direction": 0, "price": 0.5285, "mark_price": 0.53041075, "iv": 131.83, "instrument_name": "BTC-26MAR21-18000-C", "index_price": 34926.92, "direction": "sell", "amount": 0.1}, {"trade_seq": 1469, "trade_id": "117739924", "timestamp": 1610534108220, "tick_direction": 2, "price": 0.5255, "mark_price": 0.52572454, "iv": 133.63, "instrument_name": "BTC-26MAR21-18000-C", "index_price": 34576.95, "direction": "sell", "amount": 0.1}, {"trade_seq": 1468, "trade_id": "117739298", "timestamp": 1610534053290, "tick_direction": 2, "price": 0.5275, "mark_price": 0.52713811, "iv": 134.58, "instrument_name": "BTC-26MAR21-18000-C", "index_price": 34687.29, "direction": "sell", "amount": 0.1}, {"trade_seq": 1467, "trade_id": "117738200", "timestamp": 1610533888756, "tick_direction": 1, "price": 0.5285, "mark_price": 0.53043619, "iv": 130.29, "instrument_name": "BTC-26MAR21-18000-C", "index_price": 35001.81, "direction": "buy", "amount": 0.1}, {"trade_seq": 1466, "trade_id": "117738197", "timestamp": 1610533888438, "tick_direction": 1, "price": 0.5285, "mark_price": 0.53043969, "iv": 130.29, "instrument_name": "BTC-26MAR21-18000-C", "index_price": 35001.81, "direction": "buy", "amount": 0.1}, {"trade_seq": 1465, "trade_id": "117738188", "timestamp": 1610533888069, "tick_direction": 1, "price": 0.5285, "mark_price": 0.53043969, "iv": 130.29, "instrument_name": "BTC-26MAR21-18000-C", "index_price": 35001.81, "direction": "buy", "amount": 0.4}, {"trade_seq": 1464, "trade_id": "117738167", "timestamp": 1610533887452, "tick_direction": 1, "price": 0.5285, "mark_price": 0.53032349, "iv": 130.52, "instrument_name": "BTC-26MAR21-18000-C", "index_price": 34986.83, "direction": "buy", "amount": 0.3}, {"trade_seq": 1463, "trade_id": "117738162", "timestamp": 1610533887187, "tick_direction": 1, "price": 0.5285, "mark_price": 0.53032349, "iv": 130.52, "instrument_name": "BTC-26MAR21-18000-C", "index_price": 34986.83, "direction": "buy", "amount": 0.2}, {"trade_seq": 1462, "trade_id": "117738158", "timestamp": 1610533886957, "tick_direction": 1, "price": 0.5285, "mark_price": 0.53032349, "iv": 130.52, "instrument_name": "BTC-26MAR21-18000-C", "index_price": 34986.83, "direction": "buy", "amount": 0.3}, {"trade_seq": 1461, "trade_id": "117738141", "timestamp": 1610533886665, "tick_direction": 1, "price": 0.5285, "mark_price": 0.53032349, "iv": 130.5, "instrument_name": "BTC-26MAR21-18000-C", "index_price": 34976.3, "direction": "buy", "amount": 0.1}, {"trade_seq": 1460, "trade_id": "117738105", "timestamp": 1610533886407, "tick_direction": 1, "price": 0.5285, "mark_price": 0.53025826, "iv": 130.5, "instrument_name": "BTC-26MAR21-18000-C", "index_price": 34976.3, "direction": "buy", "amount": 0.1}, {"trade_seq": 1459, "trade_id": "117738103", "timestamp": 1610533886026, "tick_direction": 1, "price": 0.5285, "mark_price": 0.53025826, "iv": 130.5, "instrument_name": "BTC-26MAR21-18000-C", "index_price": 34976.3, "direction": "buy", "amount": 0.3}, {"trade_seq": 1458, "trade_id": "117738093", "timestamp": 1610533883503, "tick_direction": 1, "price": 0.5285, "mark_price": 0.53008538, "iv": 130.93, "instrument_name": "BTC-26MAR21-18000-C", "index_price": 34954.31, "direction": "buy", "amount": 0.1}, {"trade_seq": 1457, "trade_id": "117737958", "timestamp": 1610533865875, "tick_direction": 1, "price": 0.5285, "mark_price": 0.53052214, "iv": 130.26, "instrument_name": "BTC-26MAR21-18000-C", "index_price": 34982.22, "direction": "buy", "amount": 0.2}, {"trade_seq": 1456, "trade_id": "117737956", "timestamp": 1610533865784, "tick_direction": 1, "price": 0.5285, "mark_price": 0.53052214, "iv": 130.26, "instrument_name": "BTC-26MAR21-18000-C", "index_price": 34982.22, "direction": "buy", "amount": 0.2}, {"trade_seq": 1455, "trade_id": "117737955", "timestamp": 1610533865667, "tick_direction": 1, "price": 0.5285, "mark_price": 0.53052214, "iv": 130.25, "instrument_name": "BTC-26MAR21-18000-C", "index_price": 34979.65, "direction": "buy", "amount": 0.1}, {"trade_seq": 1454, "trade_id": "117737939", "timestamp": 1610533865051, "tick_direction": 1, "price": 0.5285, "mark_price": 0.53044198, "iv": 130.25, "instrument_name": "BTC-26MAR21-18000-C", "index_price": 34979.65, "direction": "buy", "amount": 0.1}, {"trade_seq": 1453, "trade_id": "117737930", "timestamp": 1610533864497, "tick_direction": 1, "price": 0.5285, "mark_price": 0.53044445, "iv": 130.4, "instrument_name": "BTC-26MAR21-18000-C", "index_price": 34974.36, "direction": "buy", "amount": 0.2}, {"trade_seq": 1452, "trade_id": "117737924", "timestamp": 1610533863438, "tick_direction": 1, "price": 0.5285, "mark_price": 0.53042188, "iv": 130.4, "instrument_name": "BTC-26MAR21-18000-C", "index_price": 34972.27, "direction": "buy", "amount": 0.2}, {"trade_seq": 1451, "trade_id": "117737923", "timestamp": 1610533863390, "tick_direction": 1, "price": 0.5285, "mark_price": 0.53042188, "iv": 130.4, "instrument_name": "BTC-26MAR21-18000-C", "index_price": 34972.27, "direction": "buy", "amount": 0.1}, {"trade_seq": 1450, "trade_id": "117737920", "timestamp": 1610533863189, "tick_direction": 1, "price": 0.5285, "mark_price": 0.53042188, "iv": 130.4, "instrument_name": "BTC-26MAR21-18000-C", "index_price": 34972.27, "direction": "buy", "amount": 0.1}, {"trade_seq": 1449, "trade_id": "117737911", "timestamp": 1610533862109, "tick_direction": 1, "price": 0.5285, "mark_price": 0.53041722, "iv": 130.45, "instrument_name": "BTC-26MAR21-18000-C", "index_price": 34971.91, "direction": "buy", "amount": 0.2}, {"trade_seq": 1448, "trade_id": "117737909", "timestamp": 1610533861940, "tick_direction": 1, "price": 0.5285, "mark_price": 0.53041722, "iv": 130.45, "instrument_name": "BTC-26MAR21-18000-C", "index_price": 34971.91, "direction": "buy", "amount": 0.1}, {"trade_seq": 1447, "trade_id": "117737894", "timestamp": 1610533861150, "tick_direction": 1, "price": 0.5285, "mark_price": 0.53037226, "iv": 130.46, "instrument_name": "BTC-26MAR21-18000-C", "index_price": 34969.27, "direction": "buy", "amount": 0.2}, {"trade_seq": 1446, "trade_id": "117737887", "timestamp": 1610533860035, "tick_direction": 1, "price": 0.5285, "mark_price": 0.5303695, "iv": 130.54, "instrument_name": "BTC-26MAR21-18000-C", "index_price": 34968.41, "direction": "buy", "amount": 0.1}, {"trade_seq": 1445, "trade_id": "117737886", "timestamp": 1610533859948, "tick_direction": 1, "price": 0.5285, "mark_price": 0.5303695, "iv": 130.54, "instrument_name": "BTC-26MAR21-18000-C", "index_price": 34968.41, "direction": "buy", "amount": 0.1}, {"trade_seq": 1444, "trade_id": "117737879", "timestamp": 1610533858593, "tick_direction": 1, "price": 0.5285, "mark_price": 0.53028743, "iv": 130.69, "instrument_name": "BTC-26MAR21-18000-C", "index_price": 34963.76, "direction": "buy", "amount": 0.1}, {"trade_seq": 1443, "trade_id": "117737874", "timestamp": 1610533857918, "tick_direction": 1, "price": 0.5285, "mark_price": 0.5302839, "iv": 130.69, "instrument_name": "BTC-26MAR21-18000-C", "index_price": 34963.76, "direction": "buy", "amount": 0.2}, {"trade_seq": 1442, "trade_id": "117737872", "timestamp": 1610533857773, "tick_direction": 1, "price": 0.5285, "mark_price": 0.5302839, "iv": 130.69, "instrument_name": "BTC-26MAR21-18000-C", "index_price": 34963.76, "direction": "buy", "amount": 0.2}, {"trade_seq": 1441, "trade_id": "117737868", "timestamp": 1610533857213, "tick_direction": 1, "price": 0.5285, "mark_price": 0.53019568, "iv": 130.71, "instrument_name": "BTC-26MAR21-18000-C", "index_price": 34956.39, "direction": "buy", "amount": 0.2}, {"trade_seq": 1440, "trade_id": "117737865", "timestamp": 1610533856818, "tick_direction": 1, "price": 0.5285, "mark_price": 0.53019568, "iv": 130.71, "instrument_name": "BTC-26MAR21-18000-C", "index_price": 34956.39, "direction": "buy", "amount": 0.1}, {"trade_seq": 1439, "trade_id": "117737862", "timestamp": 1610533856673, "tick_direction": 1, "price": 0.5285, "mark_price": 0.53019568, "iv": 130.71, "instrument_name": "BTC-26MAR21-18000-C", "index_price": 34956.39, "direction": "buy", "amount": 0.1}, {"trade_seq": 1438, "trade_id": "117737852", "timestamp": 1610533856535, "tick_direction": 1, "price": 0.5285, "mark_price": 0.53019568, "iv": 130.87, "instrument_name": "BTC-26MAR21-18000-C", "index_price": 34953.52, "direction": "buy", "amount": 0.1}, {"trade_seq": 1437, "trade_id": "117737838", "timestamp": 1610533855485, "tick_direction": 0, "price": 0.5285, "mark_price": 0.53014669, "iv": 130.84, "instrument_name": "BTC-26MAR21-18000-C", "index_price": 34948.78, "direction": "buy", "amount": 0.1}, {"trade_seq": 1436, "trade_id": "117736193", "timestamp": 1610533402620, "tick_direction": 1, "price": 0.5255, "mark_price": 0.52818172, "iv": 129.53, "instrument_name": "BTC-26MAR21-18000-C", "index_price": 34767.53, "direction": "buy", "amount": 0.9}, {"trade_seq": 1435, "trade_id": "117736192", "timestamp": 1610533402604, "tick_direction": 0, "price": 0.5255, "mark_price": 0.52818172, "iv": 129.53, "instrument_name": "BTC-26MAR21-18000-C", "index_price": 34767.53, "direction": "sell", "amount": 0.1}, {"trade_seq": 1434, "trade_id": "117735795", "timestamp": 1610533348413, "tick_direction": 2, "price": 0.522, "mark_price": 0.52935487, "iv": 120.72, "instrument_name": "BTC-26MAR21-18000-C", "index_price": 34868.65, "direction": "sell", "amount": 1.0}, {"trade_seq": 1433, "trade_id": "117735787", "timestamp": 1610533345522, "tick_direction": 2, "price": 0.5255, "mark_price": 0.52936337, "iv": 127.39, "instrument_name": "BTC-26MAR21-18000-C", "index_price": 34866.36, "direction": "buy", "amount": 0.7}, {"trade_seq": 1432, "trade_id": "117735786", "timestamp": 1610533345517, "tick_direction": 2, "price": 0.526, "mark_price": 0.52936337, "iv": 128.29, "instrument_name": "BTC-26MAR21-18000-C", "index_price": 34866.36, "direction": "sell", "amount": 0.1}, {"trade_seq": 1431, "trade_id": "117735785", "timestamp": 1610533345517, "tick_direction": 1, "price": 0.5265, "mark_price": 0.52936337, "iv": 129.19, "instrument_name": "BTC-26MAR21-18000-C", "index_price": 34866.36, "direction": "sell", "amount": 0.1}, {"trade_seq": 1430, "trade_id": "117735784", "timestamp": 1610533345517, "tick_direction": 0, "price": 0.5265, "mark_price": 0.52936337, "iv": 129.19, "instrument_name": "BTC-26MAR21-18000-C", "index_price": 34866.36, "direction": "sell", "amount": 0.1}, {"trade_seq": 1429, "trade_id": "117615474", "timestamp": 1610505224555, "tick_direction": 2, "price": 0.5015, "mark_price": 0.50141017, "iv": 133.89, "instrument_name": "BTC-26MAR21-18000-C", "index_price": 32663.62, "direction": "sell", "amount": 0.1}, {"trade_seq": 1428, "trade_id": "117567740", "timestamp": 1610497551088, "tick_direction": 3, "price": 0.5115, "mark_price": 0.50981004, "iv": 139.48, "instrument_name": "BTC-26MAR21-18000-C", "index_price": 33107.19, "direction": "sell", "amount": 0.1}, {"trade_seq": 1427, "trade_id": "117567432", "timestamp": 1610497545489, "tick_direction": 2, "price": 0.5115, "mark_price": 0.51102163, "iv": 137.76, "instrument_name": "BTC-26MAR21-18000-C", "index_price": 33199.47, "direction": "sell", "amount": 0.1}, {"trade_seq": 1426, "trade_id": "117541104", "timestamp": 1610492928687, "tick_direction": 2, "price": 0.5135, "mark_price": 0.51416054, "iv": 136.93, "instrument_name": "BTC-26MAR21-18000-C", "index_price": 33375.29, "direction": "sell", "amount": 0.1}, {"trade_seq": 1425, "trade_id": "117416647", "timestamp": 1610466855231, "tick_direction": 0, "price": 0.574, "mark_price": 0.5215585, "iv": 205.65, "instrument_name": "BTC-26MAR21-18000-C", "index_price": 33942.45, "direction": "sell", "amount": 0.2}, {"trade_seq": 1424, "trade_id": "117351631", "timestamp": 1610459123160, "tick_direction": 3, "price": 0.5185, "mark_price": 0.51969401, "iv": 133.24, "instrument_name": "BTC-26MAR21-18000-C", "index_price": 33969.96, "direction": "buy", "amount": 0.1}, {"trade_seq": 1423, "trade_id": "117351574", "timestamp": 1610459118069, "tick_direction": 3, "price": 0.5185, "mark_price": 0.51954291, "iv": 133.49, "instrument_name": "BTC-26MAR21-18000-C", "index_price": 33962.17, "direction": "buy", "amount": 0.1}, {"trade_seq": 1422, "trade_id": "117351525", "timestamp": 1610459116485, "tick_direction": 3, "price": 0.5185, "mark_price": 0.51948955, "iv": 133.49, "instrument_name": "BTC-26MAR21-18000-C", "index_price": 33955.44, "direction": "buy", "amount": 0.1}, {"trade_seq": 1421, "trade_id": "117351491", "timestamp": 1610459113684, "tick_direction": 3, "price": 0.5185, "mark_price": 0.51950836, "iv": 133.58, "instrument_name": "BTC-26MAR21-18000-C", "index_price": 33953.7, "direction": "buy", "amount": 0.1}, {"trade_seq": 1420, "trade_id": "117351448", "timestamp": 1610459108599, "tick_direction": 3, "price": 0.5185, "mark_price": 0.51942192, "iv": 133.68, "instrument_name": "BTC-26MAR21-18000-C", "index_price": 33950.09, "direction": "buy", "amount": 0.1}, {"trade_seq": 1419, "trade_id": "117351434", "timestamp": 1610459108039, "tick_direction": 3, "price": 0.5185, "mark_price": 0.51923947, "iv": 133.97, "instrument_name": "BTC-26MAR21-18000-C", "index_price": 33937.56, "direction": "buy", "amount": 0.2}, {"trade_seq": 1418, "trade_id": "117351378", "timestamp": 1610459104421, "tick_direction": 3, "price": 0.5185, "mark_price": 0.51896332, "iv": 134.07, "instrument_name": "BTC-26MAR21-18000-C", "index_price": 33928.98, "direction": "buy", "amount": 0.1}, {"trade_seq": 1417, "trade_id": "117351371", "timestamp": 1610459103435, "tick_direction": 3, "price": 0.5185, "mark_price": 0.51894234, "iv": 134.4, "instrument_name": "BTC-26MAR21-18000-C", "index_price": 33917.6, "direction": "buy", "amount": 0.1}, {"trade_seq": 1416, "trade_id": "117350930", "timestamp": 1610459067188, "tick_direction": 2, "price": 0.5185, "mark_price": 0.51827781, "iv": 135.21, "instrument_name": "BTC-26MAR21-18000-C", "index_price": 33867.9, "direction": "sell", "amount": 0.1}, {"trade_seq": 1415, "trade_id": "117348547", "timestamp": 1610458885711, "tick_direction": 1, "price": 0.521, "mark_price": 0.52040903, "iv": 136.14, "instrument_name": "BTC-26MAR21-18000-C", "index_price": 34016.37, "direction": "sell", "amount": 0.1}, {"trade_seq": 1414, "trade_id": "117348546", "timestamp": 1610458885236, "tick_direction": 0, "price": 0.521, "mark_price": 0.52040903, "iv": 136.09, "instrument_name": "BTC-26MAR21-18000-C", "index_price": 34014.26, "direction": "sell", "amount": 0.1}, {"trade_seq": 1413, "trade_id": "117348487", "timestamp": 1610458875188, "tick_direction": 3, "price": 0.5205, "mark_price": 0.52122094, "iv": 134.05, "instrument_name": "BTC-26MAR21-18000-C", "index_price": 34078.0, "direction": "sell", "amount": 0.1}, {"trade_seq": 1412, "trade_id": "117348439", "timestamp": 1610458872615, "tick_direction": 2, "price": 0.5205, "mark_price": 0.52149964, "iv": 134.06, "instrument_name": "BTC-26MAR21-18000-C", "index_price": 34073.91, "direction": "sell", "amount": 0.1}, {"trade_seq": 1411, "trade_id": "117343714", "timestamp": 1610458267879, "tick_direction": 3, "price": 0.5265, "mark_price": 0.52567636, "iv": 136.28, "instrument_name": "BTC-26MAR21-18000-C", "index_price": 34464.9, "direction": "sell", "amount": 0.1}, {"trade_seq": 1410, "trade_id": "117343645", "timestamp": 1610458265965, "tick_direction": 2, "price": 0.5265, "mark_price": 0.52647877, "iv": 135.11, "instrument_name": "BTC-26MAR21-18000-C", "index_price": 34498.23, "direction": "sell", "amount": 0.1}, {"trade_seq": 1409, "trade_id": "117295848", "timestamp": 1610448428745, "tick_direction": 1, "price": 0.5325, "mark_price": 0.53324806, "iv": 133.49, "instrument_name": "BTC-26MAR21-18000-C", "index_price": 35034.32, "direction": "sell", "amount": 0.1}, {"trade_seq": 1408, "trade_id": "117295836", "timestamp": 1610448428330, "tick_direction": 0, "price": 0.5325, "mark_price": 0.53346841, "iv": 133.49, "instrument_name": "BTC-26MAR21-18000-C", "index_price": 35034.32, "direction": "sell", "amount": 0.1}, {"trade_seq": 1407, "trade_id": "117183269", "timestamp": 1610426304993, "tick_direction": 1, "price": 0.5255, "mark_price": 0.52618951, "iv": 129.04, "instrument_name": "BTC-26MAR21-18000-C", "index_price": 34714.06, "direction": "sell", "amount": 0.1}, {"trade_seq": 1406, "trade_id": "117183265", "timestamp": 1610426304284, "tick_direction": 1, "price": 0.5255, "mark_price": 0.52619763, "iv": 129.01, "instrument_name": "BTC-26MAR21-18000-C", "index_price": 34721.91, "direction": "sell", "amount": 0.1}, {"trade_seq": 1405, "trade_id": "117183255", "timestamp": 1610426303420, "tick_direction": 0, "price": 0.5255, "mark_price": 0.52619763, "iv": 129.0, "instrument_name": "BTC-26MAR21-18000-C", "index_price": 34722.18, "direction": "sell", "amount": 0.1}, {"trade_seq": 1404, "trade_id": "117119031", "timestamp": 1610411299228, "tick_direction": 1, "price": 0.5215, "mark_price": 0.5210136, "iv": 129.63, "instrument_name": "BTC-26MAR21-18000-C", "index_price": 34375.43, "direction": "sell", "amount": 0.1}, {"trade_seq": 1403, "trade_id": "117119028", "timestamp": 1610411299133, "tick_direction": 1, "price": 0.5215, "mark_price": 0.5210136, "iv": 129.63, "instrument_name": "BTC-26MAR21-18000-C", "index_price": 34375.43, "direction": "sell", "amount": 0.1}, {"trade_seq": 1402, "trade_id": "117119010", "timestamp": 1610411298955, "tick_direction": 0, "price": 0.5215, "mark_price": 0.5210136, "iv": 129.63, "instrument_name": "BTC-26MAR21-18000-C", "index_price": 34375.43, "direction": "sell", "amount": 0.1}, {"trade_seq": 1401, "trade_id": "117043198", "timestamp": 1610400920469, "tick_direction": 1, "price": 0.5155, "mark_price": 0.51452952, "iv": 132.68, "instrument_name": "BTC-26MAR21-18000-C", "index_price": 33785.63, "direction": "sell", "amount": 0.1}, {"trade_seq": 1400, "trade_id": "117043197", "timestamp": 1610400920469, "tick_direction": 0, "price": 0.5155, "mark_price": 0.51452952, "iv": 132.68, "instrument_name": "BTC-26MAR21-18000-C", "index_price": 33785.63, "direction": "sell", "amount": 0.1}, {"trade_seq": 1399, "trade_id": "117024069", "timestamp": 1610399002781, "tick_direction": 3, "price": 0.5085, "mark_price": 0.50783425, "iv": 131.27, "instrument_name": "BTC-26MAR21-18000-C", "index_price": 33239.43, "direction": "sell", "amount": 0.1}, {"trade_seq": 1398, "trade_id": "117024068", "timestamp": 1610399002781, "tick_direction": 2, "price": 0.5085, "mark_price": 0.50783425, "iv": 131.27, "instrument_name": "BTC-26MAR21-18000-C", "index_price": 33239.43, "direction": "sell", "amount": 0.1}, {"trade_seq": 1397, "trade_id": "115714764", "timestamp": 1610248694365, "tick_direction": 1, "price": 0.595, "mark_price": 0.59313627, "iv": 149.69, "instrument_name": "BTC-26MAR21-18000-C", "index_price": 40454.35, "direction": "sell", "amount": 0.1}, {"trade_seq": 1396, "trade_id": "115714763", "timestamp": 1610248694365, "tick_direction": 1, "price": 0.595, "mark_price": 0.59313627, "iv": 149.69, "instrument_name": "BTC-26MAR21-18000-C", "index_price": 40454.35, "direction": "sell", "amount": 0.1}, {"trade_seq": 1395, "trade_id": "115714762", "timestamp": 1610248694365, "tick_direction": 0, "price": 0.595, "mark_price": 0.59313627, "iv": 149.69, "instrument_name": "BTC-26MAR21-18000-C", "index_price": 40454.35, "direction": "sell", "amount": 0.1}, {"trade_seq": 1394, "trade_id": "115583341", "timestamp": 1610208593184, "tick_direction": 3, "price": 0.587, "mark_price": 0.58510409, "iv": 135.51, "instrument_name": "BTC-26MAR21-18000-C", "index_price": 40633.0, "direction": "sell", "amount": 0.1}, {"trade_seq": 1393, "trade_id": "115583336", "timestamp": 1610208592702, "tick_direction": 3, "price": 0.587, "mark_price": 0.58510409, "iv": 135.51, "instrument_name": "BTC-26MAR21-18000-C", "index_price": 40633.0, "direction": "sell", "amount": 0.1}, {"trade_seq": 1392, "trade_id": "115583306", "timestamp": 1610208588879, "tick_direction": 2, "price": 0.587, "mark_price": 0.58510866, "iv": 135.45, "instrument_name": "BTC-26MAR21-18000-C", "index_price": 40637.14, "direction": "sell", "amount": 0.1}, {"trade_seq": 1391, "trade_id": "115153832", "timestamp": 1610124114911, "tick_direction": 2, "price": 0.594, "mark_price": 0.5949769, "iv": 123.47, "instrument_name": "BTC-26MAR21-18000-C", "index_price": 41417.75, "direction": "sell", "amount": 0.1}, {"trade_seq": 1390, "trade_id": "115073795", "timestamp": 1610118153826, "tick_direction": 0, "price": 0.599, "mark_price": 0.59940416, "iv": 125.16, "instrument_name": "BTC-26MAR21-18000-C", "index_price": 41760.33, "direction": "buy", "amount": 0.3}, {"trade_seq": 1389, "trade_id": "115054393", "timestamp": 1610115293769, "tick_direction": 1, "price": 0.595, "mark_price": 0.5952432, "iv": 125.57, "instrument_name": "BTC-26MAR21-18000-C", "index_price": 41378.3, "direction": "buy", "amount": 0.2}, {"trade_seq": 1388, "trade_id": "115054385", "timestamp": 1610115289999, "tick_direction": 0, "price": 0.595, "mark_price": 0.59521947, "iv": 125.68, "instrument_name": "BTC-26MAR21-18000-C", "index_price": 41375.43, "direction": "buy", "amount": 0.1}, {"trade_seq": 1387, "trade_id": "115052792", "timestamp": 1610114987410, "tick_direction": 0, "price": 0.593, "mark_price": 0.59441162, "iv": 122.37, "instrument_name": "BTC-26MAR21-18000-C", "index_price": 41284.06, "direction": "buy", "amount": 0.2}, {"trade_seq": 1386, "trade_id": "114488892", "timestamp": 1610038289605, "tick_direction": 0, "price": 0.574, "mark_price": 0.57270068, "iv": 130.21, "instrument_name": "BTC-26MAR21-18000-C", "index_price": 39115.35, "direction": "buy", "amount": 50.0}, {"trade_seq": 1385, "trade_id": "114416538", "timestamp": 1610025589521, "tick_direction": 1, "price": 0.563, "mark_price": 0.56261336, "iv": 120.44, "instrument_name": "BTC-26MAR21-18000-C", "index_price": 38391.52, "direction": "buy", "amount": 29.2}, {"trade_seq": 1384, "trade_id": "114416516", "timestamp": 1610025583385, "tick_direction": 1, "price": 0.563, "mark_price": 0.56265199, "iv": 120.36, "instrument_name": "BTC-26MAR21-18000-C", "index_price": 38392.36, "direction": "buy", "amount": 10.0}, {"trade_seq": 1383, "trade_id": "114415260", "timestamp": 1610025336671, "tick_direction": 0, "price": 0.563, "mark_price": 0.56212016, "iv": 121.63, "instrument_name": "BTC-26MAR21-18000-C", "index_price": 38346.81, "direction": "buy", "amount": 10.0}, {"trade_seq": 1382, "trade_id": "114411605", "timestamp": 1610024646835, "tick_direction": 1, "price": 0.562, "mark_price": 0.56229484, "iv": 118.95, "instrument_name": "BTC-26MAR21-18000-C", "index_price": 38355.58, "direction": "buy", "amount": 0.1}, {"trade_seq": 1381, "trade_id": "114411587", "timestamp": 1610024646544, "tick_direction": 0, "price": 0.562, "mark_price": 0.56226132, "iv": 118.94, "instrument_name": "BTC-26MAR21-18000-C", "index_price": 38355.93, "direction": "buy", "amount": 0.5}, {"trade_seq": 1380, "trade_id": "114410284", "timestamp": 1610024550667, "tick_direction": 0, "price": 0.56, "mark_price": 0.56003837, "iv": 119.11, "instrument_name": "BTC-26MAR21-18000-C", "index_price": 38172.17, "direction": "buy", "amount": 0.1}, {"trade_seq": 1379, "trade_id": "114399806", "timestamp": 1610021816128, "tick_direction": 2, "price": 0.5535, "mark_price": 0.55617158, "iv": 112.81, "instrument_name": "BTC-26MAR21-18000-C", "index_price": 37747.73, "direction": "buy", "amount": 0.1}, {"trade_seq": 1378, "trade_id": "114393028", "timestamp": 1610020955810, "tick_direction": 0, "price": 0.56, "mark_price": 0.55964103, "iv": 119.49, "instrument_name": "BTC-26MAR21-18000-C", "index_price": 38047.06, "direction": "buy", "amount": 0.1}, {"trade_seq": 1377, "trade_id": "114236058", "timestamp": 1609978480823, "tick_direction": 2, "price": 0.544, "mark_price": 0.54479326, "iv": 114.69, "instrument_name": "BTC-26MAR21-18000-C", "index_price": 36796.12, "direction": "buy", "amount": 0.1}, {"trade_seq": 1376, "trade_id": "114235804", "timestamp": 1609978446625, "tick_direction": 0, "price": 0.5445, "mark_price": 0.54553216, "iv": 114.17, "instrument_name": "BTC-26MAR21-18000-C", "index_price": 36847.33, "direction": "buy", "amount": 0.2}, {"trade_seq": 1375, "trade_id": "114235782", "timestamp": 1609978436009, "tick_direction": 0, "price": 0.544, "mark_price": 0.54540198, "iv": 113.32, "instrument_name": "BTC-26MAR21-18000-C", "index_price": 36829.53, "direction": "buy", "amount": 0.2}, {"trade_seq": 1374, "trade_id": "114057136", "timestamp": 1609942567106, "tick_direction": 2, "price": 0.511, "mark_price": 0.51772827, "iv": 102.96, "instrument_name": "BTC-26MAR21-18000-C", "index_price": 34298.85, "direction": "sell", "amount": 0.1}, {"trade_seq": 1373, "trade_id": "114022687", "timestamp": 1609933499069, "tick_direction": 2, "price": 0.5195, "mark_price": 0.52510165, "iv": 103.88, "instrument_name": "BTC-26MAR21-18000-C", "index_price": 34899.53, "direction": "sell", "amount": 0.1}, {"trade_seq": 1372, "trade_id": "113878257", "timestamp": 1609907084553, "tick_direction": 0, "price": 0.524, "mark_price": 0.52279513, "iv": 110.19, "instrument_name": "BTC-26MAR21-18000-C", "index_price": 35179.03, "direction": "buy", "amount": 46.6}, {"trade_seq": 1371, "trade_id": "113815151", "timestamp": 1609890628029, "tick_direction": 1, "price": 0.508, "mark_price": 0.50825026, "iv": 109.01, "instrument_name": "BTC-26MAR21-18000-C", "index_price": 34115.11, "direction": "buy", "amount": 0.1}, {"trade_seq": 1370, "trade_id": "113815150", "timestamp": 1609890627742, "tick_direction": 1, "price": 0.508, "mark_price": 0.50825026, "iv": 109.01, "instrument_name": "BTC-26MAR21-18000-C", "index_price": 34115.11, "direction": "buy", "amount": 0.3}, {"trade_seq": 1369, "trade_id": "113815149", "timestamp": 1609890627143, "tick_direction": 0, "price": 0.508, "mark_price": 0.50825265, "iv": 109.33, "instrument_name": "BTC-26MAR21-18000-C", "index_price": 34106.43, "direction": "buy", "amount": 0.1}, {"trade_seq": 1368, "trade_id": "113814511", "timestamp": 1609890524380, "tick_direction": 1, "price": 0.506, "mark_price": 0.50635022, "iv": 109.14, "instrument_name": "BTC-26MAR21-18000-C", "index_price": 33970.33, "direction": "buy", "amount": 0.1}, {"trade_seq": 1367, "trade_id": "113814510", "timestamp": 1609890524255, "tick_direction": 1, "price": 0.506, "mark_price": 0.50635022, "iv": 109.14, "instrument_name": "BTC-26MAR21-18000-C", "index_price": 33970.33, "direction": "buy", "amount": 0.1}, {"trade_seq": 1366, "trade_id": "113814506", "timestamp": 1609890524133, "tick_direction": 1, "price": 0.506, "mark_price": 0.50632806, "iv": 109.14, "instrument_name": "BTC-26MAR21-18000-C", "index_price": 33970.33, "direction": "buy", "amount": 0.2}, {"trade_seq": 1365, "trade_id": "113814503", "timestamp": 1609890523975, "tick_direction": 1, "price": 0.506, "mark_price": 0.50632806, "iv": 109.14, "instrument_name": "BTC-26MAR21-18000-C", "index_price": 33970.33, "direction": "buy", "amount": 0.2}, {"trade_seq": 1364, "trade_id": "113814502", "timestamp": 1609890523971, "tick_direction": 1, "price": 0.506, "mark_price": 0.50632806, "iv": 109.14, "instrument_name": "BTC-26MAR21-18000-C", "index_price": 33970.33, "direction": "buy", "amount": 0.1}, {"trade_seq": 1363, "trade_id": "113814480", "timestamp": 1609890518341, "tick_direction": 0, "price": 0.506, "mark_price": 0.50616932, "iv": 109.48, "instrument_name": "BTC-26MAR21-18000-C", "index_price": 33961.9, "direction": "buy", "amount": 0.1}, {"trade_seq": 1362, "trade_id": "113814275", "timestamp": 1609890489952, "tick_direction": 1, "price": 0.505, "mark_price": 0.50535637, "iv": 109.07, "instrument_name": "BTC-26MAR21-18000-C", "index_price": 33906.33, "direction": "buy", "amount": 0.1}, {"trade_seq": 1361, "trade_id": "113814270", "timestamp": 1609890489644, "tick_direction": 1, "price": 0.505, "mark_price": 0.50535637, "iv": 109.07, "instrument_name": "BTC-26MAR21-18000-C", "index_price": 33906.33, "direction": "buy", "amount": 0.2}, {"trade_seq": 1360, "trade_id": "113814268", "timestamp": 1609890489565, "tick_direction": 1, "price": 0.505, "mark_price": 0.50535637, "iv": 109.07, "instrument_name": "BTC-26MAR21-18000-C", "index_price": 33906.33, "direction": "buy", "amount": 0.5}, {"trade_seq": 1359, "trade_id": "113814266", "timestamp": 1609890488982, "tick_direction": 1, "price": 0.505, "mark_price": 0.50522297, "iv": 109.08, "instrument_name": "BTC-26MAR21-18000-C", "index_price": 33905.44, "direction": "buy", "amount": 0.2}, {"trade_seq": 1358, "trade_id": "113814258", "timestamp": 1609890488630, "tick_direction": 1, "price": 0.505, "mark_price": 0.50522297, "iv": 109.08, "instrument_name": "BTC-26MAR21-18000-C", "index_price": 33905.44, "direction": "buy", "amount": 0.1}, {"trade_seq": 1357, "trade_id": "113814257", "timestamp": 1609890488483, "tick_direction": 1, "price": 0.505, "mark_price": 0.50522297, "iv": 109.08, "instrument_name": "BTC-26MAR21-18000-C", "index_price": 33905.44, "direction": "buy", "amount": 0.1}, {"trade_seq": 1356, "trade_id": "113814251", "timestamp": 1609890487400, "tick_direction": 1, "price": 0.505, "mark_price": 0.50522109, "iv": 109.32, "instrument_name": "BTC-26MAR21-18000-C", "index_price": 33905.95, "direction": "buy", "amount": 0.1}, {"trade_seq": 1355, "trade_id": "113814249", "timestamp": 1609890486973, "tick_direction": 1, "price": 0.505, "mark_price": 0.5051932, "iv": 109.32, "instrument_name": "BTC-26MAR21-18000-C", "index_price": 33895.32, "direction": "buy", "amount": 0.2}, {"trade_seq": 1354, "trade_id": "113814241", "timestamp": 1609890485703, "tick_direction": 1, "price": 0.505, "mark_price": 0.50508838, "iv": 109.37, "instrument_name": "BTC-26MAR21-18000-C", "index_price": 33895.2, "direction": "buy", "amount": 0.1}, {"trade_seq": 1353, "trade_id": "113814240", "timestamp": 1609890485494, "tick_direction": 1, "price": 0.505, "mark_price": 0.50508838, "iv": 109.37, "instrument_name": "BTC-26MAR21-18000-C", "index_price": 33895.2, "direction": "buy", "amount": 0.1}, {"trade_seq": 1352, "trade_id": "113814229", "timestamp": 1609890481829, "tick_direction": 1, "price": 0.505, "mark_price": 0.50487463, "iv": 109.79, "instrument_name": "BTC-26MAR21-18000-C", "index_price": 33881.83, "direction": "buy", "amount": 0.1}, {"trade_seq": 1351, "trade_id": "113814226", "timestamp": 1609890481570, "tick_direction": 1, "price": 0.505, "mark_price": 0.50487463, "iv": 109.79, "instrument_name": "BTC-26MAR21-18000-C", "index_price": 33881.83, "direction": "buy", "amount": 0.2}, {"trade_seq": 1350, "trade_id": "113814220", "timestamp": 1609890481428, "tick_direction": 0, "price": 0.505, "mark_price": 0.50487463, "iv": 109.79, "instrument_name": "BTC-26MAR21-18000-C", "index_price": 33881.83, "direction": "buy", "amount": 0.1}, {"trade_seq": 1349, "trade_id": "113491498", "timestamp": 1609814253568, "tick_direction": 0, "price": 0.485, "mark_price": 0.48376381, "iv": 110.48, "instrument_name": "BTC-26MAR21-18000-C", "index_price": 32350.55, "direction": "sell", "amount": 1.0}, {"trade_seq": 1348, "trade_id": "113375415", "timestamp": 1609778347222, "tick_direction": 0, "price": 0.459, "mark_price": 0.45814746, "iv": 105.02, "instrument_name": "BTC-26MAR21-18000-C", "index_price": 30762.45, "direction": "buy", "amount": 46.5}, {"trade_seq": 1347, "trade_id": "113175188", "timestamp": 1609755408158, "tick_direction": 2, "price": 0.417, "mark_price": 0.41556241, "iv": 105.25, "instrument_name": "BTC-26MAR21-18000-C", "index_price": 27960.61, "direction": "sell", "amount": 0.1}, {"trade_seq": 1346, "trade_id": "113174264", "timestamp": 1609755402104, "tick_direction": 2, "price": 0.419, "mark_price": 0.43440865, "iv": 105.38, "instrument_name": "BTC-26MAR21-18000-C", "index_price": 28028.5, "direction": "sell", "amount": 0.1}, {"trade_seq": 1345, "trade_id": "113173226", "timestamp": 1609755393040, "tick_direction": 3, "price": 0.4215, "mark_price": 0.43440865, "iv": 105.13, "instrument_name": "BTC-26MAR21-18000-C", "index_price": 28104.45, "direction": "sell", "amount": 0.1}, {"trade_seq": 1344, "trade_id": "113173225", "timestamp": 1609755393040, "tick_direction": 2, "price": 0.4215, "mark_price": 0.43440865, "iv": 105.13, "instrument_name": "BTC-26MAR21-18000-C", "index_price": 28104.45, "direction": "sell", "amount": 0.1}, {"trade_seq": 1343, "trade_id": "113172309", "timestamp": 1609755381979, "tick_direction": 3, "price": 0.4275, "mark_price": 0.43440865, "iv": 105.94, "instrument_name": "BTC-26MAR21-18000-C", "index_price": 28381.48, "direction": "sell", "amount": 0.1}, {"trade_seq": 1342, "trade_id": "113172308", "timestamp": 1609755381979, "tick_direction": 2, "price": 0.4275, "mark_price": 0.43440865, "iv": 105.94, "instrument_name": "BTC-26MAR21-18000-C", "index_price": 28381.48, "direction": "sell", "amount": 0.1}, {"trade_seq": 1341, "trade_id": "113095114", "timestamp": 1609749912707, "tick_direction": 3, "price": 0.4735, "mark_price": 0.47271498, "iv": 100.01, "instrument_name": "BTC-26MAR21-18000-C", "index_price": 31647.92, "direction": "sell", "amount": 0.2}, {"trade_seq": 1340, "trade_id": "113095043", "timestamp": 1609749911621, "tick_direction": 2, "price": 0.4735, "mark_price": 0.47319839, "iv": 99.67, "instrument_name": "BTC-26MAR21-18000-C", "index_price": 31658.27, "direction": "sell", "amount": 0.1}, {"trade_seq": 1339, "trade_id": "112937609", "timestamp": 1609706345091, "tick_direction": 2, "price": 0.5015, "mark_price": 0.50152094, "iv": 102.23, "instrument_name": "BTC-26MAR21-18000-C", "index_price": 33764.52, "direction": "buy", "amount": 0.1}, {"trade_seq": 1338, "trade_id": "112835855", "timestamp": 1609686017919, "tick_direction": 1, "price": 0.505, "mark_price": 0.50478615, "iv": 104.13, "instrument_name": "BTC-26MAR21-18000-C", "index_price": 33910.4, "direction": "buy", "amount": 0.1}, {"trade_seq": 1337, "trade_id": "112835816", "timestamp": 1609686015798, "tick_direction": 1, "price": 0.505, "mark_price": 0.50466728, "iv": 104.28, "instrument_name": "BTC-26MAR21-18000-C", "index_price": 33905.51, "direction": "buy", "amount": 0.1}, {"trade_seq": 1336, "trade_id": "112835631", "timestamp": 1609685984027, "tick_direction": 0, "price": 0.505, "mark_price": 0.50464534, "iv": 104.31, "instrument_name": "BTC-26MAR21-18000-C", "index_price": 33899.15, "direction": "buy", "amount": 0.1}, {"trade_seq": 1335, "trade_id": "112834190", "timestamp": 1609685732369, "tick_direction": 1, "price": 0.502, "mark_price": 0.50128436, "iv": 104.15, "instrument_name": "BTC-26MAR21-18000-C", "index_price": 33660.8, "direction": "buy", "amount": 0.2}, {"trade_seq": 1334, "trade_id": "112834188", "timestamp": 1609685732015, "tick_direction": 1, "price": 0.502, "mark_price": 0.50128697, "iv": 104.14, "instrument_name": "BTC-26MAR21-18000-C", "index_price": 33656.18, "direction": "buy", "amount": 0.4}, {"trade_seq": 1333, "trade_id": "112834184", "timestamp": 1609685731667, "tick_direction": 1, "price": 0.502, "mark_price": 0.50128697, "iv": 104.14, "instrument_name": "BTC-26MAR21-18000-C", "index_price": 33656.18, "direction": "buy", "amount": 0.2}