{"trades": [{"trade_seq": 18, "trade_id": "243182124", "timestamp": 1677681788078, "tick_direction": 2, "price": 0.4605, "mark_price": 0.45506292, "iv": 129.72, "instrument_name": "BTC-31MAR23-13000-C", "index_price": 23741.16, "direction": "buy", "amount": 0.1}, {"trade_seq": 17, "trade_id": "242319920", "timestamp": 1676880057114, "tick_direction": 0, "price": 0.472, "mark_price": 0.47393926, "iv": 0.0, "instrument_name": "BTC-31MAR23-13000-C", "index_price": 24504.42, "direction": "sell", "amount": 0.1}, {"trade_seq": 16, "trade_id": "238715804", "timestamp": 1673333578536, "tick_direction": 0, "price": 0.2618, "mark_price": 0.26146372, "iv": 56.43, "instrument_name": "BTC-31MAR23-13000-C", "index_price": 17202.01, "direction": "sell", "combo_id": "BTC-CBUT-31MAR23-13000_17000_21000", "block_trade_id": "60382", "amount": 6.3}, {"trade_seq": 15, "trade_id": "238420735", "timestamp": 1672396188735, "tick_direction": 3, "price": 0.247, "mark_price": 0.24924176, "iv": 64.56, "instrument_name": "BTC-31MAR23-13000-C", "index_price": 16507.23, "direction": "buy", "amount": 4.5}, {"trade_seq": 14, "trade_id": "238420734", "timestamp": 1672396188734, "tick_direction": 3, "price": 0.247, "mark_price": 0.24924176, "iv": 64.56, "instrument_name": "BTC-31MAR23-13000-C", "index_price": 16507.23, "direction": "buy", "amount": 6.3}, {"trade_seq": 13, "trade_id": "238420733", "timestamp": 1672396188733, "tick_direction": 3, "price": 0.247, "mark_price": 0.24924176, "iv": 64.56, "instrument_name": "BTC-31MAR23-13000-C", "index_price": 16507.23, "direction": "buy", "amount": 7.3}, {"trade_seq": 12, "trade_id": "238420732", "timestamp": 1672396188728, "tick_direction": 3, "price": 0.247, "mark_price": 0.24924176, "iv": 64.56, "instrument_name": "BTC-31MAR23-13000-C", "index_price": 16507.23, "direction": "buy", "amount": 19.9}, {"trade_seq": 11, "trade_id": "238420731", "timestamp": 1672396188727, "tick_direction": 3, "price": 0.247, "mark_price": 0.24924176, "iv": 64.56, "instrument_name": "BTC-31MAR23-13000-C", "index_price": 16507.23, "direction": "buy", "amount": 18.0}, {"trade_seq": 10, "trade_id": "238420730", "timestamp": 1672396188726, "tick_direction": 3, "price": 0.247, "mark_price": 0.24924176, "iv": 64.56, "instrument_name": "BTC-31MAR23-13000-C", "index_price": 16507.23, "direction": "buy", "amount": 12.0}, {"trade_seq": 9, "trade_id": "238420729", "timestamp": 1672396188720, "tick_direction": 3, "price": 0.247, "mark_price": 0.24924176, "iv": 64.56, "instrument_name": "BTC-31MAR23-13000-C", "index_price": 16507.23, "direction": "buy", "amount": 12.0}, {"trade_seq": 8, "trade_id": "238420728", "timestamp": 1672396188715, "tick_direction": 3, "price": 0.247, "mark_price": 0.24924176, "iv": 64.56, "instrument_name": "BTC-31MAR23-13000-C", "index_price": 16507.23, "direction": "sell", "amount": 12.0}, {"trade_seq": 7, "trade_id": "238420727", "timestamp": 1672396188715, "tick_direction": 2, "price": 0.247, "mark_price": 0.24924176, "iv": 64.56, "instrument_name": "BTC-31MAR23-13000-C", "index_price": 16507.23, "direction": "sell", "amount": 8.0}, {"trade_seq": 6, "trade_id": "236833302", "timestamp": 1669626408592, "tick_direction": 2, "price": 0.2662, "mark_price": 0.26629673, "iv": 72.04, "instrument_name": "BTC-31MAR23-13000-C", "index_price": 16231.76, "direction": "sell", "combo_id": "BTC-CBUT-31MAR23-13000_17000_21000", "block_trade_id": "57575", "amount": 6.3}, {"trade_seq": 5, "trade_id": "225033742", "timestamp": 1659068486263, "tick_direction": 0, "price": 0.5095, "mark_price": 0.51048227, "iv": 81.5, "instrument_name": "BTC-31MAR23-13000-C", "index_price": 23933.88, "direction": "buy", "amount": 0.1}, {"trade_seq": 4, "trade_id": "225033668", "timestamp": 1659068381160, "tick_direction": 0, "price": 0.5085, "mark_price": 0.50993587, "iv": 81.19, "instrument_name": "BTC-31MAR23-13000-C", "index_price": 23912.27, "direction": "buy", "amount": 0.1}, {"trade_seq": 3, "trade_id": "223365382", "timestamp": 1658159797311, "tick_direction": 1, "price": 0.4905, "mark_price": 0.48990455, "iv": 83.2, "instrument_name": "BTC-31MAR23-13000-C", "index_price": 22605.77, "direction": "buy", "amount": 0.1}, {"trade_seq": 2, "trade_id": "223365378", "timestamp": 1658159797297, "tick_direction": 1, "price": 0.4905, "mark_price": 0.48990455, "iv": 83.2, "instrument_name": "BTC-31MAR23-13000-C", "index_price": 22605.77, "direction": "buy", "amount": 0.1}, {"trade_seq": 1, "trade_id": "223365371", "timestamp": 1658159797234, "tick_direction": 1, "price": 0.4905, "mark_price": 0.48990455, "iv": 83.2, "instrument_name": "BTC-31MAR23-13000-C", "index_price": 22605.77, "direction": "buy", "amount": 5.1}], "has_more": false}