{"trades": [{"trade_seq": 5931, "trade_id": "138716402", "timestamp": 1616675310400, "tick_direction": 2, "price": 0.37, "mark_price": 0.36933361, "iv": 437.68, "instrument_name": "BTC-26MAR21-32000-C", "index_price": 50653.35, "direction": "sell", "amount": 1.0}, {"trade_seq": 5930, "trade_id": "138700235", "timestamp": 1616674340018, "tick_direction": 3, "price": 0.38, "mark_price": 0.37928788, "iv": 478.59, "instrument_name": "BTC-26MAR21-32000-C", "index_price": 51468.98, "direction": "sell", "amount": 0.4}, {"trade_seq": 5929, "trade_id": "138700192", "timestamp": 1616674339216, "tick_direction": 3, "price": 0.38, "mark_price": 0.37945387, "iv": 446.51, "instrument_name": "BTC-26MAR21-32000-C", "index_price": 51506.41, "direction": "sell", "amount": 0.5}, {"trade_seq": 5928, "trade_id": "138699516", "timestamp": 1616674293455, "tick_direction": 2, "price": 0.38, "mark_price": 0.38017025, "iv": 0.0, "instrument_name": "BTC-26MAR21-32000-C", "index_price": 51581.84, "direction": "sell", "amount": 0.1}, {"trade_seq": 5927, "trade_id": "138680926", "timestamp": 1616670186233, "tick_direction": 0, "price": 0.3985, "mark_price": 0.396355, "iv": 500.0, "instrument_name": "BTC-26MAR21-32000-C", "index_price": 52994.18, "direction": "buy", "amount": 0.1}, {"trade_seq": 5926, "trade_id": "138553009", "timestamp": 1616635906007, "tick_direction": 3, "price": 0.39, "mark_price": 0.38964765, "iv": 340.14, "instrument_name": "BTC-26MAR21-32000-C", "index_price": 52315.55, "direction": "sell", "amount": 0.9}, {"trade_seq": 5925, "trade_id": "138552926", "timestamp": 1616635900382, "tick_direction": 2, "price": 0.39, "mark_price": 0.38979802, "iv": 319.78, "instrument_name": "BTC-26MAR21-32000-C", "index_price": 52325.54, "direction": "sell", "amount": 0.1}, {"trade_seq": 5924, "trade_id": "138122856", "timestamp": 1616556141494, "tick_direction": 2, "price": 0.408, "mark_price": 0.40918665, "iv": 0.0, "instrument_name": "BTC-26MAR21-32000-C", "index_price": 54082.47, "direction": "sell", "amount": 0.1}, {"trade_seq": 5923, "trade_id": "138080921", "timestamp": 1616543216438, "tick_direction": 2, "price": 0.412, "mark_price": 0.41295621, "iv": 0.0, "instrument_name": "BTC-26MAR21-32000-C", "index_price": 54462.91, "direction": "sell", "amount": 45.5}, {"trade_seq": 5922, "trade_id": "137813659", "timestamp": 1616458062711, "tick_direction": 0, "price": 0.414, "mark_price": 0.41230956, "iv": 277.87, "instrument_name": "BTC-26MAR21-32000-C", "index_price": 54389.46, "direction": "buy", "amount": 2.0}, {"trade_seq": 5921, "trade_id": "137813545", "timestamp": 1616458021152, "tick_direction": 2, "price": 0.397, "mark_price": 0.41146562, "iv": 0.0, "instrument_name": "BTC-26MAR21-32000-C", "index_price": 54285.75, "direction": "sell", "amount": 2.0}, {"trade_seq": 5920, "trade_id": "135650091", "timestamp": 1615666382114, "tick_direction": 0, "price": 0.485, "mark_price": 0.48560097, "iv": 118.81, "instrument_name": "BTC-26MAR21-32000-C", "index_price": 61114.67, "direction": "buy", "amount": 1.0}, {"trade_seq": 5919, "trade_id": "135640113", "timestamp": 1615664139354, "tick_direction": 0, "price": 0.48, "mark_price": 0.48043773, "iv": 135.14, "instrument_name": "BTC-26MAR21-32000-C", "index_price": 60572.5, "direction": "buy", "amount": 2.1}, {"trade_seq": 5918, "trade_id": "135574713", "timestamp": 1615642144040, "tick_direction": 3, "price": 0.4685, "mark_price": 0.47358283, "iv": 0.0, "instrument_name": "BTC-26MAR21-32000-C", "index_price": 59643.8, "direction": "sell", "amount": 0.1}, {"trade_seq": 5917, "trade_id": "135573554", "timestamp": 1615641891131, "tick_direction": 2, "price": 0.4685, "mark_price": 0.47460029, "iv": 0.0, "instrument_name": "BTC-26MAR21-32000-C", "index_price": 59745.06, "direction": "sell", "amount": 0.1}, {"trade_seq": 5916, "trade_id": "135561292", "timestamp": 1615638852229, "tick_direction": 1, "price": 0.4785, "mark_price": 0.47831093, "iv": 155.07, "instrument_name": "BTC-26MAR21-32000-C", "index_price": 60206.69, "direction": "buy", "amount": 0.1}, {"trade_seq": 5915, "trade_id": "135561291", "timestamp": 1615638852089, "tick_direction": 1, "price": 0.4785, "mark_price": 0.47831093, "iv": 155.07, "instrument_name": "BTC-26MAR21-32000-C", "index_price": 60206.69, "direction": "buy", "amount": 0.4}, {"trade_seq": 5914, "trade_id": "135561248", "timestamp": 1615638836506, "tick_direction": 1, "price": 0.4785, "mark_price": 0.47847987, "iv": 152.69, "instrument_name": "BTC-26MAR21-32000-C", "index_price": 60208.99, "direction": "buy", "amount": 0.1}, {"trade_seq": 5913, "trade_id": "135561245", "timestamp": 1615638835163, "tick_direction": 0, "price": 0.4785, "mark_price": 0.47840832, "iv": 152.69, "instrument_name": "BTC-26MAR21-32000-C", "index_price": 60213.53, "direction": "buy", "amount": 0.4}, {"trade_seq": 5912, "trade_id": "135503123", "timestamp": 1615630613056, "tick_direction": 0, "price": 0.47, "mark_price": 0.46900298, "iv": 164.51, "instrument_name": "BTC-26MAR21-32000-C", "index_price": 59133.17, "direction": "buy", "amount": 0.1}, {"trade_seq": 5911, "trade_id": "135480694", "timestamp": 1615626839941, "tick_direction": 2, "price": 0.436, "mark_price": 0.44855957, "iv": 0.0, "instrument_name": "BTC-26MAR21-32000-C", "index_price": 57281.71, "direction": "sell", "amount": 0.1}, {"trade_seq": 5910, "trade_id": "135418801", "timestamp": 1615588638431, "tick_direction": 2, "price": 0.4465, "mark_price": 0.44841509, "iv": 0.0, "instrument_name": "BTC-26MAR21-32000-C", "index_price": 57341.86, "direction": "sell", "block_trade_id": "9178", "amount": 70.0}, {"trade_seq": 5909, "trade_id": "135348380", "timestamp": 1615565927664, "tick_direction": 0, "price": 0.45, "mark_price": 0.45015852, "iv": 144.65, "instrument_name": "BTC-26MAR21-32000-C", "index_price": 57426.55, "direction": "buy", "amount": 0.2}, {"trade_seq": 5908, "trade_id": "134842335", "timestamp": 1615405933652, "tick_direction": 2, "price": 0.4435, "mark_price": 0.44593074, "iv": 0.0, "instrument_name": "BTC-26MAR21-32000-C", "index_price": 56898.33, "direction": "sell", "amount": 0.1}, {"trade_seq": 5907, "trade_id": "134817920", "timestamp": 1615397670131, "tick_direction": 0, "price": 0.444, "mark_price": 0.44619791, "iv": 0.0, "instrument_name": "BTC-26MAR21-32000-C", "index_price": 56926.38, "direction": "sell", "amount": 0.1}, {"trade_seq": 5906, "trade_id": "134619453", "timestamp": 1615334713603, "tick_direction": 1, "price": 0.4265, "mark_price": 0.42553025, "iv": 143.46, "instrument_name": "BTC-26MAR21-32000-C", "index_price": 54944.98, "direction": "buy", "amount": 0.1}, {"trade_seq": 5905, "trade_id": "134619447", "timestamp": 1615334713252, "tick_direction": 1, "price": 0.4265, "mark_price": 0.42543375, "iv": 143.46, "instrument_name": "BTC-26MAR21-32000-C", "index_price": 54944.98, "direction": "buy", "amount": 0.1}, {"trade_seq": 5904, "trade_id": "134619431", "timestamp": 1615334713029, "tick_direction": 0, "price": 0.4265, "mark_price": 0.42543375, "iv": 143.46, "instrument_name": "BTC-26MAR21-32000-C", "index_price": 54944.98, "direction": "buy", "amount": 0.3}, {"trade_seq": 5903, "trade_id": "134593658", "timestamp": 1615321435560, "tick_direction": 2, "price": 0.419, "mark_price": 0.41834957, "iv": 139.25, "instrument_name": "BTC-26MAR21-32000-C", "index_price": 54228.85, "direction": "buy", "amount": 0.2}, {"trade_seq": 5902, "trade_id": "134546272", "timestamp": 1615299990411, "tick_direction": 0, "price": 0.4225, "mark_price": 0.42159292, "iv": 144.07, "instrument_name": "BTC-26MAR21-32000-C", "index_price": 54497.71, "direction": "buy", "amount": 0.3}, {"trade_seq": 5901, "trade_id": "134182138", "timestamp": 1615141449072, "tick_direction": 0, "price": 0.3665, "mark_price": 0.38113699, "iv": 0.0, "instrument_name": "BTC-26MAR21-32000-C", "index_price": 50715.2, "direction": "buy", "amount": 0.4}, {"trade_seq": 5900, "trade_id": "133764758", "timestamp": 1614935784335, "tick_direction": 0, "price": 0.3215, "mark_price": 0.32915429, "iv": 77.72, "instrument_name": "BTC-26MAR21-32000-C", "index_price": 46775.74, "direction": "sell", "amount": 0.1}, {"trade_seq": 5899, "trade_id": "133685429", "timestamp": 1614907155045, "tick_direction": 2, "price": 0.3165, "mark_price": 0.32819451, "iv": 0.0, "instrument_name": "BTC-26MAR21-32000-C", "index_price": 46601.77, "direction": "sell", "amount": 0.1}, {"trade_seq": 5898, "trade_id": "133559356", "timestamp": 1614878884032, "tick_direction": 3, "price": 0.3635, "mark_price": 0.36343043, "iv": 118.62, "instrument_name": "BTC-26MAR21-32000-C", "index_price": 49331.83, "direction": "sell", "amount": 0.7}, {"trade_seq": 5897, "trade_id": "133559352", "timestamp": 1614878883261, "tick_direction": 2, "price": 0.3635, "mark_price": 0.36344391, "iv": 118.62, "instrument_name": "BTC-26MAR21-32000-C", "index_price": 49344.86, "direction": "sell", "amount": 0.9}, {"trade_seq": 5896, "trade_id": "133547690", "timestamp": 1614876352819, "tick_direction": 0, "price": 0.37, "mark_price": 0.36906854, "iv": 119.48, "instrument_name": "BTC-26MAR21-32000-C", "index_price": 49841.19, "direction": "buy", "amount": 1.0}, {"trade_seq": 5895, "trade_id": "133523377", "timestamp": 1614870353347, "tick_direction": 2, "price": 0.36, "mark_price": 0.36003702, "iv": 112.78, "instrument_name": "BTC-26MAR21-32000-C", "index_price": 49141.36, "direction": "sell", "amount": 1.0}, {"trade_seq": 5894, "trade_id": "133515692", "timestamp": 1614869398213, "tick_direction": 0, "price": 0.365, "mark_price": 0.36571104, "iv": 109.78, "instrument_name": "BTC-26MAR21-32000-C", "index_price": 49619.29, "direction": "sell", "amount": 1.0}, {"trade_seq": 5893, "trade_id": "133058434", "timestamp": 1614705977722, "tick_direction": 2, "price": 0.3455, "mark_price": 0.34637606, "iv": 114.87, "instrument_name": "BTC-26MAR21-32000-C", "index_price": 47693.11, "direction": "buy", "amount": 3.0}, {"trade_seq": 5892, "trade_id": "133047524", "timestamp": 1614704124169, "tick_direction": 1, "price": 0.348, "mark_price": 0.34812582, "iv": 118.17, "instrument_name": "BTC-26MAR21-32000-C", "index_price": 47824.76, "direction": "sell", "amount": 0.1}, {"trade_seq": 5891, "trade_id": "133047522", "timestamp": 1614704124023, "tick_direction": 0, "price": 0.348, "mark_price": 0.34812582, "iv": 118.17, "instrument_name": "BTC-26MAR21-32000-C", "index_price": 47824.76, "direction": "sell", "amount": 0.1}, {"trade_seq": 5890, "trade_id": "133047497", "timestamp": 1614704116929, "tick_direction": 0, "price": 0.3475, "mark_price": 0.34789296, "iv": 117.31, "instrument_name": "BTC-26MAR21-32000-C", "index_price": 47802.76, "direction": "buy", "amount": 0.1}, {"trade_seq": 5889, "trade_id": "133045074", "timestamp": 1614703522667, "tick_direction": 2, "price": 0.346, "mark_price": 0.34622592, "iv": 117.66, "instrument_name": "BTC-26MAR21-32000-C", "index_price": 47676.72, "direction": "sell", "amount": 0.1}, {"trade_seq": 5888, "trade_id": "133034185", "timestamp": 1614702662363, "tick_direction": 2, "price": 0.3585, "mark_price": 0.35866423, "iv": 118.17, "instrument_name": "BTC-26MAR21-32000-C", "index_price": 48649.94, "direction": "sell", "amount": 0.5}, {"trade_seq": 5887, "trade_id": "133023004", "timestamp": 1614698378441, "tick_direction": 0, "price": 0.359, "mark_price": 0.35924129, "iv": 119.2, "instrument_name": "BTC-26MAR21-32000-C", "index_price": 48693.73, "direction": "sell", "amount": 0.1}, {"trade_seq": 5886, "trade_id": "133022971", "timestamp": 1614698364502, "tick_direction": 3, "price": 0.3585, "mark_price": 0.35901078, "iv": 118.28, "instrument_name": "BTC-26MAR21-32000-C", "index_price": 48666.51, "direction": "sell", "amount": 0.3}, {"trade_seq": 5885, "trade_id": "133022935", "timestamp": 1614698350003, "tick_direction": 2, "price": 0.3585, "mark_price": 0.35911944, "iv": 117.98, "instrument_name": "BTC-26MAR21-32000-C", "index_price": 48663.54, "direction": "sell", "amount": 0.1}, {"trade_seq": 5884, "trade_id": "133022386", "timestamp": 1614698215500, "tick_direction": 0, "price": 0.3605, "mark_price": 0.36087105, "iv": 118.82, "instrument_name": "BTC-26MAR21-32000-C", "index_price": 48809.23, "direction": "sell", "amount": 0.1}, {"trade_seq": 5883, "trade_id": "133021821", "timestamp": 1614698031651, "tick_direction": 3, "price": 0.36, "mark_price": 0.3605369, "iv": 118.34, "instrument_name": "BTC-26MAR21-32000-C", "index_price": 48777.89, "direction": "sell", "amount": 0.1}, {"trade_seq": 5882, "trade_id": "133021816", "timestamp": 1614698031503, "tick_direction": 3, "price": 0.36, "mark_price": 0.3605369, "iv": 118.34, "instrument_name": "BTC-26MAR21-32000-C", "index_price": 48777.89, "direction": "sell", "amount": 0.2}, {"trade_seq": 5881, "trade_id": "133021807", "timestamp": 1614698031320, "tick_direction": 2, "price": 0.36, "mark_price": 0.3605369, "iv": 118.34, "instrument_name": "BTC-26MAR21-32000-C", "index_price": 48777.89, "direction": "sell", "amount": 0.4}, {"trade_seq": 5880, "trade_id": "133006718", "timestamp": 1614692998575, "tick_direction": 0, "price": 0.3645, "mark_price": 0.3625597, "iv": 126.6, "instrument_name": "BTC-26MAR21-32000-C", "index_price": 48900.06, "direction": "buy", "amount": 1.2}, {"trade_seq": 5879, "trade_id": "133006665", "timestamp": 1614692937910, "tick_direction": 2, "price": 0.357, "mark_price": 0.36238634, "iv": 97.5, "instrument_name": "BTC-26MAR21-32000-C", "index_price": 48894.45, "direction": "sell", "amount": 0.6}, {"trade_seq": 5878, "trade_id": "132989859", "timestamp": 1614686697086, "tick_direction": 0, "price": 0.365, "mark_price": 0.36554138, "iv": 117.97, "instrument_name": "BTC-26MAR21-32000-C", "index_price": 49108.54, "direction": "buy", "amount": 0.1}, {"trade_seq": 5877, "trade_id": "132966216", "timestamp": 1614674468437, "tick_direction": 2, "price": 0.36, "mark_price": 0.36548452, "iv": 98.97, "instrument_name": "BTC-26MAR21-32000-C", "index_price": 49049.08, "direction": "sell", "amount": 0.1}, {"trade_seq": 5876, "trade_id": "132783780", "timestamp": 1614613781200, "tick_direction": 0, "price": 0.368, "mark_price": 0.36817591, "iv": 122.68, "instrument_name": "BTC-26MAR21-32000-C", "index_price": 49362.31, "direction": "sell", "amount": 0.1}, {"trade_seq": 5875, "trade_id": "132725995", "timestamp": 1614598375532, "tick_direction": 2, "price": 0.348, "mark_price": 0.3485758, "iv": 118.86, "instrument_name": "BTC-26MAR21-32000-C", "index_price": 47634.28, "direction": "buy", "amount": 1.9}, {"trade_seq": 5874, "trade_id": "132725952", "timestamp": 1614598345945, "tick_direction": 0, "price": 0.3485, "mark_price": 0.34853331, "iv": 120.42, "instrument_name": "BTC-26MAR21-32000-C", "index_price": 47633.0, "direction": "buy", "amount": 0.1}, {"trade_seq": 5873, "trade_id": "132361216", "timestamp": 1614487498763, "tick_direction": 2, "price": 0.3115, "mark_price": 0.31173857, "iv": 115.51, "instrument_name": "BTC-26MAR21-32000-C", "index_price": 44908.14, "direction": "buy", "amount": 5.0}, {"trade_seq": 5872, "trade_id": "132295969", "timestamp": 1614468901744, "tick_direction": 0, "price": 0.322, "mark_price": 0.32155092, "iv": 117.87, "instrument_name": "BTC-26MAR21-32000-C", "index_price": 45464.87, "direction": "buy", "amount": 10.0}, {"trade_seq": 5871, "trade_id": "132295643", "timestamp": 1614468850273, "tick_direction": 0, "price": 0.321, "mark_price": 0.32158853, "iv": 115.8, "instrument_name": "BTC-26MAR21-32000-C", "index_price": 45466.73, "direction": "buy", "amount": 10.0}, {"trade_seq": 5870, "trade_id": "132294581", "timestamp": 1614468658292, "tick_direction": 3, "price": 0.32, "mark_price": 0.32027302, "iv": 116.56, "instrument_name": "BTC-26MAR21-32000-C", "index_price": 45363.38, "direction": "buy", "amount": 0.7}, {"trade_seq": 5869, "trade_id": "132294580", "timestamp": 1614468658104, "tick_direction": 3, "price": 0.32, "mark_price": 0.32027302, "iv": 116.56, "instrument_name": "BTC-26MAR21-32000-C", "index_price": 45363.38, "direction": "buy", "amount": 0.3}, {"trade_seq": 5868, "trade_id": "132294573", "timestamp": 1614468657328, "tick_direction": 3, "price": 0.32, "mark_price": 0.32021214, "iv": 116.65, "instrument_name": "BTC-26MAR21-32000-C", "index_price": 45360.31, "direction": "buy", "amount": 0.1}, {"trade_seq": 5867, "trade_id": "132294572", "timestamp": 1614468657219, "tick_direction": 3, "price": 0.32, "mark_price": 0.32021214, "iv": 116.65, "instrument_name": "BTC-26MAR21-32000-C", "index_price": 45360.31, "direction": "buy", "amount": 0.1}, {"trade_seq": 5866, "trade_id": "132294571", "timestamp": 1614468656915, "tick_direction": 3, "price": 0.32, "mark_price": 0.32021214, "iv": 116.78, "instrument_name": "BTC-26MAR21-32000-C", "index_price": 45360.31, "direction": "buy", "amount": 0.1}, {"trade_seq": 5865, "trade_id": "132294552", "timestamp": 1614468655786, "tick_direction": 3, "price": 0.32, "mark_price": 0.32014032, "iv": 116.94, "instrument_name": "BTC-26MAR21-32000-C", "index_price": 45350.43, "direction": "buy", "amount": 0.2}, {"trade_seq": 5864, "trade_id": "132294551", "timestamp": 1614468655526, "tick_direction": 3, "price": 0.32, "mark_price": 0.32014032, "iv": 116.94, "instrument_name": "BTC-26MAR21-32000-C", "index_price": 45350.43, "direction": "buy", "amount": 0.3}, {"trade_seq": 5863, "trade_id": "132294539", "timestamp": 1614468655013, "tick_direction": 3, "price": 0.32, "mark_price": 0.31986586, "iv": 116.94, "instrument_name": "BTC-26MAR21-32000-C", "index_price": 45350.43, "direction": "buy", "amount": 0.3}, {"trade_seq": 5862, "trade_id": "132294537", "timestamp": 1614468654812, "tick_direction": 3, "price": 0.32, "mark_price": 0.31986586, "iv": 117.55, "instrument_name": "BTC-26MAR21-32000-C", "index_price": 45328.81, "direction": "buy", "amount": 0.2}, {"trade_seq": 5861, "trade_id": "132294536", "timestamp": 1614468654811, "tick_direction": 3, "price": 0.32, "mark_price": 0.31986586, "iv": 117.55, "instrument_name": "BTC-26MAR21-32000-C", "index_price": 45328.81, "direction": "buy", "amount": 1.0}, {"trade_seq": 5860, "trade_id": "132294534", "timestamp": 1614468654637, "tick_direction": 3, "price": 0.32, "mark_price": 0.31986586, "iv": 117.55, "instrument_name": "BTC-26MAR21-32000-C", "index_price": 45328.81, "direction": "buy", "amount": 0.1}, {"trade_seq": 5859, "trade_id": "132294532", "timestamp": 1614468654280, "tick_direction": 3, "price": 0.32, "mark_price": 0.31967439, "iv": 117.55, "instrument_name": "BTC-26MAR21-32000-C", "index_price": 45328.81, "direction": "buy", "amount": 0.2}, {"trade_seq": 5858, "trade_id": "132294529", "timestamp": 1614468654040, "tick_direction": 3, "price": 0.32, "mark_price": 0.31967439, "iv": 117.56, "instrument_name": "BTC-26MAR21-32000-C", "index_price": 45328.81, "direction": "buy", "amount": 0.4}, {"trade_seq": 5857, "trade_id": "132294528", "timestamp": 1614468653908, "tick_direction": 3, "price": 0.32, "mark_price": 0.31967439, "iv": 117.56, "instrument_name": "BTC-26MAR21-32000-C", "index_price": 45328.81, "direction": "buy", "amount": 0.9}, {"trade_seq": 5856, "trade_id": "132294527", "timestamp": 1614468653870, "tick_direction": 3, "price": 0.32, "mark_price": 0.31967439, "iv": 117.96, "instrument_name": "BTC-26MAR21-32000-C", "index_price": 45313.3, "direction": "buy", "amount": 0.2}, {"trade_seq": 5855, "trade_id": "132294526", "timestamp": 1614468653799, "tick_direction": 3, "price": 0.32, "mark_price": 0.31967439, "iv": 117.96, "instrument_name": "BTC-26MAR21-32000-C", "index_price": 45313.3, "direction": "buy", "amount": 0.4}, {"trade_seq": 5854, "trade_id": "132294524", "timestamp": 1614468653629, "tick_direction": 3, "price": 0.32, "mark_price": 0.31967439, "iv": 117.96, "instrument_name": "BTC-26MAR21-32000-C", "index_price": 45313.3, "direction": "buy", "amount": 0.2}, {"trade_seq": 5853, "trade_id": "132294523", "timestamp": 1614468653291, "tick_direction": 3, "price": 0.32, "mark_price": 0.31961925, "iv": 117.96, "instrument_name": "BTC-26MAR21-32000-C", "index_price": 45313.3, "direction": "buy", "amount": 0.3}, {"trade_seq": 5852, "trade_id": "132294509", "timestamp": 1614468651753, "tick_direction": 3, "price": 0.32, "mark_price": 0.31961935, "iv": 118.08, "instrument_name": "BTC-26MAR21-32000-C", "index_price": 45311.82, "direction": "buy", "amount": 0.4}, {"trade_seq": 5851, "trade_id": "132294505", "timestamp": 1614468651322, "tick_direction": 3, "price": 0.32, "mark_price": 0.31958051, "iv": 118.08, "instrument_name": "BTC-26MAR21-32000-C", "index_price": 45311.82, "direction": "buy", "amount": 0.1}, {"trade_seq": 5850, "trade_id": "132294494", "timestamp": 1614468649610, "tick_direction": 3, "price": 0.32, "mark_price": 0.31902712, "iv": 119.35, "instrument_name": "BTC-26MAR21-32000-C", "index_price": 45304.22, "direction": "buy", "amount": 0.1}, {"trade_seq": 5849, "trade_id": "132294493", "timestamp": 1614468649517, "tick_direction": 3, "price": 0.32, "mark_price": 0.31902712, "iv": 119.35, "instrument_name": "BTC-26MAR21-32000-C", "index_price": 45304.22, "direction": "buy", "amount": 0.3}, {"trade_seq": 5848, "trade_id": "132294492", "timestamp": 1614468649385, "tick_direction": 3, "price": 0.32, "mark_price": 0.31897955, "iv": 119.35, "instrument_name": "BTC-26MAR21-32000-C", "index_price": 45304.22, "direction": "buy", "amount": 0.5}, {"trade_seq": 5847, "trade_id": "132294485", "timestamp": 1614468648901, "tick_direction": 3, "price": 0.32, "mark_price": 0.31897955, "iv": 119.35, "instrument_name": "BTC-26MAR21-32000-C", "index_price": 45304.22, "direction": "buy", "amount": 0.9}, {"trade_seq": 5846, "trade_id": "132294484", "timestamp": 1614468648896, "tick_direction": 3, "price": 0.32, "mark_price": 0.31897955, "iv": 119.35, "instrument_name": "BTC-26MAR21-32000-C", "index_price": 45304.22, "direction": "buy", "amount": 0.5}, {"trade_seq": 5845, "trade_id": "132294483", "timestamp": 1614468648710, "tick_direction": 3, "price": 0.32, "mark_price": 0.31897955, "iv": 119.35, "instrument_name": "BTC-26MAR21-32000-C", "index_price": 45267.7, "direction": "buy", "amount": 0.2}, {"trade_seq": 5844, "trade_id": "132294478", "timestamp": 1614468648565, "tick_direction": 2, "price": 0.32, "mark_price": 0.31897955, "iv": 119.35, "instrument_name": "BTC-26MAR21-32000-C", "index_price": 45267.7, "direction": "buy", "amount": 1.0}, {"trade_seq": 5843, "trade_id": "131747333", "timestamp": 1614318313530, "tick_direction": 3, "price": 0.34, "mark_price": 0.34007199, "iv": 129.56, "instrument_name": "BTC-26MAR21-32000-C", "index_price": 46168.92, "direction": "sell", "amount": 0.4}, {"trade_seq": 5842, "trade_id": "131747327", "timestamp": 1614318313151, "tick_direction": 2, "price": 0.34, "mark_price": 0.34007199, "iv": 129.56, "instrument_name": "BTC-26MAR21-32000-C", "index_price": 46168.92, "direction": "sell", "amount": 0.1}, {"trade_seq": 5841, "trade_id": "131453241", "timestamp": 1614264596276, "tick_direction": 2, "price": 0.394, "mark_price": 0.39239251, "iv": 129.25, "instrument_name": "BTC-26MAR21-32000-C", "index_price": 50762.88, "direction": "sell", "amount": 2.0}, {"trade_seq": 5840, "trade_id": "131418036", "timestamp": 1614257976993, "tick_direction": 1, "price": 0.4, "mark_price": 0.39977071, "iv": 125.16, "instrument_name": "BTC-26MAR21-32000-C", "index_price": 51403.56, "direction": "buy", "amount": 0.1}, {"trade_seq": 5839, "trade_id": "131416007", "timestamp": 1614257754672, "tick_direction": 0, "price": 0.4, "mark_price": 0.39956542, "iv": 125.77, "instrument_name": "BTC-26MAR21-32000-C", "index_price": 51358.39, "direction": "buy", "amount": 0.2}, {"trade_seq": 5838, "trade_id": "131287656", "timestamp": 1614212785182, "tick_direction": 1, "price": 0.3875, "mark_price": 0.38817282, "iv": 126.47, "instrument_name": "BTC-26MAR21-32000-C", "index_price": 50213.5, "direction": "buy", "amount": 0.1}, {"trade_seq": 5837, "trade_id": "131287640", "timestamp": 1614212781873, "tick_direction": 0, "price": 0.3875, "mark_price": 0.38802032, "iv": 126.62, "instrument_name": "BTC-26MAR21-32000-C", "index_price": 50217.91, "direction": "buy", "amount": 0.1}, {"trade_seq": 5836, "trade_id": "130979118", "timestamp": 1614126310167, "tick_direction": 3, "price": 0.36, "mark_price": 0.36062235, "iv": 131.8, "instrument_name": "BTC-26MAR21-32000-C", "index_price": 47172.71, "direction": "buy", "amount": 0.2}, {"trade_seq": 5835, "trade_id": "130979115", "timestamp": 1614126309962, "tick_direction": 2, "price": 0.36, "mark_price": 0.36025247, "iv": 131.8, "instrument_name": "BTC-26MAR21-32000-C", "index_price": 47172.71, "direction": "buy", "amount": 0.1}, {"trade_seq": 5834, "trade_id": "130955627", "timestamp": 1614119243174, "tick_direction": 0, "price": 0.375, "mark_price": 0.37277417, "iv": 138.68, "instrument_name": "BTC-26MAR21-32000-C", "index_price": 48180.34, "direction": "buy", "amount": 1.5}, {"trade_seq": 5833, "trade_id": "130404902", "timestamp": 1614068577951, "tick_direction": 2, "price": 0.371, "mark_price": 0.37188083, "iv": 126.82, "instrument_name": "BTC-26MAR21-32000-C", "index_price": 48286.56, "direction": "buy", "amount": 0.1}, {"trade_seq": 5832, "trade_id": "130373055", "timestamp": 1614065268987, "tick_direction": 2, "price": 0.394, "mark_price": 0.38952559, "iv": 142.5, "instrument_name": "BTC-26MAR21-32000-C", "index_price": 49684.42, "direction": "buy", "amount": 1.5}, {"trade_seq": 5831, "trade_id": "130067767", "timestamp": 1614018239609, "tick_direction": 1, "price": 0.4195, "mark_price": 0.4194995, "iv": 134.38, "instrument_name": "BTC-26MAR21-32000-C", "index_price": 52589.55, "direction": "buy", "amount": 0.6}, {"trade_seq": 5830, "trade_id": "130067766", "timestamp": 1614018239591, "tick_direction": 0, "price": 0.4195, "mark_price": 0.4194995, "iv": 134.38, "instrument_name": "BTC-26MAR21-32000-C", "index_price": 52589.55, "direction": "buy", "amount": 1.4}, {"trade_seq": 5829, "trade_id": "129961780", "timestamp": 1614005077833, "tick_direction": 2, "price": 0.416, "mark_price": 0.41668629, "iv": 131.91, "instrument_name": "BTC-26MAR21-32000-C", "index_price": 52285.68, "direction": "sell", "amount": 0.2}, {"trade_seq": 5828, "trade_id": "129828866", "timestamp": 1613996371724, "tick_direction": 2, "price": 0.425, "mark_price": 0.42881512, "iv": 124.06, "instrument_name": "BTC-26MAR21-32000-C", "index_price": 53232.57, "direction": "sell", "amount": 0.1}, {"trade_seq": 5827, "trade_id": "129648337", "timestamp": 1613954094743, "tick_direction": 2, "price": 0.463, "mark_price": 0.46192856, "iv": 136.22, "instrument_name": "BTC-26MAR21-32000-C", "index_price": 56888.87, "direction": "buy", "amount": 0.6}, {"trade_seq": 5826, "trade_id": "129591031", "timestamp": 1613933281206, "tick_direction": 0, "price": 0.475, "mark_price": 0.47524831, "iv": 133.08, "instrument_name": "BTC-26MAR21-32000-C", "index_price": 58006.2, "direction": "buy", "amount": 1.0}, {"trade_seq": 5825, "trade_id": "129580762", "timestamp": 1613930230711, "tick_direction": 0, "price": 0.47, "mark_price": 0.47090486, "iv": 130.05, "instrument_name": "BTC-26MAR21-32000-C", "index_price": 57590.56, "direction": "buy", "amount": 0.1}, {"trade_seq": 5824, "trade_id": "129576326", "timestamp": 1613928018451, "tick_direction": 0, "price": 0.4695, "mark_price": 0.47268882, "iv": 119.98, "instrument_name": "BTC-26MAR21-32000-C", "index_price": 57757.5, "direction": "buy", "amount": 0.1}, {"trade_seq": 5823, "trade_id": "129528838", "timestamp": 1613907675700, "tick_direction": 2, "price": 0.4645, "mark_price": 0.46804239, "iv": 115.16, "instrument_name": "BTC-26MAR21-32000-C", "index_price": 57301.99, "direction": "sell", "amount": 3.5}, {"trade_seq": 5822, "trade_id": "129522526", "timestamp": 1613904290264, "tick_direction": 0, "price": 0.469, "mark_price": 0.47083928, "iv": 125.42, "instrument_name": "BTC-26MAR21-32000-C", "index_price": 57666.85, "direction": "buy", "amount": 1.0}, {"trade_seq": 5821, "trade_id": "129512621", "timestamp": 1613902066087, "tick_direction": 1, "price": 0.463, "mark_price": 0.46409705, "iv": 126.87, "instrument_name": "BTC-26MAR21-32000-C", "index_price": 57013.37, "direction": "buy", "amount": 0.3}, {"trade_seq": 5820, "trade_id": "129512618", "timestamp": 1613902065764, "tick_direction": 1, "price": 0.463, "mark_price": 0.46401483, "iv": 126.87, "instrument_name": "BTC-26MAR21-32000-C", "index_price": 57013.37, "direction": "buy", "amount": 3.6}, {"trade_seq": 5819, "trade_id": "129512576", "timestamp": 1613902064832, "tick_direction": 1, "price": 0.463, "mark_price": 0.46395664, "iv": 127.22, "instrument_name": "BTC-26MAR21-32000-C", "index_price": 57003.82, "direction": "buy", "amount": 0.1}, {"trade_seq": 5818, "trade_id": "129512574", "timestamp": 1613902064714, "tick_direction": 1, "price": 0.463, "mark_price": 0.46395664, "iv": 127.22, "instrument_name": "BTC-26MAR21-32000-C", "index_price": 57003.82, "direction": "buy", "amount": 0.2}, {"trade_seq": 5817, "trade_id": "129512457", "timestamp": 1613902046503, "tick_direction": 1, "price": 0.463, "mark_price": 0.46388839, "iv": 127.66, "instrument_name": "BTC-26MAR21-32000-C", "index_price": 56991.2, "direction": "buy", "amount": 0.1}, {"trade_seq": 5816, "trade_id": "129512456", "timestamp": 1613902046378, "tick_direction": 1, "price": 0.463, "mark_price": 0.46388839, "iv": 127.66, "instrument_name": "BTC-26MAR21-32000-C", "index_price": 56991.2, "direction": "buy", "amount": 0.2}, {"trade_seq": 5815, "trade_id": "129512453", "timestamp": 1613902046083, "tick_direction": 1, "price": 0.463, "mark_price": 0.46388839, "iv": 127.71, "instrument_name": "BTC-26MAR21-32000-C", "index_price": 56989.75, "direction": "buy", "amount": 0.1}, {"trade_seq": 5814, "trade_id": "129512452", "timestamp": 1613902045966, "tick_direction": 1, "price": 0.463, "mark_price": 0.46388839, "iv": 127.71, "instrument_name": "BTC-26MAR21-32000-C", "index_price": 56989.75, "direction": "buy", "amount": 0.2}, {"trade_seq": 5813, "trade_id": "129512448", "timestamp": 1613902045099, "tick_direction": 1, "price": 0.463, "mark_price": 0.46380206, "iv": 128.06, "instrument_name": "BTC-26MAR21-32000-C", "index_price": 56982.39, "direction": "buy", "amount": 0.1}, {"trade_seq": 5812, "trade_id": "129512446", "timestamp": 1613902044912, "tick_direction": 0, "price": 0.463, "mark_price": 0.46380206, "iv": 128.06, "instrument_name": "BTC-26MAR21-32000-C", "index_price": 56982.39, "direction": "buy", "amount": 0.1}, {"trade_seq": 5811, "trade_id": "129512039", "timestamp": 1613902028551, "tick_direction": 1, "price": 0.462, "mark_price": 0.46304741, "iv": 127.07, "instrument_name": "BTC-26MAR21-32000-C", "index_price": 56902.43, "direction": "buy", "amount": 0.4}, {"trade_seq": 5810, "trade_id": "129512009", "timestamp": 1613902027504, "tick_direction": 1, "price": 0.462, "mark_price": 0.46299156, "iv": 127.3, "instrument_name": "BTC-26MAR21-32000-C", "index_price": 56896.89, "direction": "buy", "amount": 0.1}, {"trade_seq": 5809, "trade_id": "129512008", "timestamp": 1613902027373, "tick_direction": 1, "price": 0.462, "mark_price": 0.46295925, "iv": 127.3, "instrument_name": "BTC-26MAR21-32000-C", "index_price": 56896.89, "direction": "buy", "amount": 0.3}, {"trade_seq": 5808, "trade_id": "129512000", "timestamp": 1613902027105, "tick_direction": 1, "price": 0.462, "mark_price": 0.46295925, "iv": 127.3, "instrument_name": "BTC-26MAR21-32000-C", "index_price": 56896.89, "direction": "buy", "amount": 0.2}, {"trade_seq": 5807, "trade_id": "129511929", "timestamp": 1613902013876, "tick_direction": 1, "price": 0.462, "mark_price": 0.46279205, "iv": 128.1, "instrument_name": "BTC-26MAR21-32000-C", "index_price": 56874.91, "direction": "buy", "amount": 0.2}, {"trade_seq": 5806, "trade_id": "129511925", "timestamp": 1613902013562, "tick_direction": 1, "price": 0.462, "mark_price": 0.46279205, "iv": 128.1, "instrument_name": "BTC-26MAR21-32000-C", "index_price": 56874.91, "direction": "buy", "amount": 0.2}, {"trade_seq": 5805, "trade_id": "129511915", "timestamp": 1613902013338, "tick_direction": 1, "price": 0.462, "mark_price": 0.46279008, "iv": 128.1, "instrument_name": "BTC-26MAR21-32000-C", "index_price": 56874.91, "direction": "buy", "amount": 0.2}, {"trade_seq": 5804, "trade_id": "129511907", "timestamp": 1613902012032, "tick_direction": 1, "price": 0.462, "mark_price": 0.46278761, "iv": 128.1, "instrument_name": "BTC-26MAR21-32000-C", "index_price": 56875.04, "direction": "buy", "amount": 0.1}, {"trade_seq": 5803, "trade_id": "129511906", "timestamp": 1613902011963, "tick_direction": 1, "price": 0.462, "mark_price": 0.46278761, "iv": 128.11, "instrument_name": "BTC-26MAR21-32000-C", "index_price": 56875.13, "direction": "buy", "amount": 0.1}, {"trade_seq": 5802, "trade_id": "129511874", "timestamp": 1613902006110, "tick_direction": 1, "price": 0.462, "mark_price": 0.46217231, "iv": 129.35, "instrument_name": "BTC-26MAR21-32000-C", "index_price": 56842.62, "direction": "buy", "amount": 0.3}, {"trade_seq": 5801, "trade_id": "129511870", "timestamp": 1613902005986, "tick_direction": 1, "price": 0.462, "mark_price": 0.46217231, "iv": 129.35, "instrument_name": "BTC-26MAR21-32000-C", "index_price": 56842.62, "direction": "buy", "amount": 0.3}, {"trade_seq": 5800, "trade_id": "129511867", "timestamp": 1613902005874, "tick_direction": 1, "price": 0.462, "mark_price": 0.46217231, "iv": 130.47, "instrument_name": "BTC-26MAR21-32000-C", "index_price": 56810.72, "direction": "buy", "amount": 0.1}, {"trade_seq": 5799, "trade_id": "129510549", "timestamp": 1613901577510, "tick_direction": 1, "price": 0.462, "mark_price": 0.46240849, "iv": 129.64, "instrument_name": "BTC-26MAR21-32000-C", "index_price": 56839.34, "direction": "buy", "amount": 0.2}, {"trade_seq": 5798, "trade_id": "129510547", "timestamp": 1613901577427, "tick_direction": 1, "price": 0.462, "mark_price": 0.462404, "iv": 129.64, "instrument_name": "BTC-26MAR21-32000-C", "index_price": 56839.34, "direction": "buy", "amount": 0.3}, {"trade_seq": 5797, "trade_id": "129510542", "timestamp": 1613901577296, "tick_direction": 1, "price": 0.462, "mark_price": 0.462404, "iv": 129.64, "instrument_name": "BTC-26MAR21-32000-C", "index_price": 56839.34, "direction": "buy", "amount": 0.4}, {"trade_seq": 5796, "trade_id": "129510527", "timestamp": 1613901577166, "tick_direction": 1, "price": 0.462, "mark_price": 0.462404, "iv": 129.64, "instrument_name": "BTC-26MAR21-32000-C", "index_price": 56839.34, "direction": "buy", "amount": 0.3}, {"trade_seq": 5795, "trade_id": "129510507", "timestamp": 1613901576987, "tick_direction": 1, "price": 0.462, "mark_price": 0.462404, "iv": 129.64, "instrument_name": "BTC-26MAR21-32000-C", "index_price": 56839.34, "direction": "buy", "amount": 0.1}, {"trade_seq": 5794, "trade_id": "129510481", "timestamp": 1613901568802, "tick_direction": 1, "price": 0.462, "mark_price": 0.4623437, "iv": 129.88, "instrument_name": "BTC-26MAR21-32000-C", "index_price": 56838.28, "direction": "buy", "amount": 0.1}, {"trade_seq": 5793, "trade_id": "129510453", "timestamp": 1613901561875, "tick_direction": 1, "price": 0.462, "mark_price": 0.46217407, "iv": 130.38, "instrument_name": "BTC-26MAR21-32000-C", "index_price": 56826.18, "direction": "buy", "amount": 0.1}, {"trade_seq": 5792, "trade_id": "129510452", "timestamp": 1613901561778, "tick_direction": 1, "price": 0.462, "mark_price": 0.46217407, "iv": 130.38, "instrument_name": "BTC-26MAR21-32000-C", "index_price": 56826.18, "direction": "buy", "amount": 0.1}, {"trade_seq": 5791, "trade_id": "129510444", "timestamp": 1613901561570, "tick_direction": 1, "price": 0.462, "mark_price": 0.46217407, "iv": 130.38, "instrument_name": "BTC-26MAR21-32000-C", "index_price": 56826.18, "direction": "buy", "amount": 0.3}, {"trade_seq": 5790, "trade_id": "129510429", "timestamp": 1613901559739, "tick_direction": 1, "price": 0.462, "mark_price": 0.46212619, "iv": 130.55, "instrument_name": "BTC-26MAR21-32000-C", "index_price": 56822.24, "direction": "buy", "amount": 0.1}, {"trade_seq": 5789, "trade_id": "129510428", "timestamp": 1613901559697, "tick_direction": 1, "price": 0.462, "mark_price": 0.46212619, "iv": 130.55, "instrument_name": "BTC-26MAR21-32000-C", "index_price": 56822.24, "direction": "buy", "amount": 0.1}, {"trade_seq": 5788, "trade_id": "129510427", "timestamp": 1613901559569, "tick_direction": 1, "price": 0.462, "mark_price": 0.46212619, "iv": 130.55, "instrument_name": "BTC-26MAR21-32000-C", "index_price": 56822.24, "direction": "buy", "amount": 0.2}, {"trade_seq": 5787, "trade_id": "129510424", "timestamp": 1613901559461, "tick_direction": 1, "price": 0.462, "mark_price": 0.46212619, "iv": 130.72, "instrument_name": "BTC-26MAR21-32000-C", "index_price": 56818.47, "direction": "buy", "amount": 0.1}, {"trade_seq": 5786, "trade_id": "129510408", "timestamp": 1613901556111, "tick_direction": 0, "price": 0.462, "mark_price": 0.46213877, "iv": 130.72, "instrument_name": "BTC-26MAR21-32000-C", "index_price": 56815.99, "direction": "buy", "amount": 0.1}, {"trade_seq": 5785, "trade_id": "129412879", "timestamp": 1613860958036, "tick_direction": 3, "price": 0.435, "mark_price": 0.43652052, "iv": 121.31, "instrument_name": "BTC-26MAR21-32000-C", "index_price": 54394.45, "direction": "buy", "amount": 8.0}, {"trade_seq": 5784, "trade_id": "129412876", "timestamp": 1613860957974, "tick_direction": 3, "price": 0.435, "mark_price": 0.43652052, "iv": 121.31, "instrument_name": "BTC-26MAR21-32000-C", "index_price": 54394.45, "direction": "buy", "amount": 0.7}, {"trade_seq": 5783, "trade_id": "129412871", "timestamp": 1613860957832, "tick_direction": 3, "price": 0.435, "mark_price": 0.43646682, "iv": 121.31, "instrument_name": "BTC-26MAR21-32000-C", "index_price": 54394.45, "direction": "buy", "amount": 1.6}, {"trade_seq": 5782, "trade_id": "129412865", "timestamp": 1613860957651, "tick_direction": 3, "price": 0.435, "mark_price": 0.43646682, "iv": 121.31, "instrument_name": "BTC-26MAR21-32000-C", "index_price": 54394.45, "direction": "buy", "amount": 0.3}, {"trade_seq": 5781, "trade_id": "129412795", "timestamp": 1613860957267, "tick_direction": 3, "price": 0.435, "mark_price": 0.43646682, "iv": 121.31, "instrument_name": "BTC-26MAR21-32000-C", "index_price": 54394.45, "direction": "buy", "amount": 0.7}, {"trade_seq": 5780, "trade_id": "129412763", "timestamp": 1613860956858, "tick_direction": 3, "price": 0.435, "mark_price": 0.43615792, "iv": 121.51, "instrument_name": "BTC-26MAR21-32000-C", "index_price": 54377.8, "direction": "buy", "amount": 0.6}, {"trade_seq": 5779, "trade_id": "129412742", "timestamp": 1613860956432, "tick_direction": 3, "price": 0.435, "mark_price": 0.43615792, "iv": 121.51, "instrument_name": "BTC-26MAR21-32000-C", "index_price": 54377.8, "direction": "buy", "amount": 0.2}, {"trade_seq": 5778, "trade_id": "129412736", "timestamp": 1613860956264, "tick_direction": 3, "price": 0.435, "mark_price": 0.43615792, "iv": 121.51, "instrument_name": "BTC-26MAR21-32000-C", "index_price": 54377.8, "direction": "buy", "amount": 0.7}, {"trade_seq": 5777, "trade_id": "129412708", "timestamp": 1613860955664, "tick_direction": 3, "price": 0.435, "mark_price": 0.43614091, "iv": 122.6, "instrument_name": "BTC-26MAR21-32000-C", "index_price": 54369.23, "direction": "buy", "amount": 0.3}, {"trade_seq": 5776, "trade_id": "129412691", "timestamp": 1613860955245, "tick_direction": 3, "price": 0.435, "mark_price": 0.43614091, "iv": 122.6, "instrument_name": "BTC-26MAR21-32000-C", "index_price": 54369.23, "direction": "buy", "amount": 0.8}, {"trade_seq": 5775, "trade_id": "129412687", "timestamp": 1613860955117, "tick_direction": 3, "price": 0.435, "mark_price": 0.43614091, "iv": 122.6, "instrument_name": "BTC-26MAR21-32000-C", "index_price": 54369.23, "direction": "buy", "amount": 0.5}, {"trade_seq": 5774, "trade_id": "129412685", "timestamp": 1613860955092, "tick_direction": 3, "price": 0.435, "mark_price": 0.43614091, "iv": 122.6, "instrument_name": "BTC-26MAR21-32000-C", "index_price": 54369.23, "direction": "buy", "amount": 1.6}, {"trade_seq": 5773, "trade_id": "129412677", "timestamp": 1613860954995, "tick_direction": 2, "price": 0.435, "mark_price": 0.43614091, "iv": 122.67, "instrument_name": "BTC-26MAR21-32000-C", "index_price": 54345.86, "direction": "buy", "amount": 4.0}, {"trade_seq": 5772, "trade_id": "129379201", "timestamp": 1613850809336, "tick_direction": 3, "price": 0.464, "mark_price": 0.46442094, "iv": 127.61, "instrument_name": "BTC-26MAR21-32000-C", "index_price": 57055.25, "direction": "buy", "amount": 0.3}, {"trade_seq": 5771, "trade_id": "129379200", "timestamp": 1613850809291, "tick_direction": 2, "price": 0.464, "mark_price": 0.46442094, "iv": 127.61, "instrument_name": "BTC-26MAR21-32000-C", "index_price": 57055.25, "direction": "buy", "amount": 1.7}, {"trade_seq": 5770, "trade_id": "129296182", "timestamp": 1613825741738, "tick_direction": 0, "price": 0.468, "mark_price": 0.47042524, "iv": 122.44, "instrument_name": "BTC-26MAR21-32000-C", "index_price": 57372.96, "direction": "sell", "amount": 0.1}, {"trade_seq": 5769, "trade_id": "129273781", "timestamp": 1613817368788, "tick_direction": 3, "price": 0.455, "mark_price": 0.45590689, "iv": 126.16, "instrument_name": "BTC-26MAR21-32000-C", "index_price": 55864.37, "direction": "buy", "amount": 0.1}, {"trade_seq": 5768, "trade_id": "129273764", "timestamp": 1613817367254, "tick_direction": 3, "price": 0.455, "mark_price": 0.45590555, "iv": 126.17, "instrument_name": "BTC-26MAR21-32000-C", "index_price": 55864.95, "direction": "buy", "amount": 0.1}, {"trade_seq": 5767, "trade_id": "129273763", "timestamp": 1613817367188, "tick_direction": 3, "price": 0.455, "mark_price": 0.45590555, "iv": 126.17, "instrument_name": "BTC-26MAR21-32000-C", "index_price": 55864.95, "direction": "buy", "amount": 0.2}, {"trade_seq": 5766, "trade_id": "129273762", "timestamp": 1613817365618, "tick_direction": 3, "price": 0.455, "mark_price": 0.45589039, "iv": 126.23, "instrument_name": "BTC-26MAR21-32000-C", "index_price": 55863.42, "direction": "buy", "amount": 0.1}, {"trade_seq": 5765, "trade_id": "129273761", "timestamp": 1613817365537, "tick_direction": 3, "price": 0.455, "mark_price": 0.45589039, "iv": 126.23, "instrument_name": "BTC-26MAR21-32000-C", "index_price": 55863.42, "direction": "buy", "amount": 0.2}, {"trade_seq": 5764, "trade_id": "129273760", "timestamp": 1613817363141, "tick_direction": 3, "price": 0.455, "mark_price": 0.45590257, "iv": 126.18, "instrument_name": "BTC-26MAR21-32000-C", "index_price": 55864.68, "direction": "buy", "amount": 0.1}, {"trade_seq": 5763, "trade_id": "129273759", "timestamp": 1613817363060, "tick_direction": 3, "price": 0.455, "mark_price": 0.45591341, "iv": 126.18, "instrument_name": "BTC-26MAR21-32000-C", "index_price": 55864.68, "direction": "buy", "amount": 0.2}, {"trade_seq": 5762, "trade_id": "129273756", "timestamp": 1613817360361, "tick_direction": 3, "price": 0.455, "mark_price": 0.45587763, "iv": 126.26, "instrument_name": "BTC-26MAR21-32000-C", "index_price": 55862.25, "direction": "buy", "amount": 0.1}, {"trade_seq": 5761, "trade_id": "129273755", "timestamp": 1613817360328, "tick_direction": 3, "price": 0.455, "mark_price": 0.45587763, "iv": 126.26, "instrument_name": "BTC-26MAR21-32000-C", "index_price": 55862.25, "direction": "buy", "amount": 0.1}, {"trade_seq": 5760, "trade_id": "129273754", "timestamp": 1613817360255, "tick_direction": 3, "price": 0.455, "mark_price": 0.45587763, "iv": 126.26, "instrument_name": "BTC-26MAR21-32000-C", "index_price": 55862.25, "direction": "buy", "amount": 0.3}, {"trade_seq": 5759, "trade_id": "129273602", "timestamp": 1613817301964, "tick_direction": 3, "price": 0.455, "mark_price": 0.455974, "iv": 125.84, "instrument_name": "BTC-26MAR21-32000-C", "index_price": 55859.74, "direction": "buy", "amount": 0.1}, {"trade_seq": 5758, "trade_id": "129273599", "timestamp": 1613817301869, "tick_direction": 3, "price": 0.455, "mark_price": 0.455974, "iv": 125.84, "instrument_name": "BTC-26MAR21-32000-C", "index_price": 55859.74, "direction": "buy", "amount": 0.2}, {"trade_seq": 5757, "trade_id": "129273497", "timestamp": 1613817287916, "tick_direction": 3, "price": 0.455, "mark_price": 0.45581892, "iv": 126.54, "instrument_name": "BTC-26MAR21-32000-C", "index_price": 55831.37, "direction": "buy", "amount": 0.1}, {"trade_seq": 5756, "trade_id": "129273486", "timestamp": 1613817284732, "tick_direction": 3, "price": 0.455, "mark_price": 0.45567975, "iv": 127.1, "instrument_name": "BTC-26MAR21-32000-C", "index_price": 55812.27, "direction": "buy", "amount": 0.2}, {"trade_seq": 5755, "trade_id": "129273484", "timestamp": 1613817284604, "tick_direction": 3, "price": 0.455, "mark_price": 0.45567975, "iv": 127.1, "instrument_name": "BTC-26MAR21-32000-C", "index_price": 55812.27, "direction": "buy", "amount": 0.3}, {"trade_seq": 5754, "trade_id": "129273482", "timestamp": 1613817284508, "tick_direction": 3, "price": 0.455, "mark_price": 0.45567975, "iv": 127.1, "instrument_name": "BTC-26MAR21-32000-C", "index_price": 55812.27, "direction": "buy", "amount": 0.8}, {"trade_seq": 5753, "trade_id": "129273463", "timestamp": 1613817282520, "tick_direction": 3, "price": 0.455, "mark_price": 0.4556561, "iv": 127.13, "instrument_name": "BTC-26MAR21-32000-C", "index_price": 55809.94, "direction": "buy", "amount": 0.1}, {"trade_seq": 5752, "trade_id": "129273460", "timestamp": 1613817282436, "tick_direction": 3, "price": 0.455, "mark_price": 0.4556561, "iv": 127.13, "instrument_name": "BTC-26MAR21-32000-C", "index_price": 55809.94, "direction": "buy", "amount": 0.2}, {"trade_seq": 5751, "trade_id": "129273458", "timestamp": 1613817282298, "tick_direction": 3, "price": 0.455, "mark_price": 0.4556561, "iv": 127.13, "instrument_name": "BTC-26MAR21-32000-C", "index_price": 55809.94, "direction": "buy", "amount": 0.2}, {"trade_seq": 5750, "trade_id": "129273443", "timestamp": 1613817277977, "tick_direction": 3, "price": 0.455, "mark_price": 0.45554631, "iv": 127.64, "instrument_name": "BTC-26MAR21-32000-C", "index_price": 55792.24, "direction": "buy", "amount": 0.1}, {"trade_seq": 5749, "trade_id": "129273440", "timestamp": 1613817277479, "tick_direction": 3, "price": 0.455, "mark_price": 0.45554631, "iv": 127.64, "instrument_name": "BTC-26MAR21-32000-C", "index_price": 55792.24, "direction": "buy", "amount": 0.2}, {"trade_seq": 5748, "trade_id": "129273439", "timestamp": 1613817277431, "tick_direction": 3, "price": 0.455, "mark_price": 0.45554631, "iv": 127.64, "instrument_name": "BTC-26MAR21-32000-C", "index_price": 55792.24, "direction": "buy", "amount": 0.2}, {"trade_seq": 5747, "trade_id": "129273426", "timestamp": 1613817276347, "tick_direction": 3, "price": 0.455, "mark_price": 0.45549687, "iv": 127.61, "instrument_name": "BTC-26MAR21-32000-C", "index_price": 55788.05, "direction": "buy", "amount": 0.1}, {"trade_seq": 5746, "trade_id": "129273422", "timestamp": 1613817275860, "tick_direction": 3, "price": 0.455, "mark_price": 0.45550313, "iv": 127.79, "instrument_name": "BTC-26MAR21-32000-C", "index_price": 55782.24, "direction": "buy", "amount": 0.1}, {"trade_seq": 5745, "trade_id": "129273418", "timestamp": 1613817275662, "tick_direction": 3, "price": 0.455, "mark_price": 0.45550313, "iv": 127.79, "instrument_name": "BTC-26MAR21-32000-C", "index_price": 55782.24, "direction": "buy", "amount": 0.2}, {"trade_seq": 5744, "trade_id": "129273406", "timestamp": 1613817270977, "tick_direction": 3, "price": 0.455, "mark_price": 0.45551161, "iv": 127.76, "instrument_name": "BTC-26MAR21-32000-C", "index_price": 55779.45, "direction": "buy", "amount": 0.1}, {"trade_seq": 5743, "trade_id": "129273404", "timestamp": 1613817270793, "tick_direction": 3, "price": 0.455, "mark_price": 0.45551161, "iv": 127.76, "instrument_name": "BTC-26MAR21-32000-C", "index_price": 55779.45, "direction": "buy", "amount": 0.1}, {"trade_seq": 5742, "trade_id": "129273358", "timestamp": 1613817264219, "tick_direction": 3, "price": 0.455, "mark_price": 0.45546426, "iv": 127.63, "instrument_name": "BTC-26MAR21-32000-C", "index_price": 55778.89, "direction": "buy", "amount": 0.1}, {"trade_seq": 5741, "trade_id": "129273355", "timestamp": 1613817264091, "tick_direction": 3, "price": 0.455, "mark_price": 0.45546426, "iv": 127.91, "instrument_name": "BTC-26MAR21-32000-C", "index_price": 55769.35, "direction": "buy", "amount": 0.2}, {"trade_seq": 5740, "trade_id": "129273354", "timestamp": 1613817264005, "tick_direction": 3, "price": 0.455, "mark_price": 0.45546426, "iv": 127.91, "instrument_name": "BTC-26MAR21-32000-C", "index_price": 55769.35, "direction": "buy", "amount": 0.1}, {"trade_seq": 5739, "trade_id": "129273204", "timestamp": 1613817228934, "tick_direction": 3, "price": 0.455, "mark_price": 0.45490979, "iv": 129.81, "instrument_name": "BTC-26MAR21-32000-C", "index_price": 55733.14, "direction": "buy", "amount": 0.2}, {"trade_seq": 5738, "trade_id": "129273203", "timestamp": 1613817228808, "tick_direction": 3, "price": 0.455, "mark_price": 0.45489039, "iv": 129.81, "instrument_name": "BTC-26MAR21-32000-C", "index_price": 55722.18, "direction": "buy", "amount": 0.1}, {"trade_seq": 5737, "trade_id": "129273198", "timestamp": 1613817228686, "tick_direction": 3, "price": 0.455, "mark_price": 0.45489039, "iv": 129.81, "instrument_name": "BTC-26MAR21-32000-C", "index_price": 55722.18, "direction": "buy", "amount": 0.1}, {"trade_seq": 5736, "trade_id": "129273181", "timestamp": 1613817228303, "tick_direction": 3, "price": 0.455, "mark_price": 0.45489039, "iv": 129.81, "instrument_name": "BTC-26MAR21-32000-C", "index_price": 55722.18, "direction": "buy", "amount": 0.2}, {"trade_seq": 5735, "trade_id": "129273180", "timestamp": 1613817228261, "tick_direction": 2, "price": 0.455, "mark_price": 0.45489039, "iv": 129.81, "instrument_name": "BTC-26MAR21-32000-C", "index_price": 55722.18, "direction": "buy", "amount": 0.2}, {"trade_seq": 5734, "trade_id": "129208233", "timestamp": 1613787048487, "tick_direction": 0, "price": 0.457, "mark_price": 0.45996413, "iv": 122.41, "instrument_name": "BTC-26MAR21-32000-C", "index_price": 56267.62, "direction": "sell", "amount": 0.5}, {"trade_seq": 5733, "trade_id": "129134291", "timestamp": 1613767153665, "tick_direction": 0, "price": 0.4545, "mark_price": 0.45458059, "iv": 130.67, "instrument_name": "BTC-26MAR21-32000-C", "index_price": 55413.98, "direction": "buy", "amount": 0.1}, {"trade_seq": 5732, "trade_id": "129118915", "timestamp": 1613762212087, "tick_direction": 0, "price": 0.452, "mark_price": 0.45238991, "iv": 128.67, "instrument_name": "BTC-26MAR21-32000-C", "index_price": 55170.23, "direction": "buy", "amount": 0.2}, {"trade_seq": 5731, "trade_id": "129105914", "timestamp": 1613760743974, "tick_direction": 0, "price": 0.451, "mark_price": 0.45151101, "iv": 127.59, "instrument_name": "BTC-26MAR21-32000-C", "index_price": 55078.24, "direction": "buy", "amount": 0.1}, {"trade_seq": 5730, "trade_id": "129101013", "timestamp": 1613759643848, "tick_direction": 1, "price": 0.45, "mark_price": 0.45090814, "iv": 126.27, "instrument_name": "BTC-26MAR21-32000-C", "index_price": 54966.15, "direction": "buy", "amount": 0.1}, {"trade_seq": 5729, "trade_id": "129100993", "timestamp": 1613759639933, "tick_direction": 1, "price": 0.45, "mark_price": 0.45083599, "iv": 126.51, "instrument_name": "BTC-26MAR21-32000-C", "index_price": 54960.77, "direction": "buy", "amount": 0.1}, {"trade_seq": 5728, "trade_id": "129100989", "timestamp": 1613759638861, "tick_direction": 1, "price": 0.45, "mark_price": 0.4507786, "iv": 126.71, "instrument_name": "BTC-26MAR21-32000-C", "index_price": 54955.72, "direction": "buy", "amount": 0.1}, {"trade_seq": 5727, "trade_id": "129100979", "timestamp": 1613759636832, "tick_direction": 1, "price": 0.45, "mark_price": 0.45062223, "iv": 127.24, "instrument_name": "BTC-26MAR21-32000-C", "index_price": 54940.73, "direction": "buy", "amount": 0.1}, {"trade_seq": 5726, "trade_id": "129100978", "timestamp": 1613759636748, "tick_direction": 1, "price": 0.45, "mark_price": 0.45062223, "iv": 127.24, "instrument_name": "BTC-26MAR21-32000-C", "index_price": 54940.73, "direction": "buy", "amount": 0.2}, {"trade_seq": 5725, "trade_id": "129100977", "timestamp": 1613759636546, "tick_direction": 1, "price": 0.45, "mark_price": 0.4505941, "iv": 127.24, "instrument_name": "BTC-26MAR21-32000-C", "index_price": 54940.73, "direction": "buy", "amount": 0.1}, {"trade_seq": 5724, "trade_id": "129100976", "timestamp": 1613759636455, "tick_direction": 0, "price": 0.45, "mark_price": 0.4505941, "iv": 127.24, "instrument_name": "BTC-26MAR21-32000-C", "index_price": 54940.73, "direction": "buy", "amount": 0.3}, {"trade_seq": 5723, "trade_id": "128969491", "timestamp": 1613722850553, "tick_direction": 0, "price": 0.4225, "mark_price": 0.41990993, "iv": 132.5, "instrument_name": "BTC-26MAR21-32000-C", "index_price": 51774.26, "direction": "buy", "amount": 0.1}, {"trade_seq": 5722, "trade_id": "128863998", "timestamp": 1613674693635, "tick_direction": 3, "price": 0.4205, "mark_price": 0.42104548, "iv": 125.08, "instrument_name": "BTC-26MAR21-32000-C", "index_price": 51843.29, "direction": "sell", "amount": 0.1}, {"trade_seq": 5721, "trade_id": "128863987", "timestamp": 1613674688980, "tick_direction": 3, "price": 0.4205, "mark_price": 0.42106686, "iv": 125.01, "instrument_name": "BTC-26MAR21-32000-C", "index_price": 51844.15, "direction": "sell", "amount": 0.1}, {"trade_seq": 5720, "trade_id": "128863979", "timestamp": 1613674686695, "tick_direction": 3, "price": 0.4205, "mark_price": 0.42106061, "iv": 125.04, "instrument_name": "BTC-26MAR21-32000-C", "index_price": 51842.07, "direction": "sell", "amount": 0.1}, {"trade_seq": 5719, "trade_id": "128863975", "timestamp": 1613674684386, "tick_direction": 3, "price": 0.4205, "mark_price": 0.42106045, "iv": 125.04, "instrument_name": "BTC-26MAR21-32000-C", "index_price": 51841.32, "direction": "sell", "amount": 0.1}, {"trade_seq": 5718, "trade_id": "128863944", "timestamp": 1613674673265, "tick_direction": 3, "price": 0.4205, "mark_price": 0.42110595, "iv": 124.92, "instrument_name": "BTC-26MAR21-32000-C", "index_price": 51844.12, "direction": "sell", "amount": 0.1}, {"trade_seq": 5717, "trade_id": "128863942", "timestamp": 1613674673183, "tick_direction": 2, "price": 0.4205, "mark_price": 0.42110595, "iv": 124.92, "instrument_name": "BTC-26MAR21-32000-C", "index_price": 51844.12, "direction": "sell", "amount": 0.1}, {"trade_seq": 5716, "trade_id": "128862430", "timestamp": 1613673963190, "tick_direction": 0, "price": 0.4225, "mark_price": 0.42301263, "iv": 125.19, "instrument_name": "BTC-26MAR21-32000-C", "index_price": 52004.7, "direction": "sell", "amount": 0.2}, {"trade_seq": 5715, "trade_id": "128845918", "timestamp": 1613666721955, "tick_direction": 0, "price": 0.4215, "mark_price": 0.42049567, "iv": 128.33, "instrument_name": "BTC-26MAR21-32000-C", "index_price": 51818.72, "direction": "buy", "amount": 0.5}, {"trade_seq": 5714, "trade_id": "128824354", "timestamp": 1613660870105, "tick_direction": 3, "price": 0.421, "mark_price": 0.42076723, "iv": 125.62, "instrument_name": "BTC-26MAR21-32000-C", "index_price": 51863.93, "direction": "sell", "amount": 0.1}, {"trade_seq": 5713, "trade_id": "128824336", "timestamp": 1613660866805, "tick_direction": 2, "price": 0.421, "mark_price": 0.42082141, "iv": 125.29, "instrument_name": "BTC-26MAR21-32000-C", "index_price": 51875.68, "direction": "sell", "amount": 0.2}, {"trade_seq": 5712, "trade_id": "128817521", "timestamp": 1613659390008, "tick_direction": 0, "price": 0.424, "mark_price": 0.42381392, "iv": 124.89, "instrument_name": "BTC-26MAR21-32000-C", "index_price": 52157.27, "direction": "sell", "amount": 0.1}, {"trade_seq": 5711, "trade_id": "128796600", "timestamp": 1613652277802, "tick_direction": 3, "price": 0.417, "mark_price": 0.41657027, "iv": 125.05, "instrument_name": "BTC-26MAR21-32000-C", "index_price": 51459.73, "direction": "buy", "amount": 0.1}, {"trade_seq": 5710, "trade_id": "128796598", "timestamp": 1613652277741, "tick_direction": 3, "price": 0.417, "mark_price": 0.41657027, "iv": 125.05, "instrument_name": "BTC-26MAR21-32000-C", "index_price": 51459.73, "direction": "buy", "amount": 0.3}, {"trade_seq": 5709, "trade_id": "128796562", "timestamp": 1613652277508, "tick_direction": 2, "price": 0.417, "mark_price": 0.41657027, "iv": 125.05, "instrument_name": "BTC-26MAR21-32000-C", "index_price": 51459.73, "direction": "buy", "amount": 0.6}, {"trade_seq": 5708, "trade_id": "128657528", "timestamp": 1613596276291, "tick_direction": 1, "price": 0.4245, "mark_price": 0.42412418, "iv": 124.5, "instrument_name": "BTC-26MAR21-32000-C", "index_price": 52259.73, "direction": "sell", "amount": 0.1}, {"trade_seq": 5707, "trade_id": "128657525", "timestamp": 1613596276254, "tick_direction": 1, "price": 0.4245, "mark_price": 0.42412418, "iv": 124.5, "instrument_name": "BTC-26MAR21-32000-C", "index_price": 52259.73, "direction": "sell", "amount": 0.1}, {"trade_seq": 5706, "trade_id": "128657422", "timestamp": 1613596261669, "tick_direction": 1, "price": 0.4245, "mark_price": 0.42388501, "iv": 124.89, "instrument_name": "BTC-26MAR21-32000-C", "index_price": 52250.7, "direction": "sell", "amount": 0.1}, {"trade_seq": 5705, "trade_id": "128657363", "timestamp": 1613596197633, "tick_direction": 0, "price": 0.4245, "mark_price": 0.42390933, "iv": 124.81, "instrument_name": "BTC-26MAR21-32000-C", "index_price": 52251.84, "direction": "sell", "amount": 0.1}, {"trade_seq": 5704, "trade_id": "128628755", "timestamp": 1613588496870, "tick_direction": 0, "price": 0.4165, "mark_price": 0.41673871, "iv": 122.51, "instrument_name": "BTC-26MAR21-32000-C", "index_price": 51412.21, "direction": "sell", "amount": 0.1}, {"trade_seq": 5703, "trade_id": "128620445", "timestamp": 1613585113236, "tick_direction": 2, "price": 0.416, "mark_price": 0.41605835, "iv": 123.33, "instrument_name": "BTC-26MAR21-32000-C", "index_price": 51326.63, "direction": "sell", "amount": 0.3}, {"trade_seq": 5702, "trade_id": "128619862", "timestamp": 1613584956288, "tick_direction": 0, "price": 0.4175, "mark_price": 0.41691117, "iv": 124.26, "instrument_name": "BTC-26MAR21-32000-C", "index_price": 51421.28, "direction": "buy", "amount": 0.2}, {"trade_seq": 5701, "trade_id": "128615854", "timestamp": 1613583398944, "tick_direction": 1, "price": 0.4135, "mark_price": 0.41409665, "iv": 122.09, "instrument_name": "BTC-26MAR21-32000-C", "index_price": 51143.26, "direction": "sell", "amount": 0.1}, {"trade_seq": 5700, "trade_id": "128615853", "timestamp": 1613583398900, "tick_direction": 1, "price": 0.4135, "mark_price": 0.41409665, "iv": 122.1, "instrument_name": "BTC-26MAR21-32000-C", "index_price": 51151.12, "direction": "sell", "amount": 0.1}, {"trade_seq": 5699, "trade_id": "128615847", "timestamp": 1613583398793, "tick_direction": 0, "price": 0.4135, "mark_price": 0.41409665, "iv": 122.1, "instrument_name": "BTC-26MAR21-32000-C", "index_price": 51151.12, "direction": "sell", "amount": 0.1}, {"trade_seq": 5698, "trade_id": "128607840", "timestamp": 1613580414448, "tick_direction": 3, "price": 0.4125, "mark_price": 0.41340121, "iv": 122.49, "instrument_name": "BTC-26MAR21-32000-C", "index_price": 51083.27, "direction": "sell", "amount": 0.1}, {"trade_seq": 5697, "trade_id": "128606749", "timestamp": 1613579833694, "tick_direction": 2, "price": 0.4125, "mark_price": 0.4129079, "iv": 122.87, "instrument_name": "BTC-26MAR21-32000-C", "index_price": 51053.86, "direction": "sell", "amount": 0.2}, {"trade_seq": 5696, "trade_id": "128587535", "timestamp": 1613575306610, "tick_direction": 3, "price": 0.417, "mark_price": 0.41770084, "iv": 123.06, "instrument_name": "BTC-26MAR21-32000-C", "index_price": 51264.47, "direction": "sell", "amount": 0.1}, {"trade_seq": 5695, "trade_id": "128587531", "timestamp": 1613575306056, "tick_direction": 3, "price": 0.417, "mark_price": 0.41770084, "iv": 122.67, "instrument_name": "BTC-26MAR21-32000-C", "index_price": 51270.23, "direction": "sell", "amount": 0.1}, {"trade_seq": 5694, "trade_id": "128587530", "timestamp": 1613575306013, "tick_direction": 2, "price": 0.417, "mark_price": 0.41770647, "iv": 122.67, "instrument_name": "BTC-26MAR21-32000-C", "index_price": 51270.23, "direction": "sell", "amount": 0.2}, {"trade_seq": 5693, "trade_id": "128585177", "timestamp": 1613574625129, "tick_direction": 0, "price": 0.4195, "mark_price": 0.41935999, "iv": 124.81, "instrument_name": "BTC-26MAR21-32000-C", "index_price": 51456.63, "direction": "sell", "amount": 0.2}, {"trade_seq": 5692, "trade_id": "128562731", "timestamp": 1613567991998, "tick_direction": 3, "price": 0.415, "mark_price": 0.41512396, "iv": 123.83, "instrument_name": "BTC-26MAR21-32000-C", "index_price": 51007.1, "direction": "buy", "amount": 0.2}, {"trade_seq": 5691, "trade_id": "128562730", "timestamp": 1613567991948, "tick_direction": 3, "price": 0.415, "mark_price": 0.41512396, "iv": 123.83, "instrument_name": "BTC-26MAR21-32000-C", "index_price": 51007.1, "direction": "buy", "amount": 0.8}, {"trade_seq": 5690, "trade_id": "128554595", "timestamp": 1613566069786, "tick_direction": 2, "price": 0.415, "mark_price": 0.41496085, "iv": 124.31, "instrument_name": "BTC-26MAR21-32000-C", "index_price": 50971.06, "direction": "sell", "amount": 0.1}, {"trade_seq": 5689, "trade_id": "128524286", "timestamp": 1613556134805, "tick_direction": 0, "price": 0.42, "mark_price": 0.42024057, "iv": 122.84, "instrument_name": "BTC-26MAR21-32000-C", "index_price": 51579.58, "direction": "buy", "amount": 0.1}, {"trade_seq": 5688, "trade_id": "128523639", "timestamp": 1613555935222, "tick_direction": 0, "price": 0.419, "mark_price": 0.41987148, "iv": 121.24, "instrument_name": "BTC-26MAR21-32000-C", "index_price": 51565.46, "direction": "buy", "amount": 0.2}, {"trade_seq": 5687, "trade_id": "128356125", "timestamp": 1613516031519, "tick_direction": 1, "price": 0.383, "mark_price": 0.38516005, "iv": 118.75, "instrument_name": "BTC-26MAR21-32000-C", "index_price": 48939.77, "direction": "buy", "amount": 0.1}, {"trade_seq": 5686, "trade_id": "128356120", "timestamp": 1613516031133, "tick_direction": 1, "price": 0.383, "mark_price": 0.38516005, "iv": 118.75, "instrument_name": "BTC-26MAR21-32000-C", "index_price": 48939.77, "direction": "buy", "amount": 4.0}, {"trade_seq": 5685, "trade_id": "128356119", "timestamp": 1613516031123, "tick_direction": 1, "price": 0.383, "mark_price": 0.38516005, "iv": 118.75, "instrument_name": "BTC-26MAR21-32000-C", "index_price": 48939.77, "direction": "buy", "amount": 8.1}, {"trade_seq": 5684, "trade_id": "128356114", "timestamp": 1613516030574, "tick_direction": 1, "price": 0.383, "mark_price": 0.38515555, "iv": 118.79, "instrument_name": "BTC-26MAR21-32000-C", "index_price": 48938.35, "direction": "buy", "amount": 4.0}, {"trade_seq": 5683, "trade_id": "128356112", "timestamp": 1613516030567, "tick_direction": 1, "price": 0.383, "mark_price": 0.38515555, "iv": 118.79, "instrument_name": "BTC-26MAR21-32000-C", "index_price": 48938.35, "direction": "buy", "amount": 0.2}, {"trade_seq": 5682, "trade_id": "128356109", "timestamp": 1613516030442, "tick_direction": 1, "price": 0.383, "mark_price": 0.38515555, "iv": 118.79, "instrument_name": "BTC-26MAR21-32000-C", "index_price": 48938.35, "direction": "buy", "amount": 1.4}, {"trade_seq": 5681, "trade_id": "128356108", "timestamp": 1613516030305, "tick_direction": 1, "price": 0.383, "mark_price": 0.38515555, "iv": 118.79, "instrument_name": "BTC-26MAR21-32000-C", "index_price": 48938.35, "direction": "buy", "amount": 4.9}, {"trade_seq": 5680, "trade_id": "128356107", "timestamp": 1613516030296, "tick_direction": 1, "price": 0.383, "mark_price": 0.38515555, "iv": 118.79, "instrument_name": "BTC-26MAR21-32000-C", "index_price": 48938.35, "direction": "buy", "amount": 4.0}, {"trade_seq": 5679, "trade_id": "128356106", "timestamp": 1613516030294, "tick_direction": 0, "price": 0.383, "mark_price": 0.38515555, "iv": 118.79, "instrument_name": "BTC-26MAR21-32000-C", "index_price": 48938.35, "direction": "buy", "amount": 13.3}, {"trade_seq": 5678, "trade_id": "128346201", "timestamp": 1613510418682, "tick_direction": 2, "price": 0.375, "mark_price": 0.38006227, "iv": 113.15, "instrument_name": "BTC-26MAR21-32000-C", "index_price": 48454.7, "direction": "buy", "amount": 7.0}, {"trade_seq": 5677, "trade_id": "128332105", "timestamp": 1613504781072, "tick_direction": 0, "price": 0.3845, "mark_price": 0.3844192, "iv": 124.28, "instrument_name": "BTC-26MAR21-32000-C", "index_price": 48769.78, "direction": "sell", "amount": 0.2}, {"trade_seq": 5676, "trade_id": "128331765", "timestamp": 1613504741570, "tick_direction": 0, "price": 0.3835, "mark_price": 0.38293279, "iv": 124.89, "instrument_name": "BTC-26MAR21-32000-C", "index_price": 48655.85, "direction": "sell", "amount": 0.2}, {"trade_seq": 5675, "trade_id": "128331627", "timestamp": 1613504701100, "tick_direction": 2, "price": 0.3825, "mark_price": 0.38217098, "iv": 124.45, "instrument_name": "BTC-26MAR21-32000-C", "index_price": 48585.65, "direction": "buy", "amount": 0.3}, {"trade_seq": 5674, "trade_id": "128331585", "timestamp": 1613504692676, "tick_direction": 0, "price": 0.383, "mark_price": 0.38251665, "iv": 124.75, "instrument_name": "BTC-26MAR21-32000-C", "index_price": 48615.55, "direction": "sell", "amount": 0.3}, {"trade_seq": 5673, "trade_id": "128318466", "timestamp": 1613499222420, "tick_direction": 3, "price": 0.374, "mark_price": 0.37573944, "iv": 121.44, "instrument_name": "BTC-26MAR21-32000-C", "index_price": 47944.56, "direction": "buy", "amount": 2.0}, {"trade_seq": 5672, "trade_id": "128318464", "timestamp": 1613499222125, "tick_direction": 2, "price": 0.374, "mark_price": 0.37573944, "iv": 121.44, "instrument_name": "BTC-26MAR21-32000-C", "index_price": 47940.3, "direction": "buy", "amount": 1.0}, {"trade_seq": 5671, "trade_id": "128318463", "timestamp": 1613499222121, "tick_direction": 3, "price": 0.3745, "mark_price": 0.37573944, "iv": 122.37, "instrument_name": "BTC-26MAR21-32000-C", "index_price": 47940.3, "direction": "sell", "amount": 1.0}, {"trade_seq": 5670, "trade_id": "128317055", "timestamp": 1613499032055, "tick_direction": 3, "price": 0.3745, "mark_price": 0.37575318, "iv": 123.36, "instrument_name": "BTC-26MAR21-32000-C", "index_price": 47909.8, "direction": "sell", "amount": 1.0}, {"trade_seq": 5669, "trade_id": "128317054", "timestamp": 1613499032037, "tick_direction": 2, "price": 0.3745, "mark_price": 0.37575318, "iv": 123.36, "instrument_name": "BTC-26MAR21-32000-C", "index_price": 47909.8, "direction": "sell", "amount": 1.0}, {"trade_seq": 5668, "trade_id": "128299023", "timestamp": 1613494768320, "tick_direction": 3, "price": 0.38, "mark_price": 0.38025797, "iv": 124.68, "instrument_name": "BTC-26MAR21-32000-C", "index_price": 48297.08, "direction": "sell", "amount": 0.1}, {"trade_seq": 5667, "trade_id": "128299012", "timestamp": 1613494768166, "tick_direction": 2, "price": 0.38, "mark_price": 0.38025797, "iv": 124.68, "instrument_name": "BTC-26MAR21-32000-C", "index_price": 48297.08, "direction": "sell", "amount": 0.1}, {"trade_seq": 5666, "trade_id": "128285882", "timestamp": 1613492015735, "tick_direction": 3, "price": 0.392, "mark_price": 0.39202373, "iv": 125.25, "instrument_name": "BTC-26MAR21-32000-C", "index_price": 49187.13, "direction": "buy", "amount": 0.1}, {"trade_seq": 5665, "trade_id": "128285818", "timestamp": 1613491986389, "tick_direction": 3, "price": 0.392, "mark_price": 0.39194093, "iv": 125.37, "instrument_name": "BTC-26MAR21-32000-C", "index_price": 49196.58, "direction": "buy", "amount": 0.1}, {"trade_seq": 5664, "trade_id": "128285817", "timestamp": 1613491986252, "tick_direction": 2, "price": 0.392, "mark_price": 0.39194093, "iv": 125.37, "instrument_name": "BTC-26MAR21-32000-C", "index_price": 49196.58, "direction": "buy", "amount": 0.1}, {"trade_seq": 5663, "trade_id": "128238567", "timestamp": 1613480041056, "tick_direction": 3, "price": 0.397, "mark_price": 0.39548864, "iv": 126.2, "instrument_name": "BTC-26MAR21-32000-C", "index_price": 49446.91, "direction": "sell", "amount": 0.3}, {"trade_seq": 5662, "trade_id": "128238566", "timestamp": 1613480041048, "tick_direction": 3, "price": 0.397, "mark_price": 0.39548864, "iv": 126.2, "instrument_name": "BTC-26MAR21-32000-C", "index_price": 49446.91, "direction": "sell", "amount": 0.1}, {"trade_seq": 5661, "trade_id": "128238565", "timestamp": 1613480040922, "tick_direction": 3, "price": 0.397, "mark_price": 0.39548864, "iv": 126.2, "instrument_name": "BTC-26MAR21-32000-C", "index_price": 49446.91, "direction": "sell", "amount": 0.1}, {"trade_seq": 5660, "trade_id": "128238564", "timestamp": 1613480040892, "tick_direction": 3, "price": 0.397, "mark_price": 0.39548864, "iv": 126.2, "instrument_name": "BTC-26MAR21-32000-C", "index_price": 49446.91, "direction": "sell", "amount": 0.1}, {"trade_seq": 5659, "trade_id": "128238563", "timestamp": 1613480040772, "tick_direction": 3, "price": 0.397, "mark_price": 0.39548864, "iv": 126.2, "instrument_name": "BTC-26MAR21-32000-C", "index_price": 49446.91, "direction": "sell", "amount": 0.1}, {"trade_seq": 5658, "trade_id": "128238562", "timestamp": 1613480040709, "tick_direction": 3, "price": 0.397, "mark_price": 0.39548864, "iv": 126.2, "instrument_name": "BTC-26MAR21-32000-C", "index_price": 49446.91, "direction": "sell", "amount": 0.1}, {"trade_seq": 5657, "trade_id": "128238561", "timestamp": 1613480040595, "tick_direction": 3, "price": 0.397, "mark_price": 0.39548864, "iv": 126.2, "instrument_name": "BTC-26MAR21-32000-C", "index_price": 49446.91, "direction": "sell", "amount": 0.3}, {"trade_seq": 5656, "trade_id": "128238540", "timestamp": 1613480039675, "tick_direction": 3, "price": 0.397, "mark_price": 0.39555257, "iv": 125.92, "instrument_name": "BTC-26MAR21-32000-C", "index_price": 49459.1, "direction": "sell", "amount": 0.3}, {"trade_seq": 5655, "trade_id": "128238539", "timestamp": 1613480039569, "tick_direction": 3, "price": 0.397, "mark_price": 0.39555257, "iv": 125.92, "instrument_name": "BTC-26MAR21-32000-C", "index_price": 49459.1, "direction": "sell", "amount": 0.1}, {"trade_seq": 5654, "trade_id": "128238503", "timestamp": 1613480039385, "tick_direction": 3, "price": 0.397, "mark_price": 0.39555257, "iv": 125.92, "instrument_name": "BTC-26MAR21-32000-C", "index_price": 49459.1, "direction": "sell", "amount": 0.1}, {"trade_seq": 5653, "trade_id": "128238497", "timestamp": 1613480038631, "tick_direction": 3, "price": 0.397, "mark_price": 0.39567315, "iv": 125.79, "instrument_name": "BTC-26MAR21-32000-C", "index_price": 49466.26, "direction": "sell", "amount": 0.1}, {"trade_seq": 5652, "trade_id": "128238493", "timestamp": 1613480037959, "tick_direction": 3, "price": 0.397, "mark_price": 0.39571203, "iv": 125.55, "instrument_name": "BTC-26MAR21-32000-C", "index_price": 49479.37, "direction": "sell", "amount": 0.1}, {"trade_seq": 5651, "trade_id": "128238489", "timestamp": 1613480037862, "tick_direction": 2, "price": 0.397, "mark_price": 0.39571203, "iv": 125.55, "instrument_name": "BTC-26MAR21-32000-C", "index_price": 49479.37, "direction": "sell", "amount": 0.2}, {"trade_seq": 5650, "trade_id": "128208440", "timestamp": 1613478635530, "tick_direction": 0, "price": 0.4065, "mark_price": 0.40433963, "iv": 126.0, "instrument_name": "BTC-26MAR21-32000-C", "index_price": 50130.92, "direction": "buy", "amount": 0.1}, {"trade_seq": 5649, "trade_id": "128059311", "timestamp": 1613445350983, "tick_direction": 1, "price": 0.385, "mark_price": 0.38543828, "iv": 119.94, "instrument_name": "BTC-26MAR21-32000-C", "index_price": 48640.11, "direction": "buy", "amount": 0.3}, {"trade_seq": 5648, "trade_id": "128059310", "timestamp": 1613445350925, "tick_direction": 1, "price": 0.385, "mark_price": 0.38543828, "iv": 119.94, "instrument_name": "BTC-26MAR21-32000-C", "index_price": 48640.11, "direction": "buy", "amount": 0.1}, {"trade_seq": 5647, "trade_id": "128059307", "timestamp": 1613445350861, "tick_direction": 1, "price": 0.385, "mark_price": 0.38543828, "iv": 119.94, "instrument_name": "BTC-26MAR21-32000-C", "index_price": 48640.11, "direction": "buy", "amount": 0.1}, {"trade_seq": 5646, "trade_id": "128059299", "timestamp": 1613445350641, "tick_direction": 1, "price": 0.385, "mark_price": 0.38536992, "iv": 120.33, "instrument_name": "BTC-26MAR21-32000-C", "index_price": 48622.84, "direction": "buy", "amount": 0.3}, {"trade_seq": 5645, "trade_id": "128059278", "timestamp": 1613445350417, "tick_direction": 0, "price": 0.385, "mark_price": 0.38536992, "iv": 120.33, "instrument_name": "BTC-26MAR21-32000-C", "index_price": 48622.84, "direction": "buy", "amount": 0.2}, {"trade_seq": 5644, "trade_id": "127969472", "timestamp": 1613410992763, "tick_direction": 0, "price": 0.384, "mark_price": 0.38426521, "iv": 119.11, "instrument_name": "BTC-26MAR21-32000-C", "index_price": 48602.47, "direction": "buy", "amount": 0.1}, {"trade_seq": 5643, "trade_id": "127957281", "timestamp": 1613406471129, "tick_direction": 1, "price": 0.383, "mark_price": 0.38309472, "iv": 118.88, "instrument_name": "BTC-26MAR21-32000-C", "index_price": 48492.56, "direction": "buy", "amount": 0.2}, {"trade_seq": 5642, "trade_id": "127957280", "timestamp": 1613406471044, "tick_direction": 1, "price": 0.383, "mark_price": 0.38309472, "iv": 118.88, "instrument_name": "BTC-26MAR21-32000-C", "index_price": 48492.56, "direction": "buy", "amount": 0.1}, {"trade_seq": 5641, "trade_id": "127957090", "timestamp": 1613406356751, "tick_direction": 1, "price": 0.383, "mark_price": 0.38301388, "iv": 119.02, "instrument_name": "BTC-26MAR21-32000-C", "index_price": 48490.37, "direction": "buy", "amount": 0.2}, {"trade_seq": 5640, "trade_id": "127956876", "timestamp": 1613406303608, "tick_direction": 1, "price": 0.383, "mark_price": 0.38297186, "iv": 119.01, "instrument_name": "BTC-26MAR21-32000-C", "index_price": 48496.69, "direction": "buy", "amount": 0.1}, {"trade_seq": 5639, "trade_id": "127956875", "timestamp": 1613406303497, "tick_direction": 1, "price": 0.383, "mark_price": 0.38297186, "iv": 119.01, "instrument_name": "BTC-26MAR21-32000-C", "index_price": 48496.69, "direction": "buy", "amount": 0.1}, {"trade_seq": 5638, "trade_id": "127956859", "timestamp": 1613406302726, "tick_direction": 1, "price": 0.383, "mark_price": 0.38297186, "iv": 119.17, "instrument_name": "BTC-26MAR21-32000-C", "index_price": 48490.34, "direction": "buy", "amount": 0.1}, {"trade_seq": 5637, "trade_id": "127956846", "timestamp": 1613406301875, "tick_direction": 1, "price": 0.383, "mark_price": 0.38275468, "iv": 119.6, "instrument_name": "BTC-26MAR21-32000-C", "index_price": 48484.47, "direction": "buy", "amount": 0.1}, {"trade_seq": 5636, "trade_id": "127956840", "timestamp": 1613406301758, "tick_direction": 0, "price": 0.383, "mark_price": 0.38275468, "iv": 119.6, "instrument_name": "BTC-26MAR21-32000-C", "index_price": 48484.47, "direction": "buy", "amount": 0.1}, {"trade_seq": 5635, "trade_id": "127953735", "timestamp": 1613405892801, "tick_direction": 1, "price": 0.382, "mark_price": 0.38206439, "iv": 118.93, "instrument_name": "BTC-26MAR21-32000-C", "index_price": 48420.93, "direction": "buy", "amount": 0.2}, {"trade_seq": 5634, "trade_id": "127953708", "timestamp": 1613405891686, "tick_direction": 1, "price": 0.382, "mark_price": 0.38171698, "iv": 119.61, "instrument_name": "BTC-26MAR21-32000-C", "index_price": 48401.45, "direction": "buy", "amount": 0.1}, {"trade_seq": 5633, "trade_id": "127953669", "timestamp": 1613405891302, "tick_direction": 1, "price": 0.382, "mark_price": 0.3816732, "iv": 119.61, "instrument_name": "BTC-26MAR21-32000-C", "index_price": 48401.45, "direction": "buy", "amount": 0.1}, {"trade_seq": 5632, "trade_id": "127953666", "timestamp": 1613405891208, "tick_direction": 1, "price": 0.382, "mark_price": 0.3816732, "iv": 119.61, "instrument_name": "BTC-26MAR21-32000-C", "index_price": 48401.45, "direction": "buy", "amount": 0.2}, {"trade_seq": 5631, "trade_id": "127953648", "timestamp": 1613405891030, "tick_direction": 1, "price": 0.382, "mark_price": 0.3816732, "iv": 119.69, "instrument_name": "BTC-26MAR21-32000-C", "index_price": 48379.22, "direction": "buy", "amount": 0.2}, {"trade_seq": 5630, "trade_id": "127953644", "timestamp": 1613405890974, "tick_direction": 1, "price": 0.382, "mark_price": 0.3816732, "iv": 119.69, "instrument_name": "BTC-26MAR21-32000-C", "index_price": 48379.22, "direction": "buy", "amount": 0.1}, {"trade_seq": 5629, "trade_id": "127953626", "timestamp": 1613405890555, "tick_direction": 0, "price": 0.382, "mark_price": 0.3816732, "iv": 119.69, "instrument_name": "BTC-26MAR21-32000-C", "index_price": 48379.22, "direction": "buy", "amount": 0.1}, {"trade_seq": 5628, "trade_id": "127953456", "timestamp": 1613405887466, "tick_direction": 1, "price": 0.381, "mark_price": 0.38093581, "iv": 119.18, "instrument_name": "BTC-26MAR21-32000-C", "index_price": 48323.03, "direction": "buy", "amount": 0.1}, {"trade_seq": 5627, "trade_id": "127953454", "timestamp": 1613405887363, "tick_direction": 1, "price": 0.381, "mark_price": 0.38093581, "iv": 119.18, "instrument_name": "BTC-26MAR21-32000-C", "index_price": 48323.03, "direction": "buy", "amount": 0.1}, {"trade_seq": 5626, "trade_id": "127953444", "timestamp": 1613405887247, "tick_direction": 1, "price": 0.381, "mark_price": 0.38068857, "iv": 119.18, "instrument_name": "BTC-26MAR21-32000-C", "index_price": 48323.03, "direction": "buy", "amount": 0.3}, {"trade_seq": 5625, "trade_id": "127953436", "timestamp": 1613405886961, "tick_direction": 0, "price": 0.381, "mark_price": 0.38068857, "iv": 119.56, "instrument_name": "BTC-26MAR21-32000-C", "index_price": 48304.29, "direction": "buy", "amount": 0.5}, {"trade_seq": 5624, "trade_id": "127953270", "timestamp": 1613405885707, "tick_direction": 1, "price": 0.3805, "mark_price": 0.3802879, "iv": 119.47, "instrument_name": "BTC-26MAR21-32000-C", "index_price": 48279.31, "direction": "buy", "amount": 0.2}, {"trade_seq": 5623, "trade_id": "127953255", "timestamp": 1613405885570, "tick_direction": 1, "price": 0.3805, "mark_price": 0.3802879, "iv": 119.47, "instrument_name": "BTC-26MAR21-32000-C", "index_price": 48279.31, "direction": "buy", "amount": 0.1}, {"trade_seq": 5622, "trade_id": "127953249", "timestamp": 1613405885512, "tick_direction": 1, "price": 0.3805, "mark_price": 0.3802879, "iv": 119.47, "instrument_name": "BTC-26MAR21-32000-C", "index_price": 48279.31, "direction": "buy", "amount": 0.1}, {"trade_seq": 5621, "trade_id": "127953227", "timestamp": 1613405885030, "tick_direction": 1, "price": 0.3805, "mark_price": 0.38004583, "iv": 119.47, "instrument_name": "BTC-26MAR21-32000-C", "index_price": 48279.31, "direction": "buy", "amount": 0.1}, {"trade_seq": 5620, "trade_id": "127953224", "timestamp": 1613405884953, "tick_direction": 1, "price": 0.3805, "mark_price": 0.38004583, "iv": 119.93, "instrument_name": "BTC-26MAR21-32000-C", "index_price": 48268.96, "direction": "buy", "amount": 0.2}, {"trade_seq": 5619, "trade_id": "127953218", "timestamp": 1613405884820, "tick_direction": 1, "price": 0.3805, "mark_price": 0.38004583, "iv": 119.93, "instrument_name": "BTC-26MAR21-32000-C", "index_price": 48268.96, "direction": "buy", "amount": 0.1}, {"trade_seq": 5618, "trade_id": "127953201", "timestamp": 1613405884584, "tick_direction": 0, "price": 0.3805, "mark_price": 0.38004583, "iv": 119.93, "instrument_name": "BTC-26MAR21-32000-C", "index_price": 48268.96, "direction": "buy", "amount": 0.1}, {"trade_seq": 5617, "trade_id": "127939882", "timestamp": 1613401169785, "tick_direction": 2, "price": 0.37, "mark_price": 0.3723158, "iv": 114.94, "instrument_name": "BTC-26MAR21-32000-C", "index_price": 47611.65, "direction": "buy", "amount": 0.1}, {"trade_seq": 5616, "trade_id": "127939303", "timestamp": 1613400968399, "tick_direction": 2, "price": 0.372, "mark_price": 0.37354906, "iv": 116.41, "instrument_name": "BTC-26MAR21-32000-C", "index_price": 47728.66, "direction": "buy", "amount": 0.1}, {"trade_seq": 5615, "trade_id": "127922667", "timestamp": 1613394909537, "tick_direction": 0, "price": 0.3805, "mark_price": 0.38011622, "iv": 119.29, "instrument_name": "BTC-26MAR21-32000-C", "index_price": 48243.77, "direction": "buy", "amount": 0.1}, {"trade_seq": 5614, "trade_id": "127826588", "timestamp": 1613363547262, "tick_direction": 3, "price": 0.3395, "mark_price": 0.35910094, "iv": 73.18, "instrument_name": "BTC-26MAR21-32000-C", "index_price": 46590.58, "direction": "sell", "amount": 2.0}, {"trade_seq": 5613, "trade_id": "127826587", "timestamp": 1613363547262, "tick_direction": 2, "price": 0.3395, "mark_price": 0.35910094, "iv": 73.18, "instrument_name": "BTC-26MAR21-32000-C", "index_price": 46590.58, "direction": "sell", "amount": 6.0}, {"trade_seq": 5612, "trade_id": "127763914", "timestamp": 1613355561178, "tick_direction": 3, "price": 0.365, "mark_price": 0.3662493, "iv": 119.07, "instrument_name": "BTC-26MAR21-32000-C", "index_price": 47081.68, "direction": "sell", "amount": 0.2}, {"trade_seq": 5611, "trade_id": "127763907", "timestamp": 1613355561054, "tick_direction": 3, "price": 0.365, "mark_price": 0.3662493, "iv": 118.46, "instrument_name": "BTC-26MAR21-32000-C", "index_price": 47109.44, "direction": "sell", "amount": 0.1}, {"trade_seq": 5610, "trade_id": "127763900", "timestamp": 1613355560932, "tick_direction": 3, "price": 0.365, "mark_price": 0.3662493, "iv": 118.46, "instrument_name": "BTC-26MAR21-32000-C", "index_price": 47109.44, "direction": "sell", "amount": 0.2}, {"trade_seq": 5609, "trade_id": "127763874", "timestamp": 1613355560725, "tick_direction": 3, "price": 0.365, "mark_price": 0.3662493, "iv": 118.46, "instrument_name": "BTC-26MAR21-32000-C", "index_price": 47109.44, "direction": "sell", "amount": 0.2}, {"trade_seq": 5608, "trade_id": "127763868", "timestamp": 1613355560616, "tick_direction": 3, "price": 0.365, "mark_price": 0.3662493, "iv": 118.46, "instrument_name": "BTC-26MAR21-32000-C", "index_price": 47109.44, "direction": "sell", "amount": 0.1}, {"trade_seq": 5607, "trade_id": "127763857", "timestamp": 1613355560578, "tick_direction": 3, "price": 0.365, "mark_price": 0.3662493, "iv": 118.46, "instrument_name": "BTC-26MAR21-32000-C", "index_price": 47109.44, "direction": "sell", "amount": 0.1}, {"trade_seq": 5606, "trade_id": "127763845", "timestamp": 1613355560521, "tick_direction": 3, "price": 0.365, "mark_price": 0.3662493, "iv": 118.46, "instrument_name": "BTC-26MAR21-32000-C", "index_price": 47109.44, "direction": "sell", "amount": 0.1}, {"trade_seq": 5605, "trade_id": "127763832", "timestamp": 1613355560447, "tick_direction": 3, "price": 0.365, "mark_price": 0.3662493, "iv": 118.46, "instrument_name": "BTC-26MAR21-32000-C", "index_price": 47109.44, "direction": "sell", "amount": 0.1}, {"trade_seq": 5604, "trade_id": "127763825", "timestamp": 1613355560367, "tick_direction": 3, "price": 0.365, "mark_price": 0.36644264, "iv": 118.46, "instrument_name": "BTC-26MAR21-32000-C", "index_price": 47109.44, "direction": "sell", "amount": 0.1}, {"trade_seq": 5603, "trade_id": "127763814", "timestamp": 1613355560263, "tick_direction": 3, "price": 0.365, "mark_price": 0.36644264, "iv": 118.46, "instrument_name": "BTC-26MAR21-32000-C", "index_price": 47109.44, "direction": "sell", "amount": 0.1}, {"trade_seq": 5602, "trade_id": "127763812", "timestamp": 1613355560216, "tick_direction": 3, "price": 0.365, "mark_price": 0.36644264, "iv": 118.46, "instrument_name": "BTC-26MAR21-32000-C", "index_price": 47109.44, "direction": "sell", "amount": 0.1}, {"trade_seq": 5601, "trade_id": "127763788", "timestamp": 1613355560012, "tick_direction": 3, "price": 0.365, "mark_price": 0.36644264, "iv": 118.12, "instrument_name": "BTC-26MAR21-32000-C", "index_price": 47121.37, "direction": "sell", "amount": 0.1}, {"trade_seq": 5600, "trade_id": "127763787", "timestamp": 1613355559949, "tick_direction": 3, "price": 0.365, "mark_price": 0.36644264, "iv": 118.12, "instrument_name": "BTC-26MAR21-32000-C", "index_price": 47121.37, "direction": "sell", "amount": 0.1}, {"trade_seq": 5599, "trade_id": "127763710", "timestamp": 1613355558849, "tick_direction": 3, "price": 0.365, "mark_price": 0.36660231, "iv": 117.84, "instrument_name": "BTC-26MAR21-32000-C", "index_price": 47127.72, "direction": "sell", "amount": 0.2}, {"trade_seq": 5598, "trade_id": "127763695", "timestamp": 1613355558434, "tick_direction": 3, "price": 0.365, "mark_price": 0.36660231, "iv": 117.84, "instrument_name": "BTC-26MAR21-32000-C", "index_price": 47127.72, "direction": "sell", "amount": 0.1}, {"trade_seq": 5597, "trade_id": "127763687", "timestamp": 1613355558069, "tick_direction": 2, "price": 0.365, "mark_price": 0.36698999, "iv": 117.16, "instrument_name": "BTC-26MAR21-32000-C", "index_price": 47144.93, "direction": "sell", "amount": 0.1}, {"trade_seq": 5596, "trade_id": "127673899", "timestamp": 1613320534280, "tick_direction": 2, "price": 0.39, "mark_price": 0.39023764, "iv": 122.07, "instrument_name": "BTC-26MAR21-32000-C", "index_price": 48803.59, "direction": "buy", "amount": 0.1}, {"trade_seq": 5595, "trade_id": "127600499", "timestamp": 1613298039375, "tick_direction": 3, "price": 0.395, "mark_price": 0.397227, "iv": 118.0, "instrument_name": "BTC-26MAR21-32000-C", "index_price": 49166.62, "direction": "buy", "amount": 0.1}, {"trade_seq": 5594, "trade_id": "127600272", "timestamp": 1613297916118, "tick_direction": 2, "price": 0.395, "mark_price": 0.39775535, "iv": 116.83, "instrument_name": "BTC-26MAR21-32000-C", "index_price": 49200.16, "direction": "buy", "amount": 0.1}, {"trade_seq": 5593, "trade_id": "127550803", "timestamp": 1613282494420, "tick_direction": 1, "price": 0.4, "mark_price": 0.40024552, "iv": 122.86, "instrument_name": "BTC-26MAR21-32000-C", "index_price": 49301.67, "direction": "buy", "amount": 0.1}, {"trade_seq": 5592, "trade_id": "127550796", "timestamp": 1613282494132, "tick_direction": 0, "price": 0.4, "mark_price": 0.40024552, "iv": 122.86, "instrument_name": "BTC-26MAR21-32000-C", "index_price": 49301.67, "direction": "buy", "amount": 0.1}, {"trade_seq": 5591, "trade_id": "127477180", "timestamp": 1613243973754, "tick_direction": 0, "price": 0.37, "mark_price": 0.36947196, "iv": 122.06, "instrument_name": "BTC-26MAR21-32000-C", "index_price": 47053.38, "direction": "buy", "amount": 2.0}, {"trade_seq": 5590, "trade_id": "127402329", "timestamp": 1613214678102, "tick_direction": 3, "price": 0.3635, "mark_price": 0.36266364, "iv": 122.59, "instrument_name": "BTC-26MAR21-32000-C", "index_price": 46429.53, "direction": "sell", "amount": 0.1}, {"trade_seq": 5589, "trade_id": "127402321", "timestamp": 1613214677735, "tick_direction": 3, "price": 0.3635, "mark_price": 0.36266364, "iv": 122.59, "instrument_name": "BTC-26MAR21-32000-C", "index_price": 46429.53, "direction": "sell", "amount": 0.1}, {"trade_seq": 5588, "trade_id": "127402320", "timestamp": 1613214677649, "tick_direction": 3, "price": 0.3635, "mark_price": 0.36266364, "iv": 122.59, "instrument_name": "BTC-26MAR21-32000-C", "index_price": 46429.53, "direction": "sell", "amount": 0.1}, {"trade_seq": 5587, "trade_id": "127402279", "timestamp": 1613214676237, "tick_direction": 3, "price": 0.3635, "mark_price": 0.36270387, "iv": 122.57, "instrument_name": "BTC-26MAR21-32000-C", "index_price": 46434.78, "direction": "sell", "amount": 0.1}, {"trade_seq": 5586, "trade_id": "127402264", "timestamp": 1613214675614, "tick_direction": 3, "price": 0.3635, "mark_price": 0.36270387, "iv": 122.53, "instrument_name": "BTC-26MAR21-32000-C", "index_price": 46436.55, "direction": "sell", "amount": 0.1}, {"trade_seq": 5585, "trade_id": "127402255", "timestamp": 1613214675276, "tick_direction": 3, "price": 0.3635, "mark_price": 0.36275519, "iv": 122.53, "instrument_name": "BTC-26MAR21-32000-C", "index_price": 46436.55, "direction": "sell", "amount": 0.1}, {"trade_seq": 5584, "trade_id": "127402253", "timestamp": 1613214674972, "tick_direction": 3, "price": 0.3635, "mark_price": 0.36275519, "iv": 122.45, "instrument_name": "BTC-26MAR21-32000-C", "index_price": 46437.75, "direction": "sell", "amount": 0.1}, {"trade_seq": 5583, "trade_id": "127402228", "timestamp": 1613214673045, "tick_direction": 3, "price": 0.3635, "mark_price": 0.36294434, "iv": 122.16, "instrument_name": "BTC-26MAR21-32000-C", "index_price": 46447.51, "direction": "sell", "amount": 0.1}, {"trade_seq": 5582, "trade_id": "127402227", "timestamp": 1613214672894, "tick_direction": 3, "price": 0.3635, "mark_price": 0.36294434, "iv": 122.16, "instrument_name": "BTC-26MAR21-32000-C", "index_price": 46447.51, "direction": "sell", "amount": 0.1}, {"trade_seq": 5581, "trade_id": "127401953", "timestamp": 1613214652869, "tick_direction": 2, "price": 0.3635, "mark_price": 0.36303082, "iv": 122.19, "instrument_name": "BTC-26MAR21-32000-C", "index_price": 46453.77, "direction": "sell", "amount": 0.1}, {"trade_seq": 5580, "trade_id": "127361927", "timestamp": 1613201853344, "tick_direction": 3, "price": 0.3655, "mark_price": 0.37603988, "iv": 102.35, "instrument_name": "BTC-26MAR21-32000-C", "index_price": 47375.13, "direction": "buy", "amount": 2.0}, {"trade_seq": 5579, "trade_id": "127361926", "timestamp": 1613201853343, "tick_direction": 2, "price": 0.3655, "mark_price": 0.37603988, "iv": 102.35, "instrument_name": "BTC-26MAR21-32000-C", "index_price": 47375.13, "direction": "buy", "amount": 11.0}, {"trade_seq": 5578, "trade_id": "127361565", "timestamp": 1613201804318, "tick_direction": 3, "price": 0.377, "mark_price": 0.37680487, "iv": 122.15, "instrument_name": "BTC-26MAR21-32000-C", "index_price": 47429.94, "direction": "sell", "amount": 0.3}, {"trade_seq": 5577, "trade_id": "127361516", "timestamp": 1613201802612, "tick_direction": 3, "price": 0.377, "mark_price": 0.37685592, "iv": 122.05, "instrument_name": "BTC-26MAR21-32000-C", "index_price": 47434.92, "direction": "sell", "amount": 0.1}, {"trade_seq": 5576, "trade_id": "127361488", "timestamp": 1613201801152, "tick_direction": 3, "price": 0.377, "mark_price": 0.37699308, "iv": 121.88, "instrument_name": "BTC-26MAR21-32000-C", "index_price": 47442.4, "direction": "sell", "amount": 0.1}, {"trade_seq": 5575, "trade_id": "127361413", "timestamp": 1613201778878, "tick_direction": 3, "price": 0.377, "mark_price": 0.3768361, "iv": 122.12, "instrument_name": "BTC-26MAR21-32000-C", "index_price": 47435.94, "direction": "sell", "amount": 0.1}, {"trade_seq": 5574, "trade_id": "127361391", "timestamp": 1613201776468, "tick_direction": 3, "price": 0.377, "mark_price": 0.37703923, "iv": 121.74, "instrument_name": "BTC-26MAR21-32000-C", "index_price": 47454.03, "direction": "sell", "amount": 0.1}, {"trade_seq": 5573, "trade_id": "127360941", "timestamp": 1613201724874, "tick_direction": 3, "price": 0.377, "mark_price": 0.3771804, "iv": 121.6, "instrument_name": "BTC-26MAR21-32000-C", "index_price": 47474.74, "direction": "sell", "amount": 0.1}, {"trade_seq": 5572, "trade_id": "127360940", "timestamp": 1613201724805, "tick_direction": 2, "price": 0.377, "mark_price": 0.3771804, "iv": 121.6, "instrument_name": "BTC-26MAR21-32000-C", "index_price": 47474.74, "direction": "sell", "amount": 0.2}, {"trade_seq": 5571, "trade_id": "127039152", "timestamp": 1613093258533, "tick_direction": 2, "price": 0.382, "mark_price": 0.38440079, "iv": 119.86, "instrument_name": "BTC-26MAR21-32000-C", "index_price": 48066.2, "direction": "sell", "amount": 5.0}, {"trade_seq": 5570, "trade_id": "127007920", "timestamp": 1613087921764, "tick_direction": 0, "price": 0.385, "mark_price": 0.38488786, "iv": 123.98, "instrument_name": "BTC-26MAR21-32000-C", "index_price": 48067.05, "direction": "buy", "amount": 0.1}, {"trade_seq": 5569, "trade_id": "126991182", "timestamp": 1613079935468, "tick_direction": 3, "price": 0.37, "mark_price": 0.37025453, "iv": 122.25, "instrument_name": "BTC-26MAR21-32000-C", "index_price": 46800.58, "direction": "buy", "amount": 0.1}, {"trade_seq": 5568, "trade_id": "126983709", "timestamp": 1613078636868, "tick_direction": 3, "price": 0.37, "mark_price": 0.37169558, "iv": 119.9, "instrument_name": "BTC-26MAR21-32000-C", "index_price": 46952.48, "direction": "sell", "amount": 0.4}, {"trade_seq": 5567, "trade_id": "126983686", "timestamp": 1613078636658, "tick_direction": 3, "price": 0.37, "mark_price": 0.37169558, "iv": 119.9, "instrument_name": "BTC-26MAR21-32000-C", "index_price": 46952.48, "direction": "sell", "amount": 0.3}, {"trade_seq": 5566, "trade_id": "126983679", "timestamp": 1613078636584, "tick_direction": 2, "price": 0.37, "mark_price": 0.37194061, "iv": 119.9, "instrument_name": "BTC-26MAR21-32000-C", "index_price": 46952.48, "direction": "sell", "amount": 0.3}, {"trade_seq": 5565, "trade_id": "126983464", "timestamp": 1613078635036, "tick_direction": 3, "price": 0.371, "mark_price": 0.37202867, "iv": 120.95, "instrument_name": "BTC-26MAR21-32000-C", "index_price": 46997.88, "direction": "sell", "amount": 0.2}, {"trade_seq": 5564, "trade_id": "126983460", "timestamp": 1613078634983, "tick_direction": 3, "price": 0.371, "mark_price": 0.37202867, "iv": 120.95, "instrument_name": "BTC-26MAR21-32000-C", "index_price": 46997.88, "direction": "sell", "amount": 0.5}, {"trade_seq": 5563, "trade_id": "126983437", "timestamp": 1613078634855, "tick_direction": 2, "price": 0.371, "mark_price": 0.37202867, "iv": 120.95, "instrument_name": "BTC-26MAR21-32000-C", "index_price": 46997.88, "direction": "sell", "amount": 0.3}, {"trade_seq": 5562, "trade_id": "126925524", "timestamp": 1613063678778, "tick_direction": 2, "price": 0.372, "mark_price": 0.37209652, "iv": 121.3, "instrument_name": "BTC-26MAR21-32000-C", "index_price": 46974.14, "direction": "sell", "amount": 0.2}, {"trade_seq": 5561, "trade_id": "126921642", "timestamp": 1613063297913, "tick_direction": 0, "price": 0.378, "mark_price": 0.37768367, "iv": 121.92, "instrument_name": "BTC-26MAR21-32000-C", "index_price": 47481.86, "direction": "sell", "amount": 1.0}, {"trade_seq": 5560, "trade_id": "126881016", "timestamp": 1613052988651, "tick_direction": 0, "price": 0.376, "mark_price": 0.37664443, "iv": 119.39, "instrument_name": "BTC-26MAR21-32000-C", "index_price": 47427.82, "direction": "sell", "amount": 1.0}, {"trade_seq": 5559, "trade_id": "126878934", "timestamp": 1613052534061, "tick_direction": 2, "price": 0.375, "mark_price": 0.37523079, "iv": 120.09, "instrument_name": "BTC-26MAR21-32000-C", "index_price": 47321.57, "direction": "sell", "amount": 1.0}, {"trade_seq": 5558, "trade_id": "126878079", "timestamp": 1613052410068, "tick_direction": 1, "price": 0.38, "mark_price": 0.37593686, "iv": 126.82, "instrument_name": "BTC-26MAR21-32000-C", "index_price": 47398.21, "direction": "sell", "amount": 1.0}, {"trade_seq": 5557, "trade_id": "126850534", "timestamp": 1613049655269, "tick_direction": 1, "price": 0.38, "mark_price": 0.37917367, "iv": 120.75, "instrument_name": "BTC-26MAR21-32000-C", "index_price": 47987.44, "direction": "buy", "amount": 0.1}, {"trade_seq": 5556, "trade_id": "126850533", "timestamp": 1613049655269, "tick_direction": 1, "price": 0.38, "mark_price": 0.37917367, "iv": 120.75, "instrument_name": "BTC-26MAR21-32000-C", "index_price": 47987.44, "direction": "buy", "amount": 0.1}, {"trade_seq": 5555, "trade_id": "126850491", "timestamp": 1613049655119, "tick_direction": 1, "price": 0.38, "mark_price": 0.37917367, "iv": 120.75, "instrument_name": "BTC-26MAR21-32000-C", "index_price": 47987.44, "direction": "buy", "amount": 0.4}, {"trade_seq": 5554, "trade_id": "126850478", "timestamp": 1613049654893, "tick_direction": 1, "price": 0.38, "mark_price": 0.37917367, "iv": 120.75, "instrument_name": "BTC-26MAR21-32000-C", "index_price": 47987.44, "direction": "buy", "amount": 0.3}, {"trade_seq": 5553, "trade_id": "126850469", "timestamp": 1613049654797, "tick_direction": 1, "price": 0.38, "mark_price": 0.37917367, "iv": 120.75, "instrument_name": "BTC-26MAR21-32000-C", "index_price": 47987.44, "direction": "buy", "amount": 0.1}, {"trade_seq": 5552, "trade_id": "126850462", "timestamp": 1613049654707, "tick_direction": 1, "price": 0.38, "mark_price": 0.37917367, "iv": 120.75, "instrument_name": "BTC-26MAR21-32000-C", "index_price": 47987.44, "direction": "buy", "amount": 0.2}, {"trade_seq": 5551, "trade_id": "126850432", "timestamp": 1613049654467, "tick_direction": 1, "price": 0.38, "mark_price": 0.37917367, "iv": 120.94, "instrument_name": "BTC-26MAR21-32000-C", "index_price": 47979.69, "direction": "buy", "amount": 0.2}, {"trade_seq": 5550, "trade_id": "126850384", "timestamp": 1613049653848, "tick_direction": 1, "price": 0.38, "mark_price": 0.37912947, "iv": 121.17, "instrument_name": "BTC-26MAR21-32000-C", "index_price": 47979.69, "direction": "buy", "amount": 0.1}, {"trade_seq": 5549, "trade_id": "126850354", "timestamp": 1613049652564, "tick_direction": 1, "price": 0.38, "mark_price": 0.37905688, "iv": 121.36, "instrument_name": "BTC-26MAR21-32000-C", "index_price": 47962.53, "direction": "buy", "amount": 0.2}, {"trade_seq": 5548, "trade_id": "126850353", "timestamp": 1613049652486, "tick_direction": 1, "price": 0.38, "mark_price": 0.37905688, "iv": 121.36, "instrument_name": "BTC-26MAR21-32000-C", "index_price": 47962.53, "direction": "buy", "amount": 0.2}, {"trade_seq": 5547, "trade_id": "126850329", "timestamp": 1613049651731, "tick_direction": 1, "price": 0.38, "mark_price": 0.37875734, "iv": 121.36, "instrument_name": "BTC-26MAR21-32000-C", "index_price": 47962.53, "direction": "buy", "amount": 0.2}, {"trade_seq": 5546, "trade_id": "126850306", "timestamp": 1613049650928, "tick_direction": 1, "price": 0.38, "mark_price": 0.37839081, "iv": 121.84, "instrument_name": "BTC-26MAR21-32000-C", "index_price": 47941.06, "direction": "buy", "amount": 0.5}, {"trade_seq": 5545, "trade_id": "126850302", "timestamp": 1613049650810, "tick_direction": 1, "price": 0.38, "mark_price": 0.37839081, "iv": 121.84, "instrument_name": "BTC-26MAR21-32000-C", "index_price": 47941.06, "direction": "buy", "amount": 0.3}, {"trade_seq": 5544, "trade_id": "126850251", "timestamp": 1613049650579, "tick_direction": 1, "price": 0.38, "mark_price": 0.37839081, "iv": 122.43, "instrument_name": "BTC-26MAR21-32000-C", "index_price": 47928.09, "direction": "buy", "amount": 0.1}, {"trade_seq": 5543, "trade_id": "126850248", "timestamp": 1613049650432, "tick_direction": 1, "price": 0.38, "mark_price": 0.37839081, "iv": 122.43, "instrument_name": "BTC-26MAR21-32000-C", "index_price": 47928.09, "direction": "buy", "amount": 0.1}, {"trade_seq": 5542, "trade_id": "126850246", "timestamp": 1613049650379, "tick_direction": 1, "price": 0.38, "mark_price": 0.37839081, "iv": 122.43, "instrument_name": "BTC-26MAR21-32000-C", "index_price": 47928.09, "direction": "buy", "amount": 0.2}, {"trade_seq": 5541, "trade_id": "126846638", "timestamp": 1613049542341, "tick_direction": 1, "price": 0.38, "mark_price": 0.37828847, "iv": 122.55, "instrument_name": "BTC-26MAR21-32000-C", "index_price": 47849.13, "direction": "buy", "amount": 0.1}, {"trade_seq": 5540, "trade_id": "126846635", "timestamp": 1613049542317, "tick_direction": 1, "price": 0.38, "mark_price": 0.37828847, "iv": 122.55, "instrument_name": "BTC-26MAR21-32000-C", "index_price": 47849.13, "direction": "buy", "amount": 0.6}, {"trade_seq": 5539, "trade_id": "126846627", "timestamp": 1613049542230, "tick_direction": 1, "price": 0.38, "mark_price": 0.37828847, "iv": 122.55, "instrument_name": "BTC-26MAR21-32000-C", "index_price": 47849.13, "direction": "buy", "amount": 0.1}, {"trade_seq": 5538, "trade_id": "126846610", "timestamp": 1613049542160, "tick_direction": 1, "price": 0.38, "mark_price": 0.37825659, "iv": 122.55, "instrument_name": "BTC-26MAR21-32000-C", "index_price": 47849.13, "direction": "buy", "amount": 0.2}, {"trade_seq": 5537, "trade_id": "126846597", "timestamp": 1613049542007, "tick_direction": 1, "price": 0.38, "mark_price": 0.37825659, "iv": 122.55, "instrument_name": "BTC-26MAR21-32000-C", "index_price": 47849.13, "direction": "buy", "amount": 0.2}