{"trades": [{"trade_seq": 5327, "trade_id": "238351875", "timestamp": 1672258153658, "tick_direction": 3, "price": 0.0005, "mark_price": 0.0, "iv": 164.02, "instrument_name": "BTC-30DEC22-21000-C", "index_price": 16584.69, "direction": "buy", "amount": 0.1}, {"trade_seq": 5326, "trade_id": "238351727", "timestamp": 1672257994004, "tick_direction": 3, "price": 0.0005, "mark_price": 0.0, "iv": 164.14, "instrument_name": "BTC-30DEC22-21000-C", "index_price": 16580.81, "direction": "buy", "amount": 0.1}, {"trade_seq": 5325, "trade_id": "238275115", "timestamp": 1672035221853, "tick_direction": 3, "price": 0.0005, "mark_price": 2.695e-05, "iv": 93.67, "instrument_name": "BTC-30DEC22-21000-C", "index_price": 16860.58, "direction": "buy", "amount": 0.3}, {"trade_seq": 5324, "trade_id": "238275114", "timestamp": 1672035221853, "tick_direction": 3, "price": 0.0005, "mark_price": 2.695e-05, "iv": 93.67, "instrument_name": "BTC-30DEC22-21000-C", "index_price": 16860.58, "direction": "buy", "amount": 0.7}, {"trade_seq": 5323, "trade_id": "238236199", "timestamp": 1671819811725, "tick_direction": 3, "price": 0.0005, "mark_price": 0.00026927, "iv": 74.28, "instrument_name": "BTC-30DEC22-21000-C", "index_price": 16837.53, "direction": "buy", "amount": 1.0}, {"trade_seq": 5322, "trade_id": "238236183", "timestamp": 1671819750825, "tick_direction": 3, "price": 0.0005, "mark_price": 0.00027096, "iv": 74.23, "instrument_name": "BTC-30DEC22-21000-C", "index_price": 16841.15, "direction": "buy", "amount": 3.0}, {"trade_seq": 5321, "trade_id": "238236182", "timestamp": 1671819735834, "tick_direction": 3, "price": 0.0005, "mark_price": 0.00027112, "iv": 74.22, "instrument_name": "BTC-30DEC22-21000-C", "index_price": 16841.35, "direction": "buy", "amount": 3.0}, {"trade_seq": 5320, "trade_id": "238221999", "timestamp": 1671799969725, "tick_direction": 3, "price": 0.0005, "mark_price": 0.00032845, "iv": 72.5, "instrument_name": "BTC-30DEC22-21000-C", "index_price": 16869.91, "direction": "buy", "amount": 0.6}, {"trade_seq": 5319, "trade_id": "238209461", "timestamp": 1671770569835, "tick_direction": 3, "price": 0.0005, "mark_price": 0.0003659, "iv": 71.51, "instrument_name": "BTC-30DEC22-21000-C", "index_price": 16827.3, "direction": "buy", "amount": 1.0}, {"trade_seq": 5318, "trade_id": "238208802", "timestamp": 1671766391659, "tick_direction": 3, "price": 0.0005, "mark_price": 0.00038207, "iv": 71.12, "instrument_name": "BTC-30DEC22-21000-C", "index_price": 16833.69, "direction": "buy", "amount": 1.0}, {"trade_seq": 5317, "trade_id": "238206980", "timestamp": 1671764352069, "tick_direction": 3, "price": 0.0005, "mark_price": 0.00040255, "iv": 70.66, "instrument_name": "BTC-30DEC22-21000-C", "index_price": 16849.06, "direction": "buy", "amount": 1.0}, {"trade_seq": 5316, "trade_id": "238171152", "timestamp": 1671712399529, "tick_direction": 3, "price": 0.0005, "mark_price": 0.00071342, "iv": 68.48, "instrument_name": "BTC-30DEC22-21000-C", "index_price": 16819.05, "direction": "sell", "amount": 2.1}, {"trade_seq": 5315, "trade_id": "238171151", "timestamp": 1671712399529, "tick_direction": 3, "price": 0.0005, "mark_price": 0.00071342, "iv": 68.48, "instrument_name": "BTC-30DEC22-21000-C", "index_price": 16819.05, "direction": "sell", "amount": 14.3}, {"trade_seq": 5314, "trade_id": "238171120", "timestamp": 1671712339432, "tick_direction": 3, "price": 0.0005, "mark_price": 0.00071246, "iv": 68.46, "instrument_name": "BTC-30DEC22-21000-C", "index_price": 16818.55, "direction": "sell", "amount": 1.0}, {"trade_seq": 5313, "trade_id": "238171042", "timestamp": 1671712229495, "tick_direction": 3, "price": 0.0005, "mark_price": 0.00071353, "iv": 68.41, "instrument_name": "BTC-30DEC22-21000-C", "index_price": 16823.14, "direction": "sell", "amount": 1.0}, {"trade_seq": 5312, "trade_id": "238169188", "timestamp": 1671707459916, "tick_direction": 3, "price": 0.0005, "mark_price": 0.00072245, "iv": 68.1, "instrument_name": "BTC-30DEC22-21000-C", "index_price": 16830.87, "direction": "sell", "amount": 20.0}, {"trade_seq": 5311, "trade_id": "238168214", "timestamp": 1671704112576, "tick_direction": 3, "price": 0.0005, "mark_price": 0.0007084, "iv": 67.78, "instrument_name": "BTC-30DEC22-21000-C", "index_price": 16839.48, "direction": "sell", "amount": 21.0}, {"trade_seq": 5310, "trade_id": "238168213", "timestamp": 1671704111533, "tick_direction": 3, "price": 0.0005, "mark_price": 0.00070854, "iv": 67.78, "instrument_name": "BTC-30DEC22-21000-C", "index_price": 16839.65, "direction": "sell", "amount": 21.0}, {"trade_seq": 5309, "trade_id": "238168211", "timestamp": 1671704110482, "tick_direction": 3, "price": 0.0005, "mark_price": 0.0007088, "iv": 67.78, "instrument_name": "BTC-30DEC22-21000-C", "index_price": 16839.74, "direction": "sell", "amount": 21.0}, {"trade_seq": 5308, "trade_id": "238168210", "timestamp": 1671704109436, "tick_direction": 3, "price": 0.0005, "mark_price": 0.00070878, "iv": 67.78, "instrument_name": "BTC-30DEC22-21000-C", "index_price": 16839.71, "direction": "sell", "amount": 21.0}, {"trade_seq": 5307, "trade_id": "238168208", "timestamp": 1671704108393, "tick_direction": 3, "price": 0.0005, "mark_price": 0.00070864, "iv": 67.77, "instrument_name": "BTC-30DEC22-21000-C", "index_price": 16840.07, "direction": "sell", "amount": 21.0}, {"trade_seq": 5306, "trade_id": "238168206", "timestamp": 1671704107347, "tick_direction": 3, "price": 0.0005, "mark_price": 0.00070857, "iv": 67.77, "instrument_name": "BTC-30DEC22-21000-C", "index_price": 16839.9, "direction": "sell", "amount": 1.0}, {"trade_seq": 5305, "trade_id": "238168205", "timestamp": 1671704107347, "tick_direction": 3, "price": 0.0005, "mark_price": 0.00070857, "iv": 67.77, "instrument_name": "BTC-30DEC22-21000-C", "index_price": 16839.9, "direction": "sell", "amount": 3.7}, {"trade_seq": 5304, "trade_id": "238168204", "timestamp": 1671704107347, "tick_direction": 3, "price": 0.0005, "mark_price": 0.00070857, "iv": 67.77, "instrument_name": "BTC-30DEC22-21000-C", "index_price": 16839.9, "direction": "sell", "amount": 0.5}, {"trade_seq": 5303, "trade_id": "238168203", "timestamp": 1671704107347, "tick_direction": 3, "price": 0.0005, "mark_price": 0.00070857, "iv": 67.77, "instrument_name": "BTC-30DEC22-21000-C", "index_price": 16839.9, "direction": "sell", "amount": 7.0}, {"trade_seq": 5302, "trade_id": "238168202", "timestamp": 1671704107347, "tick_direction": 3, "price": 0.0005, "mark_price": 0.00070857, "iv": 67.77, "instrument_name": "BTC-30DEC22-21000-C", "index_price": 16839.9, "direction": "sell", "amount": 5.0}, {"trade_seq": 5301, "trade_id": "238168201", "timestamp": 1671704107347, "tick_direction": 3, "price": 0.0005, "mark_price": 0.00070857, "iv": 67.77, "instrument_name": "BTC-30DEC22-21000-C", "index_price": 16839.9, "direction": "sell", "amount": 2.0}, {"trade_seq": 5300, "trade_id": "238168200", "timestamp": 1671704107347, "tick_direction": 3, "price": 0.0005, "mark_price": 0.00070857, "iv": 67.77, "instrument_name": "BTC-30DEC22-21000-C", "index_price": 16839.9, "direction": "sell", "amount": 1.8}, {"trade_seq": 5299, "trade_id": "238168199", "timestamp": 1671704106507, "tick_direction": 3, "price": 0.0005, "mark_price": 0.00070857, "iv": 67.78, "instrument_name": "BTC-30DEC22-21000-C", "index_price": 16839.9, "direction": "sell", "amount": 5.2}, {"trade_seq": 5298, "trade_id": "238168198", "timestamp": 1671704106507, "tick_direction": 3, "price": 0.0005, "mark_price": 0.00070857, "iv": 67.78, "instrument_name": "BTC-30DEC22-21000-C", "index_price": 16839.9, "direction": "sell", "amount": 0.1}, {"trade_seq": 5297, "trade_id": "238168197", "timestamp": 1671704106507, "tick_direction": 3, "price": 0.0005, "mark_price": 0.00070857, "iv": 67.78, "instrument_name": "BTC-30DEC22-21000-C", "index_price": 16839.9, "direction": "sell", "amount": 2.0}, {"trade_seq": 5296, "trade_id": "238168196", "timestamp": 1671704106507, "tick_direction": 3, "price": 0.0005, "mark_price": 0.00070857, "iv": 67.78, "instrument_name": "BTC-30DEC22-21000-C", "index_price": 16839.9, "direction": "sell", "amount": 13.7}, {"trade_seq": 5295, "trade_id": "238168195", "timestamp": 1671704106314, "tick_direction": 3, "price": 0.0005, "mark_price": 0.00070792, "iv": 67.78, "instrument_name": "BTC-30DEC22-21000-C", "index_price": 16839.41, "direction": "sell", "amount": 21.0}, {"trade_seq": 5294, "trade_id": "238167738", "timestamp": 1671702376516, "tick_direction": 3, "price": 0.0005, "mark_price": 0.0007285, "iv": 67.34, "instrument_name": "BTC-30DEC22-21000-C", "index_price": 16860.32, "direction": "sell", "amount": 0.3}, {"trade_seq": 5293, "trade_id": "238167737", "timestamp": 1671702376516, "tick_direction": 3, "price": 0.0005, "mark_price": 0.0007285, "iv": 67.34, "instrument_name": "BTC-30DEC22-21000-C", "index_price": 16860.32, "direction": "sell", "amount": 0.2}, {"trade_seq": 5292, "trade_id": "238167238", "timestamp": 1671701802354, "tick_direction": 3, "price": 0.0005, "mark_price": 0.00073277, "iv": 67.45, "instrument_name": "BTC-30DEC22-21000-C", "index_price": 16849.74, "direction": "sell", "amount": 0.5}, {"trade_seq": 5291, "trade_id": "238133597", "timestamp": 1671632074013, "tick_direction": 2, "price": 0.0005, "mark_price": 0.00071873, "iv": 64.38, "instrument_name": "BTC-30DEC22-21000-C", "index_price": 16849.26, "direction": "sell", "amount": 0.3}, {"trade_seq": 5290, "trade_id": "238130903", "timestamp": 1671623030209, "tick_direction": 0, "price": 0.001, "mark_price": 0.00083926, "iv": 70.53, "instrument_name": "BTC-30DEC22-21000-C", "index_price": 16867.02, "direction": "sell", "amount": 3.7}, {"trade_seq": 5289, "trade_id": "238116720", "timestamp": 1671577790892, "tick_direction": 3, "price": 0.001, "mark_price": 0.00072707, "iv": 68.04, "instrument_name": "BTC-30DEC22-21000-C", "index_price": 16896.48, "direction": "buy", "amount": 3.3}, {"trade_seq": 5288, "trade_id": "238116719", "timestamp": 1671577790892, "tick_direction": 3, "price": 0.001, "mark_price": 0.00072707, "iv": 68.04, "instrument_name": "BTC-30DEC22-21000-C", "index_price": 16896.48, "direction": "buy", "amount": 1.8}, {"trade_seq": 5287, "trade_id": "238106411", "timestamp": 1671555607307, "tick_direction": 3, "price": 0.001, "mark_price": 0.00072366, "iv": 68.02, "instrument_name": "BTC-30DEC22-21000-C", "index_price": 16837.84, "direction": "buy", "amount": 1.0}, {"trade_seq": 5286, "trade_id": "238082380", "timestamp": 1671529233521, "tick_direction": 3, "price": 0.001, "mark_price": 0.00124801, "iv": 66.89, "instrument_name": "BTC-30DEC22-21000-C", "index_price": 16841.27, "direction": "sell", "amount": 3.0}, {"trade_seq": 5285, "trade_id": "238077496", "timestamp": 1671523180526, "tick_direction": 3, "price": 0.001, "mark_price": 0.00091718, "iv": 67.28, "instrument_name": "BTC-30DEC22-21000-C", "index_price": 16805.11, "direction": "sell", "amount": 4.0}, {"trade_seq": 5284, "trade_id": "238050611", "timestamp": 1671492982926, "tick_direction": 3, "price": 0.001, "mark_price": 0.00079021, "iv": 71.89, "instrument_name": "BTC-30DEC22-21000-C", "index_price": 16414.62, "direction": "buy", "amount": 1.0}, {"trade_seq": 5283, "trade_id": "238050610", "timestamp": 1671492982926, "tick_direction": 3, "price": 0.001, "mark_price": 0.00079021, "iv": 71.89, "instrument_name": "BTC-30DEC22-21000-C", "index_price": 16414.62, "direction": "buy", "amount": 1.0}, {"trade_seq": 5282, "trade_id": "238039998", "timestamp": 1671479209654, "tick_direction": 3, "price": 0.001, "mark_price": 0.00099315, "iv": 69.0, "instrument_name": "BTC-30DEC22-21000-C", "index_price": 16571.77, "direction": "sell", "amount": 2.0}, {"trade_seq": 5281, "trade_id": "238025105", "timestamp": 1671465622455, "tick_direction": 3, "price": 0.001, "mark_price": 0.00089921, "iv": 67.12, "instrument_name": "BTC-30DEC22-21000-C", "index_price": 16662.48, "direction": "sell", "amount": 3.1}, {"trade_seq": 5280, "trade_id": "238020336", "timestamp": 1671456142812, "tick_direction": 3, "price": 0.001, "mark_price": 0.00071572, "iv": 65.66, "instrument_name": "BTC-30DEC22-21000-C", "index_price": 16741.65, "direction": "buy", "amount": 1.8}, {"trade_seq": 5279, "trade_id": "238020335", "timestamp": 1671456142812, "tick_direction": 3, "price": 0.001, "mark_price": 0.00071572, "iv": 65.66, "instrument_name": "BTC-30DEC22-21000-C", "index_price": 16741.65, "direction": "buy", "amount": 2.1}, {"trade_seq": 5278, "trade_id": "238016816", "timestamp": 1671445665148, "tick_direction": 3, "price": 0.001, "mark_price": 0.00123069, "iv": 64.97, "instrument_name": "BTC-30DEC22-21000-C", "index_price": 16768.62, "direction": "buy", "amount": 5.4}, {"trade_seq": 5277, "trade_id": "238016815", "timestamp": 1671445663767, "tick_direction": 3, "price": 0.001, "mark_price": 0.00123151, "iv": 64.98, "instrument_name": "BTC-30DEC22-21000-C", "index_price": 16768.61, "direction": "buy", "amount": 3.9}, {"trade_seq": 5276, "trade_id": "238016814", "timestamp": 1671445663759, "tick_direction": 3, "price": 0.001, "mark_price": 0.00123151, "iv": 64.98, "instrument_name": "BTC-30DEC22-21000-C", "index_price": 16768.61, "direction": "buy", "amount": 5.8}, {"trade_seq": 5275, "trade_id": "238016813", "timestamp": 1671445663757, "tick_direction": 3, "price": 0.001, "mark_price": 0.00123151, "iv": 64.98, "instrument_name": "BTC-30DEC22-21000-C", "index_price": 16768.61, "direction": "sell", "amount": 2.8}, {"trade_seq": 5274, "trade_id": "238009851", "timestamp": 1671427316085, "tick_direction": 3, "price": 0.001, "mark_price": 0.00123112, "iv": 65.19, "instrument_name": "BTC-30DEC22-21000-C", "index_price": 16713.7, "direction": "sell", "amount": 0.5}, {"trade_seq": 5273, "trade_id": "238009850", "timestamp": 1671427316085, "tick_direction": 3, "price": 0.001, "mark_price": 0.00123112, "iv": 65.19, "instrument_name": "BTC-30DEC22-21000-C", "index_price": 16713.7, "direction": "sell", "amount": 1.0}, {"trade_seq": 5272, "trade_id": "237985701", "timestamp": 1671351184343, "tick_direction": 2, "price": 0.001, "mark_price": 0.00123932, "iv": 62.14, "instrument_name": "BTC-30DEC22-21000-C", "index_price": 16761.19, "direction": "sell", "amount": 0.1}, {"trade_seq": 5271, "trade_id": "237943486", "timestamp": 1671236567749, "tick_direction": 1, "price": 0.0015, "mark_price": 0.00177623, "iv": 64.13, "instrument_name": "BTC-30DEC22-21000-C", "index_price": 16702.85, "direction": "sell", "amount": 0.8}, {"trade_seq": 5270, "trade_id": "237909198", "timestamp": 1671209696086, "tick_direction": 2, "price": 0.001, "mark_price": 0.00130773, "iv": 57.74, "instrument_name": "BTC-30DEC22-21000-C", "index_price": 16790.79, "direction": "sell", "amount": 0.1}, {"trade_seq": 5269, "trade_id": "237907248", "timestamp": 1671209288101, "tick_direction": 0, "price": 0.002, "mark_price": 0.00129175, "iv": 63.99, "instrument_name": "BTC-30DEC22-21000-C", "index_price": 16850.12, "direction": "buy", "amount": 3.0}, {"trade_seq": 5268, "trade_id": "237906550", "timestamp": 1671208658278, "tick_direction": 3, "price": 0.0015, "mark_price": 0.00133398, "iv": 60.33, "instrument_name": "BTC-30DEC22-21000-C", "index_price": 16882.34, "direction": "buy", "amount": 0.5}, {"trade_seq": 5267, "trade_id": "237897864", "timestamp": 1671203582419, "tick_direction": 3, "price": 0.0015, "mark_price": 0.00119259, "iv": 58.97, "instrument_name": "BTC-30DEC22-21000-C", "index_price": 16989.31, "direction": "buy", "amount": 2.0}, {"trade_seq": 5266, "trade_id": "237897713", "timestamp": 1671203387503, "tick_direction": 3, "price": 0.0015, "mark_price": 0.00120328, "iv": 58.78, "instrument_name": "BTC-30DEC22-21000-C", "index_price": 17002.74, "direction": "buy", "amount": 2.0}, {"trade_seq": 5265, "trade_id": "237894553", "timestamp": 1671200857479, "tick_direction": 3, "price": 0.0015, "mark_price": 0.00126738, "iv": 58.67, "instrument_name": "BTC-30DEC22-21000-C", "index_price": 17003.01, "direction": "buy", "amount": 5.0}, {"trade_seq": 5264, "trade_id": "237871933", "timestamp": 1671184125124, "tick_direction": 2, "price": 0.0015, "mark_price": 0.00146885, "iv": 57.65, "instrument_name": "BTC-30DEC22-21000-C", "index_price": 17034.0, "direction": "sell", "amount": 1.0}, {"trade_seq": 5263, "trade_id": "237868327", "timestamp": 1671182428319, "tick_direction": 0, "price": 0.002, "mark_price": 0.00146449, "iv": 60.43, "instrument_name": "BTC-30DEC22-21000-C", "index_price": 17050.81, "direction": "buy", "amount": 0.1}, {"trade_seq": 5262, "trade_id": "237858017", "timestamp": 1671181043889, "tick_direction": 0, "price": 0.0015, "mark_price": 0.00123735, "iv": 54.78, "instrument_name": "BTC-30DEC22-21000-C", "index_price": 17245.88, "direction": "sell", "amount": 0.2}, {"trade_seq": 5261, "trade_id": "237853903", "timestamp": 1671179480919, "tick_direction": 3, "price": 0.001, "mark_price": 0.00141138, "iv": 48.48, "instrument_name": "BTC-30DEC22-21000-C", "index_price": 17460.61, "direction": "sell", "amount": 0.5}, {"trade_seq": 5260, "trade_id": "237853467", "timestamp": 1671179273832, "tick_direction": 3, "price": 0.001, "mark_price": 0.00146764, "iv": 48.21, "instrument_name": "BTC-30DEC22-21000-C", "index_price": 17474.85, "direction": "sell", "amount": 7.0}, {"trade_seq": 5259, "trade_id": "237853466", "timestamp": 1671179273832, "tick_direction": 3, "price": 0.001, "mark_price": 0.00146764, "iv": 48.21, "instrument_name": "BTC-30DEC22-21000-C", "index_price": 17474.85, "direction": "sell", "amount": 2.0}, {"trade_seq": 5258, "trade_id": "237853465", "timestamp": 1671179273832, "tick_direction": 2, "price": 0.001, "mark_price": 0.00146764, "iv": 48.21, "instrument_name": "BTC-30DEC22-21000-C", "index_price": 17474.85, "direction": "sell", "amount": 1.0}, {"trade_seq": 5257, "trade_id": "237852610", "timestamp": 1671178185203, "tick_direction": 3, "price": 0.0015, "mark_price": 0.0017042, "iv": 51.5, "instrument_name": "BTC-30DEC22-21000-C", "index_price": 17489.24, "direction": "sell", "amount": 1.8}, {"trade_seq": 5256, "trade_id": "237852430", "timestamp": 1671178042483, "tick_direction": 3, "price": 0.0015, "mark_price": 0.00172008, "iv": 51.43, "instrument_name": "BTC-30DEC22-21000-C", "index_price": 17494.74, "direction": "sell", "amount": 0.2}, {"trade_seq": 5255, "trade_id": "237852182", "timestamp": 1671177883427, "tick_direction": 3, "price": 0.0015, "mark_price": 0.00174103, "iv": 51.25, "instrument_name": "BTC-30DEC22-21000-C", "index_price": 17500.7, "direction": "sell", "amount": 0.1}, {"trade_seq": 5254, "trade_id": "237851994", "timestamp": 1671177817403, "tick_direction": 2, "price": 0.0015, "mark_price": 0.00174223, "iv": 51.25, "instrument_name": "BTC-30DEC22-21000-C", "index_price": 17501.52, "direction": "sell", "amount": 0.1}, {"trade_seq": 5253, "trade_id": "237838078", "timestamp": 1671155344893, "tick_direction": 2, "price": 0.002, "mark_price": 0.0019652, "iv": 55.1, "instrument_name": "BTC-30DEC22-21000-C", "index_price": 17390.02, "direction": "sell", "amount": 0.1}, {"trade_seq": 5252, "trade_id": "237827825", "timestamp": 1671135511850, "tick_direction": 0, "price": 0.0021, "mark_price": 0.00195653, "iv": 54.54, "instrument_name": "BTC-30DEC22-21000-C", "index_price": 17440.33, "direction": "buy", "combo_id": "BTC-CS-30DEC22-17500_21000", "block_trade_id": "59051", "amount": 132.0}, {"trade_seq": 5251, "trade_id": "237816484", "timestamp": 1671119742358, "tick_direction": 1, "price": 0.002, "mark_price": 0.00177397, "iv": 54.11, "instrument_name": "BTC-30DEC22-21000-C", "index_price": 17417.08, "direction": "buy", "amount": 10.0}, {"trade_seq": 5250, "trade_id": "237807791", "timestamp": 1671113466978, "tick_direction": 0, "price": 0.002, "mark_price": 0.00174414, "iv": 52.65, "instrument_name": "BTC-30DEC22-21000-C", "index_price": 17521.68, "direction": "buy", "amount": 0.1}, {"trade_seq": 5249, "trade_id": "237805027", "timestamp": 1671111590334, "tick_direction": 2, "price": 0.0015, "mark_price": 0.0016719, "iv": 50.06, "instrument_name": "BTC-30DEC22-21000-C", "index_price": 17500.32, "direction": "sell", "amount": 1.0}, {"trade_seq": 5248, "trade_id": "237802081", "timestamp": 1671110409598, "tick_direction": 1, "price": 0.002, "mark_price": 0.00166103, "iv": 52.08, "instrument_name": "BTC-30DEC22-21000-C", "index_price": 17552.29, "direction": "buy", "amount": 16.4}, {"trade_seq": 5247, "trade_id": "237802080", "timestamp": 1671110409598, "tick_direction": 0, "price": 0.002, "mark_price": 0.00166103, "iv": 52.08, "instrument_name": "BTC-30DEC22-21000-C", "index_price": 17552.29, "direction": "buy", "amount": 0.6}, {"trade_seq": 5246, "trade_id": "237798914", "timestamp": 1671109910612, "tick_direction": 2, "price": 0.0015, "mark_price": 0.00173458, "iv": 48.18, "instrument_name": "BTC-30DEC22-21000-C", "index_price": 17647.51, "direction": "sell", "amount": 0.1}, {"trade_seq": 5245, "trade_id": "237798323", "timestamp": 1671108867981, "tick_direction": 3, "price": 0.002, "mark_price": 0.00193963, "iv": 50.49, "instrument_name": "BTC-30DEC22-21000-C", "index_price": 17673.8, "direction": "buy", "amount": 0.1}, {"trade_seq": 5244, "trade_id": "237798317", "timestamp": 1671108867965, "tick_direction": 3, "price": 0.002, "mark_price": 0.00193963, "iv": 50.49, "instrument_name": "BTC-30DEC22-21000-C", "index_price": 17673.8, "direction": "buy", "amount": 0.1}, {"trade_seq": 5243, "trade_id": "237798316", "timestamp": 1671108867952, "tick_direction": 3, "price": 0.002, "mark_price": 0.00193978, "iv": 50.49, "instrument_name": "BTC-30DEC22-21000-C", "index_price": 17673.8, "direction": "buy", "amount": 0.1}, {"trade_seq": 5242, "trade_id": "237798303", "timestamp": 1671108843454, "tick_direction": 3, "price": 0.002, "mark_price": 0.00195064, "iv": 50.48, "instrument_name": "BTC-30DEC22-21000-C", "index_price": 17673.47, "direction": "sell", "amount": 0.1}, {"trade_seq": 5241, "trade_id": "237792726", "timestamp": 1671096253656, "tick_direction": 3, "price": 0.002, "mark_price": 0.00214835, "iv": 50.22, "instrument_name": "BTC-30DEC22-21000-C", "index_price": 17671.73, "direction": "sell", "amount": 0.1}, {"trade_seq": 5240, "trade_id": "237792725", "timestamp": 1671096253656, "tick_direction": 3, "price": 0.002, "mark_price": 0.00214835, "iv": 50.22, "instrument_name": "BTC-30DEC22-21000-C", "index_price": 17671.73, "direction": "sell", "amount": 0.9}, {"trade_seq": 5239, "trade_id": "237791797", "timestamp": 1671094443035, "tick_direction": 2, "price": 0.002, "mark_price": 0.00210114, "iv": 50.45, "instrument_name": "BTC-30DEC22-21000-C", "index_price": 17641.14, "direction": "sell", "amount": 0.1}, {"trade_seq": 5238, "trade_id": "237786788", "timestamp": 1671089428464, "tick_direction": 3, "price": 0.0025, "mark_price": 0.00225314, "iv": 51.49, "instrument_name": "BTC-30DEC22-21000-C", "index_price": 17732.18, "direction": "buy", "amount": 0.4}, {"trade_seq": 5237, "trade_id": "237784939", "timestamp": 1671082246387, "tick_direction": 2, "price": 0.0025, "mark_price": 0.0022403, "iv": 51.55, "instrument_name": "BTC-30DEC22-21000-C", "index_price": 17716.09, "direction": "buy", "amount": 0.1}, {"trade_seq": 5236, "trade_id": "237783054", "timestamp": 1671074577491, "tick_direction": 0, "price": 0.003, "mark_price": 0.00247433, "iv": 53.3, "instrument_name": "BTC-30DEC22-21000-C", "index_price": 17724.7, "direction": "buy", "amount": 1.5}, {"trade_seq": 5235, "trade_id": "237777411", "timestamp": 1671069020371, "tick_direction": 2, "price": 0.0025, "mark_price": 0.00225622, "iv": 52.17, "instrument_name": "BTC-30DEC22-21000-C", "index_price": 17647.85, "direction": "sell", "amount": 0.1}, {"trade_seq": 5234, "trade_id": "237768685", "timestamp": 1671053697906, "tick_direction": 3, "price": 0.003, "mark_price": 0.00301818, "iv": 51.19, "instrument_name": "BTC-30DEC22-21000-C", "index_price": 17840.79, "direction": "buy", "amount": 9.7}, {"trade_seq": 5233, "trade_id": "237768684", "timestamp": 1671053697796, "tick_direction": 2, "price": 0.003, "mark_price": 0.00301818, "iv": 51.19, "instrument_name": "BTC-30DEC22-21000-C", "index_price": 17840.79, "direction": "buy", "amount": 9.4}, {"trade_seq": 5232, "trade_id": "237760302", "timestamp": 1671048743803, "tick_direction": 1, "price": 0.004, "mark_price": 0.00409761, "iv": 53.82, "instrument_name": "BTC-30DEC22-21000-C", "index_price": 17898.1, "direction": "buy", "amount": 1.0}, {"trade_seq": 5231, "trade_id": "237760301", "timestamp": 1671048743803, "tick_direction": 0, "price": 0.004, "mark_price": 0.00409761, "iv": 53.82, "instrument_name": "BTC-30DEC22-21000-C", "index_price": 17898.1, "direction": "buy", "amount": 1.0}, {"trade_seq": 5230, "trade_id": "237758676", "timestamp": 1671048069806, "tick_direction": 2, "price": 0.0035, "mark_price": 0.0037512, "iv": 53.78, "instrument_name": "BTC-30DEC22-21000-C", "index_price": 17780.22, "direction": "sell", "amount": 0.5}, {"trade_seq": 5229, "trade_id": "237749045", "timestamp": 1671045867279, "tick_direction": 3, "price": 0.0045, "mark_price": 0.00465831, "iv": 55.64, "instrument_name": "BTC-30DEC22-21000-C", "index_price": 17875.77, "direction": "sell", "amount": 8.6}, {"trade_seq": 5228, "trade_id": "237749044", "timestamp": 1671045866757, "tick_direction": 2, "price": 0.0045, "mark_price": 0.00465707, "iv": 55.65, "instrument_name": "BTC-30DEC22-21000-C", "index_price": 17875.63, "direction": "sell", "amount": 9.3}, {"trade_seq": 5227, "trade_id": "237730694", "timestamp": 1671044318004, "tick_direction": 2, "price": 0.0055, "mark_price": 0.00621471, "iv": 53.3, "instrument_name": "BTC-30DEC22-21000-C", "index_price": 18233.15, "direction": "sell", "amount": 0.1}, {"trade_seq": 5226, "trade_id": "237728775", "timestamp": 1671043497820, "tick_direction": 0, "price": 0.0065, "mark_price": 0.00622448, "iv": 54.63, "instrument_name": "BTC-30DEC22-21000-C", "index_price": 18307.42, "direction": "buy", "amount": 2.0}, {"trade_seq": 5225, "trade_id": "237727453", "timestamp": 1671042957238, "tick_direction": 1, "price": 0.0055, "mark_price": 0.00581233, "iv": 52.5, "instrument_name": "BTC-30DEC22-21000-C", "index_price": 18283.73, "direction": "sell", "amount": 1.0}, {"trade_seq": 5224, "trade_id": "237727452", "timestamp": 1671042957238, "tick_direction": 1, "price": 0.0055, "mark_price": 0.00581233, "iv": 52.5, "instrument_name": "BTC-30DEC22-21000-C", "index_price": 18283.73, "direction": "sell", "amount": 1.0}, {"trade_seq": 5223, "trade_id": "237727451", "timestamp": 1671042957238, "tick_direction": 1, "price": 0.0055, "mark_price": 0.00581233, "iv": 52.5, "instrument_name": "BTC-30DEC22-21000-C", "index_price": 18283.73, "direction": "sell", "amount": 1.0}, {"trade_seq": 5222, "trade_id": "237727450", "timestamp": 1671042957238, "tick_direction": 0, "price": 0.0055, "mark_price": 0.00581233, "iv": 52.5, "instrument_name": "BTC-30DEC22-21000-C", "index_price": 18283.73, "direction": "sell", "amount": 1.0}, {"trade_seq": 5221, "trade_id": "237718143", "timestamp": 1671035495663, "tick_direction": 1, "price": 0.005, "mark_price": 0.00481411, "iv": 53.0, "instrument_name": "BTC-30DEC22-21000-C", "index_price": 18146.67, "direction": "sell", "amount": 10.0}, {"trade_seq": 5220, "trade_id": "237718095", "timestamp": 1671035466065, "tick_direction": 1, "price": 0.005, "mark_price": 0.00478107, "iv": 53.05, "instrument_name": "BTC-30DEC22-21000-C", "index_price": 18141.41, "direction": "sell", "amount": 5.0}, {"trade_seq": 5219, "trade_id": "237718078", "timestamp": 1671035458248, "tick_direction": 1, "price": 0.005, "mark_price": 0.00478962, "iv": 53.02, "instrument_name": "BTC-30DEC22-21000-C", "index_price": 18143.86, "direction": "sell", "amount": 3.1}, {"trade_seq": 5218, "trade_id": "237718077", "timestamp": 1671035458246, "tick_direction": 1, "price": 0.005, "mark_price": 0.00478962, "iv": 53.02, "instrument_name": "BTC-30DEC22-21000-C", "index_price": 18143.86, "direction": "buy", "amount": 6.9}, {"trade_seq": 5217, "trade_id": "237718018", "timestamp": 1671035320448, "tick_direction": 1, "price": 0.005, "mark_price": 0.00475834, "iv": 53.12, "instrument_name": "BTC-30DEC22-21000-C", "index_price": 18140.22, "direction": "buy", "amount": 0.4}, {"trade_seq": 5216, "trade_id": "237718017", "timestamp": 1671035320448, "tick_direction": 1, "price": 0.005, "mark_price": 0.00475834, "iv": 53.12, "instrument_name": "BTC-30DEC22-21000-C", "index_price": 18140.22, "direction": "buy", "amount": 16.0}, {"trade_seq": 5215, "trade_id": "237718016", "timestamp": 1671035320448, "tick_direction": 1, "price": 0.005, "mark_price": 0.00475834, "iv": 53.12, "instrument_name": "BTC-30DEC22-21000-C", "index_price": 18140.22, "direction": "buy", "amount": 6.6}, {"trade_seq": 5214, "trade_id": "237718015", "timestamp": 1671035320448, "tick_direction": 0, "price": 0.005, "mark_price": 0.00475834, "iv": 53.12, "instrument_name": "BTC-30DEC22-21000-C", "index_price": 18140.22, "direction": "buy", "amount": 2.0}, {"trade_seq": 5213, "trade_id": "237716869", "timestamp": 1671034282697, "tick_direction": 1, "price": 0.0045, "mark_price": 0.00465617, "iv": 52.45, "instrument_name": "BTC-30DEC22-21000-C", "index_price": 18088.71, "direction": "sell", "amount": 5.0}, {"trade_seq": 5212, "trade_id": "237716239", "timestamp": 1671033754791, "tick_direction": 1, "price": 0.0045, "mark_price": 0.00457253, "iv": 52.65, "instrument_name": "BTC-30DEC22-21000-C", "index_price": 18071.78, "direction": "sell", "amount": 1.0}, {"trade_seq": 5211, "trade_id": "237715142", "timestamp": 1671033106008, "tick_direction": 1, "price": 0.0045, "mark_price": 0.00421435, "iv": 52.49, "instrument_name": "BTC-30DEC22-21000-C", "index_price": 18079.56, "direction": "buy", "amount": 0.2}, {"trade_seq": 5210, "trade_id": "237715140", "timestamp": 1671033097869, "tick_direction": 1, "price": 0.0045, "mark_price": 0.00420688, "iv": 52.51, "instrument_name": "BTC-30DEC22-21000-C", "index_price": 18078.96, "direction": "buy", "amount": 0.1}, {"trade_seq": 5209, "trade_id": "237715133", "timestamp": 1671033077567, "tick_direction": 1, "price": 0.0045, "mark_price": 0.00420406, "iv": 52.48, "instrument_name": "BTC-30DEC22-21000-C", "index_price": 18079.56, "direction": "buy", "amount": 0.1}, {"trade_seq": 5208, "trade_id": "237715130", "timestamp": 1671033069437, "tick_direction": 1, "price": 0.0045, "mark_price": 0.00420229, "iv": 52.48, "instrument_name": "BTC-30DEC22-21000-C", "index_price": 18079.51, "direction": "buy", "amount": 0.2}, {"trade_seq": 5207, "trade_id": "237715125", "timestamp": 1671033040999, "tick_direction": 1, "price": 0.0045, "mark_price": 0.0041912, "iv": 52.48, "instrument_name": "BTC-30DEC22-21000-C", "index_price": 18076.92, "direction": "buy", "amount": 0.1}, {"trade_seq": 5206, "trade_id": "237715123", "timestamp": 1671033039199, "tick_direction": 1, "price": 0.0045, "mark_price": 0.00419298, "iv": 52.47, "instrument_name": "BTC-30DEC22-21000-C", "index_price": 18077.22, "direction": "buy", "amount": 0.1}, {"trade_seq": 5205, "trade_id": "237715122", "timestamp": 1671033039197, "tick_direction": 1, "price": 0.0045, "mark_price": 0.00419298, "iv": 52.47, "instrument_name": "BTC-30DEC22-21000-C", "index_price": 18077.22, "direction": "buy", "amount": 0.2}, {"trade_seq": 5204, "trade_id": "237715115", "timestamp": 1671033036927, "tick_direction": 1, "price": 0.0045, "mark_price": 0.00418132, "iv": 52.49, "instrument_name": "BTC-30DEC22-21000-C", "index_price": 18075.33, "direction": "buy", "amount": 0.1}, {"trade_seq": 5203, "trade_id": "237715114", "timestamp": 1671033032870, "tick_direction": 1, "price": 0.0045, "mark_price": 0.00417934, "iv": 52.5, "instrument_name": "BTC-30DEC22-21000-C", "index_price": 18074.68, "direction": "buy", "amount": 0.1}, {"trade_seq": 5202, "trade_id": "237715023", "timestamp": 1671032876441, "tick_direction": 1, "price": 0.0045, "mark_price": 0.0041245, "iv": 52.53, "instrument_name": "BTC-30DEC22-21000-C", "index_price": 18073.19, "direction": "buy", "amount": 0.1}, {"trade_seq": 5201, "trade_id": "237715022", "timestamp": 1671032874421, "tick_direction": 1, "price": 0.0045, "mark_price": 0.0041242, "iv": 52.53, "instrument_name": "BTC-30DEC22-21000-C", "index_price": 18073.18, "direction": "buy", "amount": 0.6}, {"trade_seq": 5200, "trade_id": "237715014", "timestamp": 1671032866291, "tick_direction": 1, "price": 0.0045, "mark_price": 0.00411614, "iv": 52.55, "instrument_name": "BTC-30DEC22-21000-C", "index_price": 18072.01, "direction": "buy", "amount": 0.1}, {"trade_seq": 5199, "trade_id": "237715013", "timestamp": 1671032866291, "tick_direction": 0, "price": 0.0045, "mark_price": 0.00411614, "iv": 52.55, "instrument_name": "BTC-30DEC22-21000-C", "index_price": 18072.01, "direction": "buy", "amount": 0.1}, {"trade_seq": 5198, "trade_id": "237714839", "timestamp": 1671032596165, "tick_direction": 1, "price": 0.004, "mark_price": 0.00395907, "iv": 51.15, "instrument_name": "BTC-30DEC22-21000-C", "index_price": 18065.2, "direction": "buy", "amount": 0.1}, {"trade_seq": 5197, "trade_id": "237714838", "timestamp": 1671032596147, "tick_direction": 1, "price": 0.004, "mark_price": 0.00395907, "iv": 51.15, "instrument_name": "BTC-30DEC22-21000-C", "index_price": 18065.2, "direction": "buy", "amount": 0.4}, {"trade_seq": 5196, "trade_id": "237714806", "timestamp": 1671032589417, "tick_direction": 1, "price": 0.004, "mark_price": 0.00394899, "iv": 51.19, "instrument_name": "BTC-30DEC22-21000-C", "index_price": 18063.63, "direction": "buy", "amount": 0.1}, {"trade_seq": 5195, "trade_id": "237714471", "timestamp": 1671032055769, "tick_direction": 1, "price": 0.004, "mark_price": 0.00381272, "iv": 51.38, "instrument_name": "BTC-30DEC22-21000-C", "index_price": 18053.37, "direction": "buy", "amount": 0.1}, {"trade_seq": 5194, "trade_id": "237714469", "timestamp": 1671032055737, "tick_direction": 0, "price": 0.004, "mark_price": 0.00381272, "iv": 51.38, "instrument_name": "BTC-30DEC22-21000-C", "index_price": 18053.37, "direction": "buy", "amount": 0.3}, {"trade_seq": 5193, "trade_id": "237709731", "timestamp": 1671028920900, "tick_direction": 3, "price": 0.0035, "mark_price": 0.0035733, "iv": 50.22, "instrument_name": "BTC-30DEC22-21000-C", "index_price": 18022.36, "direction": "buy", "amount": 0.5}, {"trade_seq": 5192, "trade_id": "237706343", "timestamp": 1671027597091, "tick_direction": 3, "price": 0.0035, "mark_price": 0.00327771, "iv": 51.53, "instrument_name": "BTC-30DEC22-21000-C", "index_price": 17927.89, "direction": "buy", "amount": 5.0}, {"trade_seq": 5191, "trade_id": "237676334", "timestamp": 1670969404581, "tick_direction": 3, "price": 0.0035, "mark_price": 0.00350804, "iv": 52.61, "instrument_name": "BTC-30DEC22-21000-C", "index_price": 17768.08, "direction": "buy", "amount": 1.6}, {"trade_seq": 5190, "trade_id": "237676333", "timestamp": 1670969389173, "tick_direction": 3, "price": 0.0035, "mark_price": 0.0035176, "iv": 52.61, "instrument_name": "BTC-30DEC22-21000-C", "index_price": 17768.1, "direction": "buy", "amount": 0.1}, {"trade_seq": 5189, "trade_id": "237676307", "timestamp": 1670969369916, "tick_direction": 3, "price": 0.0035, "mark_price": 0.00351976, "iv": 52.62, "instrument_name": "BTC-30DEC22-21000-C", "index_price": 17765.5, "direction": "buy", "amount": 0.1}, {"trade_seq": 5188, "trade_id": "237676306", "timestamp": 1670969365843, "tick_direction": 3, "price": 0.0035, "mark_price": 0.00352166, "iv": 52.63, "instrument_name": "BTC-30DEC22-21000-C", "index_price": 17765.35, "direction": "buy", "amount": 0.3}, {"trade_seq": 5187, "trade_id": "237676305", "timestamp": 1670969355664, "tick_direction": 3, "price": 0.0035, "mark_price": 0.00353194, "iv": 52.61, "instrument_name": "BTC-30DEC22-21000-C", "index_price": 17766.27, "direction": "buy", "amount": 0.3}, {"trade_seq": 5186, "trade_id": "237676304", "timestamp": 1670969349544, "tick_direction": 3, "price": 0.0035, "mark_price": 0.00353608, "iv": 52.61, "instrument_name": "BTC-30DEC22-21000-C", "index_price": 17765.94, "direction": "buy", "amount": 0.1}, {"trade_seq": 5185, "trade_id": "237676302", "timestamp": 1670969345445, "tick_direction": 3, "price": 0.0035, "mark_price": 0.00353926, "iv": 52.61, "instrument_name": "BTC-30DEC22-21000-C", "index_price": 17765.82, "direction": "buy", "amount": 0.1}, {"trade_seq": 5184, "trade_id": "237676301", "timestamp": 1670969343401, "tick_direction": 3, "price": 0.0035, "mark_price": 0.0035423, "iv": 52.6, "instrument_name": "BTC-30DEC22-21000-C", "index_price": 17765.97, "direction": "buy", "amount": 0.1}, {"trade_seq": 5183, "trade_id": "237676300", "timestamp": 1670969340519, "tick_direction": 3, "price": 0.0035, "mark_price": 0.00354592, "iv": 52.59, "instrument_name": "BTC-30DEC22-21000-C", "index_price": 17766.15, "direction": "buy", "amount": 0.1}, {"trade_seq": 5182, "trade_id": "237676299", "timestamp": 1670969340398, "tick_direction": 3, "price": 0.0035, "mark_price": 0.00354592, "iv": 52.59, "instrument_name": "BTC-30DEC22-21000-C", "index_price": 17766.15, "direction": "buy", "amount": 0.1}, {"trade_seq": 5181, "trade_id": "237676294", "timestamp": 1670969323792, "tick_direction": 3, "price": 0.0035, "mark_price": 0.00356118, "iv": 52.58, "instrument_name": "BTC-30DEC22-21000-C", "index_price": 17765.84, "direction": "buy", "amount": 0.1}, {"trade_seq": 5180, "trade_id": "237676267", "timestamp": 1670969294480, "tick_direction": 3, "price": 0.0035, "mark_price": 0.00359929, "iv": 52.52, "instrument_name": "BTC-30DEC22-21000-C", "index_price": 17772.55, "direction": "buy", "amount": 0.1}, {"trade_seq": 5179, "trade_id": "237676266", "timestamp": 1670969286520, "tick_direction": 3, "price": 0.0035, "mark_price": 0.00361158, "iv": 52.5, "instrument_name": "BTC-30DEC22-21000-C", "index_price": 17774.09, "direction": "buy", "amount": 0.1}, {"trade_seq": 5178, "trade_id": "237676261", "timestamp": 1670969278244, "tick_direction": 3, "price": 0.0035, "mark_price": 0.00361738, "iv": 52.5, "instrument_name": "BTC-30DEC22-21000-C", "index_price": 17774.16, "direction": "buy", "amount": 0.1}, {"trade_seq": 5177, "trade_id": "237676260", "timestamp": 1670969270012, "tick_direction": 3, "price": 0.0035, "mark_price": 0.00362395, "iv": 52.5, "instrument_name": "BTC-30DEC22-21000-C", "index_price": 17774.27, "direction": "buy", "amount": 0.1}, {"trade_seq": 5176, "trade_id": "237676259", "timestamp": 1670969238551, "tick_direction": 3, "price": 0.0035, "mark_price": 0.00364652, "iv": 52.5, "instrument_name": "BTC-30DEC22-21000-C", "index_price": 17774.41, "direction": "sell", "amount": 2.5}, {"trade_seq": 5175, "trade_id": "237676258", "timestamp": 1670969238551, "tick_direction": 2, "price": 0.0035, "mark_price": 0.00364652, "iv": 52.5, "instrument_name": "BTC-30DEC22-21000-C", "index_price": 17774.41, "direction": "sell", "amount": 0.1}, {"trade_seq": 5174, "trade_id": "237673347", "timestamp": 1670959707949, "tick_direction": 2, "price": 0.004, "mark_price": 0.00400652, "iv": 54.7, "instrument_name": "BTC-30DEC22-21000-C", "index_price": 17718.84, "direction": "sell", "amount": 1.3}, {"trade_seq": 5173, "trade_id": "237665397", "timestamp": 1670949331248, "tick_direction": 0, "price": 0.0045, "mark_price": 0.00425251, "iv": 54.51, "instrument_name": "BTC-30DEC22-21000-C", "index_price": 17829.37, "direction": "buy", "amount": 1.0}, {"trade_seq": 5172, "trade_id": "237663802", "timestamp": 1670946720577, "tick_direction": 2, "price": 0.004, "mark_price": 0.00424906, "iv": 53.88, "instrument_name": "BTC-30DEC22-21000-C", "index_price": 17760.58, "direction": "sell", "amount": 5.0}, {"trade_seq": 5171, "trade_id": "237660002", "timestamp": 1670943557304, "tick_direction": 3, "price": 0.0045, "mark_price": 0.00457481, "iv": 53.92, "instrument_name": "BTC-30DEC22-21000-C", "index_price": 17876.37, "direction": "buy", "amount": 0.6}, {"trade_seq": 5170, "trade_id": "237660001", "timestamp": 1670943557287, "tick_direction": 3, "price": 0.0045, "mark_price": 0.00457462, "iv": 53.92, "instrument_name": "BTC-30DEC22-21000-C", "index_price": 17876.37, "direction": "buy", "amount": 0.4}, {"trade_seq": 5169, "trade_id": "237658704", "timestamp": 1670942241091, "tick_direction": 2, "price": 0.0045, "mark_price": 0.00467908, "iv": 54.06, "instrument_name": "BTC-30DEC22-21000-C", "index_price": 17863.99, "direction": "sell", "amount": 2.0}, {"trade_seq": 5168, "trade_id": "237656328", "timestamp": 1670940944258, "tick_direction": 0, "price": 0.0055, "mark_price": 0.00479783, "iv": 55.86, "instrument_name": "BTC-30DEC22-21000-C", "index_price": 17935.91, "direction": "buy", "amount": 1.0}, {"trade_seq": 5167, "trade_id": "237652655", "timestamp": 1670939217215, "tick_direction": 2, "price": 0.0045, "mark_price": 0.00466111, "iv": 53.39, "instrument_name": "BTC-30DEC22-21000-C", "index_price": 17908.94, "direction": "sell", "amount": 1.0}, {"trade_seq": 5166, "trade_id": "237647368", "timestamp": 1670938366189, "tick_direction": 0, "price": 0.0055, "mark_price": 0.00557693, "iv": 57.35, "instrument_name": "BTC-30DEC22-21000-C", "index_price": 17827.72, "direction": "sell", "amount": 1.0}, {"trade_seq": 5165, "trade_id": "237647011", "timestamp": 1670938337032, "tick_direction": 1, "price": 0.005, "mark_price": 0.00561919, "iv": 55.94, "instrument_name": "BTC-30DEC22-21000-C", "index_price": 17827.65, "direction": "sell", "amount": 9.2}, {"trade_seq": 5164, "trade_id": "237646998", "timestamp": 1670938335688, "tick_direction": 0, "price": 0.005, "mark_price": 0.00569121, "iv": 55.9, "instrument_name": "BTC-30DEC22-21000-C", "index_price": 17834.14, "direction": "sell", "amount": 9.1}, {"trade_seq": 5163, "trade_id": "237631100", "timestamp": 1670936056987, "tick_direction": 2, "price": 0.0045, "mark_price": 0.00472097, "iv": 59.47, "instrument_name": "BTC-30DEC22-21000-C", "index_price": 17453.87, "direction": "sell", "amount": 5.0}, {"trade_seq": 5162, "trade_id": "237630975", "timestamp": 1670935660814, "tick_direction": 1, "price": 0.005, "mark_price": 0.00483453, "iv": 60.71, "instrument_name": "BTC-30DEC22-21000-C", "index_price": 17473.06, "direction": "buy", "amount": 0.1}, {"trade_seq": 5161, "trade_id": "237626851", "timestamp": 1670930403978, "tick_direction": 1, "price": 0.005, "mark_price": 0.00482975, "iv": 61.21, "instrument_name": "BTC-30DEC22-21000-C", "index_price": 17436.46, "direction": "buy", "amount": 5.0}, {"trade_seq": 5160, "trade_id": "237624747", "timestamp": 1670928288361, "tick_direction": 1, "price": 0.005, "mark_price": 0.00477843, "iv": 61.27, "instrument_name": "BTC-30DEC22-21000-C", "index_price": 17426.56, "direction": "sell", "amount": 3.0}, {"trade_seq": 5159, "trade_id": "237623347", "timestamp": 1670927195985, "tick_direction": 0, "price": 0.005, "mark_price": 0.00471837, "iv": 61.23, "instrument_name": "BTC-30DEC22-21000-C", "index_price": 17428.94, "direction": "buy", "amount": 5.0}, {"trade_seq": 5158, "trade_id": "237621375", "timestamp": 1670926093020, "tick_direction": 1, "price": 0.0045, "mark_price": 0.00440239, "iv": 59.53, "instrument_name": "BTC-30DEC22-21000-C", "index_price": 17439.6, "direction": "buy", "amount": 1.9}, {"trade_seq": 5157, "trade_id": "237621374", "timestamp": 1670926093020, "tick_direction": 1, "price": 0.0045, "mark_price": 0.00440239, "iv": 59.53, "instrument_name": "BTC-30DEC22-21000-C", "index_price": 17439.6, "direction": "buy", "amount": 8.0}, {"trade_seq": 5156, "trade_id": "237621373", "timestamp": 1670926093020, "tick_direction": 0, "price": 0.0045, "mark_price": 0.00440239, "iv": 59.53, "instrument_name": "BTC-30DEC22-21000-C", "index_price": 17439.6, "direction": "buy", "amount": 3.4}, {"trade_seq": 5155, "trade_id": "237613818", "timestamp": 1670924530220, "tick_direction": 1, "price": 0.0035, "mark_price": 0.00383464, "iv": 59.44, "instrument_name": "BTC-30DEC22-21000-C", "index_price": 17199.82, "direction": "sell", "amount": 0.1}, {"trade_seq": 5154, "trade_id": "237613817", "timestamp": 1670924530210, "tick_direction": 1, "price": 0.0035, "mark_price": 0.00383464, "iv": 59.44, "instrument_name": "BTC-30DEC22-21000-C", "index_price": 17199.82, "direction": "sell", "amount": 0.2}, {"trade_seq": 5153, "trade_id": "237613816", "timestamp": 1670924530199, "tick_direction": 1, "price": 0.0035, "mark_price": 0.00383464, "iv": 59.44, "instrument_name": "BTC-30DEC22-21000-C", "index_price": 17199.82, "direction": "sell", "amount": 0.3}, {"trade_seq": 5152, "trade_id": "237613815", "timestamp": 1670924530176, "tick_direction": 1, "price": 0.0035, "mark_price": 0.00383464, "iv": 59.44, "instrument_name": "BTC-30DEC22-21000-C", "index_price": 17199.82, "direction": "sell", "amount": 0.6}, {"trade_seq": 5151, "trade_id": "237613812", "timestamp": 1670924528223, "tick_direction": 1, "price": 0.0035, "mark_price": 0.00383777, "iv": 59.43, "instrument_name": "BTC-30DEC22-21000-C", "index_price": 17200.61, "direction": "sell", "amount": 0.1}, {"trade_seq": 5150, "trade_id": "237613811", "timestamp": 1670924528215, "tick_direction": 1, "price": 0.0035, "mark_price": 0.00383777, "iv": 59.43, "instrument_name": "BTC-30DEC22-21000-C", "index_price": 17200.61, "direction": "sell", "amount": 0.1}, {"trade_seq": 5149, "trade_id": "237613810", "timestamp": 1670924528207, "tick_direction": 1, "price": 0.0035, "mark_price": 0.00383777, "iv": 59.43, "instrument_name": "BTC-30DEC22-21000-C", "index_price": 17200.61, "direction": "sell", "amount": 0.2}, {"trade_seq": 5148, "trade_id": "237613809", "timestamp": 1670924528197, "tick_direction": 1, "price": 0.0035, "mark_price": 0.00383777, "iv": 59.43, "instrument_name": "BTC-30DEC22-21000-C", "index_price": 17200.61, "direction": "sell", "amount": 0.3}, {"trade_seq": 5147, "trade_id": "237613808", "timestamp": 1670924528182, "tick_direction": 1, "price": 0.0035, "mark_price": 0.00383777, "iv": 59.43, "instrument_name": "BTC-30DEC22-21000-C", "index_price": 17200.61, "direction": "sell", "amount": 0.5}, {"trade_seq": 5146, "trade_id": "237608236", "timestamp": 1670916335602, "tick_direction": 1, "price": 0.0035, "mark_price": 0.00371044, "iv": 60.51, "instrument_name": "BTC-30DEC22-21000-C", "index_price": 17114.75, "direction": "sell", "amount": 2.5}, {"trade_seq": 5145, "trade_id": "237608018", "timestamp": 1670916052604, "tick_direction": 1, "price": 0.0035, "mark_price": 0.00362501, "iv": 60.7, "instrument_name": "BTC-30DEC22-21000-C", "index_price": 17097.86, "direction": "sell", "amount": 0.1}, {"trade_seq": 5144, "trade_id": "237608017", "timestamp": 1670916052591, "tick_direction": 1, "price": 0.0035, "mark_price": 0.00362501, "iv": 60.7, "instrument_name": "BTC-30DEC22-21000-C", "index_price": 17097.86, "direction": "sell", "amount": 0.1}, {"trade_seq": 5143, "trade_id": "237608016", "timestamp": 1670916052560, "tick_direction": 1, "price": 0.0035, "mark_price": 0.00362501, "iv": 60.7, "instrument_name": "BTC-30DEC22-21000-C", "index_price": 17097.86, "direction": "sell", "amount": 0.1}, {"trade_seq": 5142, "trade_id": "237608013", "timestamp": 1670916052059, "tick_direction": 1, "price": 0.0035, "mark_price": 0.00362501, "iv": 60.69, "instrument_name": "BTC-30DEC22-21000-C", "index_price": 17098.52, "direction": "sell", "amount": 0.1}, {"trade_seq": 5141, "trade_id": "237608012", "timestamp": 1670916052047, "tick_direction": 1, "price": 0.0035, "mark_price": 0.00362703, "iv": 60.69, "instrument_name": "BTC-30DEC22-21000-C", "index_price": 17098.52, "direction": "sell", "amount": 0.1}, {"trade_seq": 5140, "trade_id": "237608011", "timestamp": 1670916052038, "tick_direction": 1, "price": 0.0035, "mark_price": 0.00362703, "iv": 60.69, "instrument_name": "BTC-30DEC22-21000-C", "index_price": 17098.52, "direction": "sell", "amount": 0.1}, {"trade_seq": 5139, "trade_id": "237608010", "timestamp": 1670916052028, "tick_direction": 1, "price": 0.0035, "mark_price": 0.00362703, "iv": 60.69, "instrument_name": "BTC-30DEC22-21000-C", "index_price": 17098.52, "direction": "sell", "amount": 0.3}, {"trade_seq": 5138, "trade_id": "237608009", "timestamp": 1670916052020, "tick_direction": 1, "price": 0.0035, "mark_price": 0.00362703, "iv": 60.69, "instrument_name": "BTC-30DEC22-21000-C", "index_price": 17098.52, "direction": "sell", "amount": 0.5}, {"trade_seq": 5137, "trade_id": "237608008", "timestamp": 1670916052005, "tick_direction": 1, "price": 0.0035, "mark_price": 0.00362703, "iv": 60.69, "instrument_name": "BTC-30DEC22-21000-C", "index_price": 17098.52, "direction": "sell", "amount": 0.8}, {"trade_seq": 5136, "trade_id": "237607256", "timestamp": 1670915446570, "tick_direction": 1, "price": 0.0035, "mark_price": 0.00372978, "iv": 60.04, "instrument_name": "BTC-30DEC22-21000-C", "index_price": 17148.69, "direction": "sell", "amount": 0.1}, {"trade_seq": 5135, "trade_id": "237607255", "timestamp": 1670915446560, "tick_direction": 1, "price": 0.0035, "mark_price": 0.00372978, "iv": 60.04, "instrument_name": "BTC-30DEC22-21000-C", "index_price": 17148.69, "direction": "sell", "amount": 0.1}, {"trade_seq": 5134, "trade_id": "237607254", "timestamp": 1670915446543, "tick_direction": 1, "price": 0.0035, "mark_price": 0.00372978, "iv": 60.04, "instrument_name": "BTC-30DEC22-21000-C", "index_price": 17148.69, "direction": "sell", "amount": 0.1}, {"trade_seq": 5133, "trade_id": "237583169", "timestamp": 1670860522358, "tick_direction": 3, "price": 0.003, "mark_price": 0.00321841, "iv": 58.53, "instrument_name": "BTC-30DEC22-21000-C", "index_price": 17008.85, "direction": "sell", "amount": 0.1}, {"trade_seq": 5132, "trade_id": "237583168", "timestamp": 1670860522343, "tick_direction": 3, "price": 0.003, "mark_price": 0.00321841, "iv": 58.53, "instrument_name": "BTC-30DEC22-21000-C", "index_price": 17008.85, "direction": "sell", "amount": 0.1}, {"trade_seq": 5131, "trade_id": "237583151", "timestamp": 1670860510118, "tick_direction": 3, "price": 0.003, "mark_price": 0.00321673, "iv": 58.54, "instrument_name": "BTC-30DEC22-21000-C", "index_price": 17008.55, "direction": "sell", "amount": 0.1}, {"trade_seq": 5130, "trade_id": "237583123", "timestamp": 1670860501993, "tick_direction": 3, "price": 0.003, "mark_price": 0.00321718, "iv": 58.53, "instrument_name": "BTC-30DEC22-21000-C", "index_price": 17008.81, "direction": "sell", "amount": 0.1}, {"trade_seq": 5129, "trade_id": "237583114", "timestamp": 1670860490450, "tick_direction": 3, "price": 0.003, "mark_price": 0.00321924, "iv": 58.53, "instrument_name": "BTC-30DEC22-21000-C", "index_price": 17009.1, "direction": "sell", "amount": 0.1}, {"trade_seq": 5128, "trade_id": "237583113", "timestamp": 1670860490434, "tick_direction": 3, "price": 0.003, "mark_price": 0.00321924, "iv": 58.53, "instrument_name": "BTC-30DEC22-21000-C", "index_price": 17009.1, "direction": "sell", "amount": 0.1}, {"trade_seq": 5127, "trade_id": "237583111", "timestamp": 1670860489848, "tick_direction": 3, "price": 0.003, "mark_price": 0.00321924, "iv": 58.52, "instrument_name": "BTC-30DEC22-21000-C", "index_price": 17009.95, "direction": "sell", "amount": 0.1}, {"trade_seq": 5126, "trade_id": "237583110", "timestamp": 1670860489838, "tick_direction": 3, "price": 0.003, "mark_price": 0.00321924, "iv": 58.52, "instrument_name": "BTC-30DEC22-21000-C", "index_price": 17009.95, "direction": "sell", "amount": 0.1}, {"trade_seq": 5125, "trade_id": "237583109", "timestamp": 1670860489815, "tick_direction": 3, "price": 0.003, "mark_price": 0.00321924, "iv": 58.52, "instrument_name": "BTC-30DEC22-21000-C", "index_price": 17009.95, "direction": "sell", "amount": 0.1}, {"trade_seq": 5124, "trade_id": "237583105", "timestamp": 1670860483712, "tick_direction": 3, "price": 0.003, "mark_price": 0.00322005, "iv": 58.52, "instrument_name": "BTC-30DEC22-21000-C", "index_price": 17010.18, "direction": "sell", "amount": 0.1}, {"trade_seq": 5123, "trade_id": "237583099", "timestamp": 1670860473552, "tick_direction": 3, "price": 0.003, "mark_price": 0.00322072, "iv": 58.52, "instrument_name": "BTC-30DEC22-21000-C", "index_price": 17010.45, "direction": "sell", "amount": 0.1}, {"trade_seq": 5122, "trade_id": "237583097", "timestamp": 1670860459325, "tick_direction": 3, "price": 0.003, "mark_price": 0.00322158, "iv": 58.51, "instrument_name": "BTC-30DEC22-21000-C", "index_price": 17010.52, "direction": "sell", "amount": 0.1}, {"trade_seq": 5121, "trade_id": "237583096", "timestamp": 1670860457312, "tick_direction": 3, "price": 0.003, "mark_price": 0.00322256, "iv": 58.51, "instrument_name": "BTC-30DEC22-21000-C", "index_price": 17010.81, "direction": "sell", "amount": 0.1}, {"trade_seq": 5120, "trade_id": "237583095", "timestamp": 1670860457301, "tick_direction": 3, "price": 0.003, "mark_price": 0.00322256, "iv": 58.51, "instrument_name": "BTC-30DEC22-21000-C", "index_price": 17010.81, "direction": "sell", "amount": 0.1}, {"trade_seq": 5119, "trade_id": "237583079", "timestamp": 1670860449163, "tick_direction": 3, "price": 0.003, "mark_price": 0.00321764, "iv": 58.52, "instrument_name": "BTC-30DEC22-21000-C", "index_price": 17009.23, "direction": "sell", "amount": 0.1}, {"trade_seq": 5118, "trade_id": "237583077", "timestamp": 1670860443049, "tick_direction": 3, "price": 0.003, "mark_price": 0.00321691, "iv": 58.52, "instrument_name": "BTC-30DEC22-21000-C", "index_price": 17009.02, "direction": "sell", "amount": 0.1}, {"trade_seq": 5117, "trade_id": "237583076", "timestamp": 1670860438974, "tick_direction": 3, "price": 0.003, "mark_price": 0.00321763, "iv": 58.52, "instrument_name": "BTC-30DEC22-21000-C", "index_price": 17009.03, "direction": "sell", "amount": 0.1}, {"trade_seq": 5116, "trade_id": "237583075", "timestamp": 1670860436945, "tick_direction": 3, "price": 0.003, "mark_price": 0.00321815, "iv": 58.52, "instrument_name": "BTC-30DEC22-21000-C", "index_price": 17009.03, "direction": "sell", "amount": 0.1}, {"trade_seq": 5115, "trade_id": "237583074", "timestamp": 1670860434934, "tick_direction": 3, "price": 0.003, "mark_price": 0.00321738, "iv": 58.52, "instrument_name": "BTC-30DEC22-21000-C", "index_price": 17009.04, "direction": "sell", "amount": 0.1}, {"trade_seq": 5114, "trade_id": "237583073", "timestamp": 1670860434909, "tick_direction": 3, "price": 0.003, "mark_price": 0.00321738, "iv": 58.52, "instrument_name": "BTC-30DEC22-21000-C", "index_price": 17009.04, "direction": "sell", "amount": 0.1}, {"trade_seq": 5113, "trade_id": "237583071", "timestamp": 1670860432902, "tick_direction": 3, "price": 0.003, "mark_price": 0.00321619, "iv": 58.52, "instrument_name": "BTC-30DEC22-21000-C", "index_price": 17008.61, "direction": "sell", "amount": 0.1}, {"trade_seq": 5112, "trade_id": "237583070", "timestamp": 1670860432880, "tick_direction": 3, "price": 0.003, "mark_price": 0.00321619, "iv": 58.52, "instrument_name": "BTC-30DEC22-21000-C", "index_price": 17008.61, "direction": "sell", "amount": 0.1}, {"trade_seq": 5111, "trade_id": "237583069", "timestamp": 1670860430870, "tick_direction": 3, "price": 0.003, "mark_price": 0.00321564, "iv": 58.52, "instrument_name": "BTC-30DEC22-21000-C", "index_price": 17008.32, "direction": "sell", "amount": 0.1}, {"trade_seq": 5110, "trade_id": "237583068", "timestamp": 1670860430846, "tick_direction": 3, "price": 0.003, "mark_price": 0.00321564, "iv": 58.52, "instrument_name": "BTC-30DEC22-21000-C", "index_price": 17008.32, "direction": "sell", "amount": 0.1}, {"trade_seq": 5109, "trade_id": "237582963", "timestamp": 1670860127896, "tick_direction": 3, "price": 0.003, "mark_price": 0.00321341, "iv": 58.45, "instrument_name": "BTC-30DEC22-21000-C", "index_price": 17013.59, "direction": "sell", "amount": 0.1}, {"trade_seq": 5108, "trade_id": "237582962", "timestamp": 1670860123858, "tick_direction": 3, "price": 0.003, "mark_price": 0.00321679, "iv": 58.44, "instrument_name": "BTC-30DEC22-21000-C", "index_price": 17013.51, "direction": "sell", "amount": 0.1}, {"trade_seq": 5107, "trade_id": "237582961", "timestamp": 1670860123834, "tick_direction": 3, "price": 0.003, "mark_price": 0.00321679, "iv": 58.44, "instrument_name": "BTC-30DEC22-21000-C", "index_price": 17013.51, "direction": "sell", "amount": 0.1}, {"trade_seq": 5106, "trade_id": "237582957", "timestamp": 1670860119808, "tick_direction": 3, "price": 0.003, "mark_price": 0.00322036, "iv": 58.42, "instrument_name": "BTC-30DEC22-21000-C", "index_price": 17013.51, "direction": "sell", "amount": 0.1}, {"trade_seq": 5105, "trade_id": "237582956", "timestamp": 1670860119799, "tick_direction": 3, "price": 0.003, "mark_price": 0.00322036, "iv": 58.42, "instrument_name": "BTC-30DEC22-21000-C", "index_price": 17013.51, "direction": "sell", "amount": 0.1}, {"trade_seq": 5104, "trade_id": "237582955", "timestamp": 1670860119788, "tick_direction": 3, "price": 0.003, "mark_price": 0.00322036, "iv": 58.42, "instrument_name": "BTC-30DEC22-21000-C", "index_price": 17013.51, "direction": "sell", "amount": 0.1}, {"trade_seq": 5103, "trade_id": "237582954", "timestamp": 1670860119774, "tick_direction": 3, "price": 0.003, "mark_price": 0.00322036, "iv": 58.42, "instrument_name": "BTC-30DEC22-21000-C", "index_price": 17013.51, "direction": "sell", "amount": 0.3}, {"trade_seq": 5102, "trade_id": "237582949", "timestamp": 1670860115772, "tick_direction": 3, "price": 0.003, "mark_price": 0.0032241, "iv": 58.41, "instrument_name": "BTC-30DEC22-21000-C", "index_price": 17013.36, "direction": "sell", "amount": 0.1}, {"trade_seq": 5101, "trade_id": "237582948", "timestamp": 1670860115763, "tick_direction": 3, "price": 0.003, "mark_price": 0.0032241, "iv": 58.41, "instrument_name": "BTC-30DEC22-21000-C", "index_price": 17013.36, "direction": "sell", "amount": 0.1}, {"trade_seq": 5100, "trade_id": "237582947", "timestamp": 1670860115732, "tick_direction": 3, "price": 0.003, "mark_price": 0.0032241, "iv": 58.41, "instrument_name": "BTC-30DEC22-21000-C", "index_price": 17013.36, "direction": "sell", "amount": 0.1}, {"trade_seq": 5099, "trade_id": "237582946", "timestamp": 1670860115715, "tick_direction": 3, "price": 0.003, "mark_price": 0.0032241, "iv": 58.41, "instrument_name": "BTC-30DEC22-21000-C", "index_price": 17013.36, "direction": "sell", "amount": 0.3}, {"trade_seq": 5098, "trade_id": "237582941", "timestamp": 1670860113705, "tick_direction": 3, "price": 0.003, "mark_price": 0.00322398, "iv": 58.4, "instrument_name": "BTC-30DEC22-21000-C", "index_price": 17013.36, "direction": "sell", "amount": 0.1}, {"trade_seq": 5097, "trade_id": "237582940", "timestamp": 1670860113677, "tick_direction": 3, "price": 0.003, "mark_price": 0.00322398, "iv": 58.4, "instrument_name": "BTC-30DEC22-21000-C", "index_price": 17013.36, "direction": "sell", "amount": 0.2}, {"trade_seq": 5096, "trade_id": "237582939", "timestamp": 1670860111671, "tick_direction": 3, "price": 0.003, "mark_price": 0.00322564, "iv": 58.4, "instrument_name": "BTC-30DEC22-21000-C", "index_price": 17013.37, "direction": "sell", "amount": 0.1}, {"trade_seq": 5095, "trade_id": "237582938", "timestamp": 1670860111660, "tick_direction": 3, "price": 0.003, "mark_price": 0.00322564, "iv": 58.4, "instrument_name": "BTC-30DEC22-21000-C", "index_price": 17013.37, "direction": "sell", "amount": 0.1}, {"trade_seq": 5094, "trade_id": "237582937", "timestamp": 1670860111646, "tick_direction": 3, "price": 0.003, "mark_price": 0.00322564, "iv": 58.4, "instrument_name": "BTC-30DEC22-21000-C", "index_price": 17013.37, "direction": "sell", "amount": 0.2}, {"trade_seq": 5093, "trade_id": "237582936", "timestamp": 1670860110496, "tick_direction": 3, "price": 0.003, "mark_price": 0.00322554, "iv": 58.4, "instrument_name": "BTC-30DEC22-21000-C", "index_price": 17013.84, "direction": "sell", "amount": 0.1}, {"trade_seq": 5092, "trade_id": "237582935", "timestamp": 1670860107933, "tick_direction": 3, "price": 0.003, "mark_price": 0.00323047, "iv": 58.38, "instrument_name": "BTC-30DEC22-21000-C", "index_price": 17015.62, "direction": "sell", "amount": 0.1}, {"trade_seq": 5091, "trade_id": "237582934", "timestamp": 1670860107922, "tick_direction": 3, "price": 0.003, "mark_price": 0.00323047, "iv": 58.38, "instrument_name": "BTC-30DEC22-21000-C", "index_price": 17015.62, "direction": "sell", "amount": 0.1}, {"trade_seq": 5090, "trade_id": "237582931", "timestamp": 1670860107906, "tick_direction": 3, "price": 0.003, "mark_price": 0.00323047, "iv": 58.38, "instrument_name": "BTC-30DEC22-21000-C", "index_price": 17015.62, "direction": "sell", "amount": 0.2}, {"trade_seq": 5089, "trade_id": "237582918", "timestamp": 1670860107577, "tick_direction": 3, "price": 0.003, "mark_price": 0.00323047, "iv": 58.38, "instrument_name": "BTC-30DEC22-21000-C", "index_price": 17015.62, "direction": "sell", "amount": 0.1}, {"trade_seq": 5088, "trade_id": "237582917", "timestamp": 1670860105547, "tick_direction": 3, "price": 0.003, "mark_price": 0.00323065, "iv": 58.38, "instrument_name": "BTC-30DEC22-21000-C", "index_price": 17015.64, "direction": "sell", "amount": 0.1}, {"trade_seq": 5087, "trade_id": "237582916", "timestamp": 1670860103542, "tick_direction": 3, "price": 0.003, "mark_price": 0.00323116, "iv": 58.38, "instrument_name": "BTC-30DEC22-21000-C", "index_price": 17015.67, "direction": "sell", "amount": 0.1}, {"trade_seq": 5086, "trade_id": "237582915", "timestamp": 1670860103518, "tick_direction": 3, "price": 0.003, "mark_price": 0.00323116, "iv": 58.38, "instrument_name": "BTC-30DEC22-21000-C", "index_price": 17015.67, "direction": "sell", "amount": 0.1}, {"trade_seq": 5085, "trade_id": "237582914", "timestamp": 1670860101490, "tick_direction": 3, "price": 0.003, "mark_price": 0.00323111, "iv": 58.37, "instrument_name": "BTC-30DEC22-21000-C", "index_price": 17015.68, "direction": "sell", "amount": 0.1}, {"trade_seq": 5084, "trade_id": "237582913", "timestamp": 1670860100899, "tick_direction": 3, "price": 0.003, "mark_price": 0.00323091, "iv": 58.37, "instrument_name": "BTC-30DEC22-21000-C", "index_price": 17015.68, "direction": "sell", "amount": 0.1}, {"trade_seq": 5083, "trade_id": "237582912", "timestamp": 1670860097437, "tick_direction": 2, "price": 0.003, "mark_price": 0.00323103, "iv": 58.37, "instrument_name": "BTC-30DEC22-21000-C", "index_price": 17015.84, "direction": "sell", "amount": 0.1}, {"trade_seq": 5082, "trade_id": "237573183", "timestamp": 1670835014958, "tick_direction": 3, "price": 0.0035, "mark_price": 0.00374156, "iv": 60.95, "instrument_name": "BTC-30DEC22-21000-C", "index_price": 16930.47, "direction": "sell", "amount": 0.3}, {"trade_seq": 5081, "trade_id": "237573181", "timestamp": 1670835012997, "tick_direction": 3, "price": 0.0035, "mark_price": 0.00374227, "iv": 60.95, "instrument_name": "BTC-30DEC22-21000-C", "index_price": 16930.52, "direction": "sell", "amount": 0.1}, {"trade_seq": 5080, "trade_id": "237573180", "timestamp": 1670835012989, "tick_direction": 3, "price": 0.0035, "mark_price": 0.00374227, "iv": 60.95, "instrument_name": "BTC-30DEC22-21000-C", "index_price": 16930.52, "direction": "sell", "amount": 0.2}, {"trade_seq": 5079, "trade_id": "237573179", "timestamp": 1670835012978, "tick_direction": 3, "price": 0.0035, "mark_price": 0.00374227, "iv": 60.95, "instrument_name": "BTC-30DEC22-21000-C", "index_price": 16930.52, "direction": "sell", "amount": 0.3}, {"trade_seq": 5078, "trade_id": "237573178", "timestamp": 1670835010902, "tick_direction": 3, "price": 0.0035, "mark_price": 0.00374302, "iv": 60.95, "instrument_name": "BTC-30DEC22-21000-C", "index_price": 16930.48, "direction": "sell", "amount": 0.1}, {"trade_seq": 5077, "trade_id": "237573176", "timestamp": 1670835009129, "tick_direction": 3, "price": 0.0035, "mark_price": 0.00374434, "iv": 60.95, "instrument_name": "BTC-30DEC22-21000-C", "index_price": 16930.56, "direction": "sell", "amount": 0.1}, {"trade_seq": 5076, "trade_id": "237573175", "timestamp": 1670835009116, "tick_direction": 3, "price": 0.0035, "mark_price": 0.00374434, "iv": 60.95, "instrument_name": "BTC-30DEC22-21000-C", "index_price": 16930.56, "direction": "sell", "amount": 0.1}, {"trade_seq": 5075, "trade_id": "237573172", "timestamp": 1670835009101, "tick_direction": 3, "price": 0.0035, "mark_price": 0.00374434, "iv": 60.95, "instrument_name": "BTC-30DEC22-21000-C", "index_price": 16930.56, "direction": "sell", "amount": 0.1}, {"trade_seq": 5074, "trade_id": "237573171", "timestamp": 1670835009091, "tick_direction": 3, "price": 0.0035, "mark_price": 0.00374434, "iv": 60.95, "instrument_name": "BTC-30DEC22-21000-C", "index_price": 16930.56, "direction": "sell", "amount": 0.1}, {"trade_seq": 5073, "trade_id": "237573167", "timestamp": 1670835009072, "tick_direction": 3, "price": 0.0035, "mark_price": 0.00374434, "iv": 60.95, "instrument_name": "BTC-30DEC22-21000-C", "index_price": 16930.56, "direction": "sell", "amount": 0.1}, {"trade_seq": 5072, "trade_id": "237573166", "timestamp": 1670835009067, "tick_direction": 3, "price": 0.0035, "mark_price": 0.00374434, "iv": 60.95, "instrument_name": "BTC-30DEC22-21000-C", "index_price": 16930.56, "direction": "sell", "amount": 0.3}, {"trade_seq": 5071, "trade_id": "237573163", "timestamp": 1670835009057, "tick_direction": 3, "price": 0.0035, "mark_price": 0.00374434, "iv": 60.95, "instrument_name": "BTC-30DEC22-21000-C", "index_price": 16930.56, "direction": "sell", "amount": 0.1}, {"trade_seq": 5070, "trade_id": "237573161", "timestamp": 1670835009053, "tick_direction": 3, "price": 0.0035, "mark_price": 0.00374434, "iv": 60.95, "instrument_name": "BTC-30DEC22-21000-C", "index_price": 16930.56, "direction": "sell", "amount": 0.6}, {"trade_seq": 5069, "trade_id": "237573159", "timestamp": 1670835009040, "tick_direction": 3, "price": 0.0035, "mark_price": 0.00374434, "iv": 60.95, "instrument_name": "BTC-30DEC22-21000-C", "index_price": 16930.56, "direction": "sell", "amount": 1.2}, {"trade_seq": 5068, "trade_id": "237573158", "timestamp": 1670835009025, "tick_direction": 3, "price": 0.0035, "mark_price": 0.00374434, "iv": 60.95, "instrument_name": "BTC-30DEC22-21000-C", "index_price": 16930.56, "direction": "sell", "amount": 2.0}, {"trade_seq": 5067, "trade_id": "237573156", "timestamp": 1670835009003, "tick_direction": 3, "price": 0.0035, "mark_price": 0.00374434, "iv": 60.95, "instrument_name": "BTC-30DEC22-21000-C", "index_price": 16930.56, "direction": "sell", "amount": 3.4}, {"trade_seq": 5066, "trade_id": "237573154", "timestamp": 1670835008977, "tick_direction": 3, "price": 0.0035, "mark_price": 0.00374434, "iv": 60.95, "instrument_name": "BTC-30DEC22-21000-C", "index_price": 16930.56, "direction": "sell", "amount": 5.6}, {"trade_seq": 5065, "trade_id": "237573153", "timestamp": 1670835008956, "tick_direction": 2, "price": 0.0035, "mark_price": 0.00374434, "iv": 60.95, "instrument_name": "BTC-30DEC22-21000-C", "index_price": 16930.56, "direction": "sell", "amount": 9.4}, {"trade_seq": 5064, "trade_id": "237572894", "timestamp": 1670833878847, "tick_direction": 3, "price": 0.004, "mark_price": 0.00365204, "iv": 62.86, "instrument_name": "BTC-30DEC22-21000-C", "index_price": 16918.32, "direction": "buy", "amount": 0.5}, {"trade_seq": 5063, "trade_id": "237572893", "timestamp": 1670833878847, "tick_direction": 3, "price": 0.004, "mark_price": 0.00365204, "iv": 62.86, "instrument_name": "BTC-30DEC22-21000-C", "index_price": 16918.32, "direction": "buy", "amount": 1.2}, {"trade_seq": 5062, "trade_id": "237572887", "timestamp": 1670833878806, "tick_direction": 3, "price": 0.004, "mark_price": 0.00365204, "iv": 62.86, "instrument_name": "BTC-30DEC22-21000-C", "index_price": 16918.32, "direction": "buy", "amount": 1.7}, {"trade_seq": 5061, "trade_id": "237572877", "timestamp": 1670833877927, "tick_direction": 2, "price": 0.004, "mark_price": 0.00365204, "iv": 62.88, "instrument_name": "BTC-30DEC22-21000-C", "index_price": 16917.39, "direction": "buy", "amount": 7.9}, {"trade_seq": 5060, "trade_id": "237572832", "timestamp": 1670833876831, "tick_direction": 1, "price": 0.0045, "mark_price": 0.00365058, "iv": 64.53, "instrument_name": "BTC-30DEC22-21000-C", "index_price": 16917.19, "direction": "buy", "amount": 2.2}, {"trade_seq": 5059, "trade_id": "237572831", "timestamp": 1670833876819, "tick_direction": 0, "price": 0.0045, "mark_price": 0.00365058, "iv": 64.53, "instrument_name": "BTC-30DEC22-21000-C", "index_price": 16917.19, "direction": "buy", "amount": 1.9}, {"trade_seq": 5058, "trade_id": "237572830", "timestamp": 1670833876819, "tick_direction": 1, "price": 0.004, "mark_price": 0.00365058, "iv": 62.88, "instrument_name": "BTC-30DEC22-21000-C", "index_price": 16917.19, "direction": "buy", "amount": 1.7}, {"trade_seq": 5057, "trade_id": "237572829", "timestamp": 1670833876784, "tick_direction": 1, "price": 0.004, "mark_price": 0.00365058, "iv": 62.88, "instrument_name": "BTC-30DEC22-21000-C", "index_price": 16917.19, "direction": "buy", "amount": 1.9}, {"trade_seq": 5056, "trade_id": "237572828", "timestamp": 1670833876784, "tick_direction": 1, "price": 0.004, "mark_price": 0.00365058, "iv": 62.88, "instrument_name": "BTC-30DEC22-21000-C", "index_price": 16917.19, "direction": "buy", "amount": 4.0}, {"trade_seq": 5055, "trade_id": "237572827", "timestamp": 1670833876784, "tick_direction": 0, "price": 0.004, "mark_price": 0.00365058, "iv": 62.88, "instrument_name": "BTC-30DEC22-21000-C", "index_price": 16917.19, "direction": "buy", "amount": 10.1}, {"trade_seq": 5054, "trade_id": "237572758", "timestamp": 1670833779503, "tick_direction": 3, "price": 0.0035, "mark_price": 0.00370607, "iv": 61.06, "instrument_name": "BTC-30DEC22-21000-C", "index_price": 16922.68, "direction": "sell", "amount": 0.1}, {"trade_seq": 5053, "trade_id": "237572757", "timestamp": 1670833779490, "tick_direction": 3, "price": 0.0035, "mark_price": 0.00370607, "iv": 61.06, "instrument_name": "BTC-30DEC22-21000-C", "index_price": 16922.68, "direction": "sell", "amount": 0.4}, {"trade_seq": 5052, "trade_id": "237572756", "timestamp": 1670833779447, "tick_direction": 3, "price": 0.0035, "mark_price": 0.00370607, "iv": 61.06, "instrument_name": "BTC-30DEC22-21000-C", "index_price": 16922.68, "direction": "sell", "amount": 0.3}, {"trade_seq": 5051, "trade_id": "237572755", "timestamp": 1670833779447, "tick_direction": 3, "price": 0.0035, "mark_price": 0.00370607, "iv": 61.06, "instrument_name": "BTC-30DEC22-21000-C", "index_price": 16922.68, "direction": "sell", "amount": 0.3}, {"trade_seq": 5050, "trade_id": "237572754", "timestamp": 1670833779447, "tick_direction": 3, "price": 0.0035, "mark_price": 0.00370607, "iv": 61.06, "instrument_name": "BTC-30DEC22-21000-C", "index_price": 16922.68, "direction": "sell", "amount": 0.2}, {"trade_seq": 5049, "trade_id": "237564777", "timestamp": 1670807568029, "tick_direction": 3, "price": 0.004, "mark_price": 0.00381704, "iv": 62.15, "instrument_name": "BTC-30DEC22-21000-C", "index_price": 16946.39, "direction": "buy", "amount": 0.1}, {"trade_seq": 5048, "trade_id": "237564776", "timestamp": 1670807567956, "tick_direction": 3, "price": 0.004, "mark_price": 0.00381704, "iv": 62.16, "instrument_name": "BTC-30DEC22-21000-C", "index_price": 16945.48, "direction": "buy", "amount": 0.1}, {"trade_seq": 5047, "trade_id": "237564672", "timestamp": 1670807399780, "tick_direction": 3, "price": 0.004, "mark_price": 0.00380638, "iv": 62.27, "instrument_name": "BTC-30DEC22-21000-C", "index_price": 16934.82, "direction": "buy", "amount": 0.1}, {"trade_seq": 5046, "trade_id": "237564670", "timestamp": 1670807399761, "tick_direction": 3, "price": 0.004, "mark_price": 0.00380638, "iv": 62.27, "instrument_name": "BTC-30DEC22-21000-C", "index_price": 16934.82, "direction": "buy", "amount": 0.1}, {"trade_seq": 5045, "trade_id": "237564665", "timestamp": 1670807399517, "tick_direction": 3, "price": 0.004, "mark_price": 0.00380638, "iv": 62.27, "instrument_name": "BTC-30DEC22-21000-C", "index_price": 16934.82, "direction": "buy", "amount": 0.1}, {"trade_seq": 5044, "trade_id": "237564664", "timestamp": 1670807399321, "tick_direction": 3, "price": 0.004, "mark_price": 0.00380638, "iv": 62.27, "instrument_name": "BTC-30DEC22-21000-C", "index_price": 16934.82, "direction": "buy", "amount": 0.1}, {"trade_seq": 5043, "trade_id": "237564663", "timestamp": 1670807393957, "tick_direction": 3, "price": 0.004, "mark_price": 0.00380534, "iv": 62.27, "instrument_name": "BTC-30DEC22-21000-C", "index_price": 16934.89, "direction": "buy", "amount": 0.2}, {"trade_seq": 5042, "trade_id": "237564662", "timestamp": 1670807390149, "tick_direction": 3, "price": 0.004, "mark_price": 0.00380278, "iv": 62.26, "instrument_name": "BTC-30DEC22-21000-C", "index_price": 16934.81, "direction": "buy", "amount": 0.3}, {"trade_seq": 5041, "trade_id": "237564661", "timestamp": 1670807385849, "tick_direction": 3, "price": 0.004, "mark_price": 0.00380033, "iv": 62.27, "instrument_name": "BTC-30DEC22-21000-C", "index_price": 16934.16, "direction": "buy", "amount": 0.2}, {"trade_seq": 5040, "trade_id": "237564660", "timestamp": 1670807382273, "tick_direction": 3, "price": 0.004, "mark_price": 0.00380002, "iv": 62.28, "instrument_name": "BTC-30DEC22-21000-C", "index_price": 16933.86, "direction": "buy", "amount": 0.1}, {"trade_seq": 5039, "trade_id": "237564659", "timestamp": 1670807380689, "tick_direction": 3, "price": 0.004, "mark_price": 0.00379497, "iv": 62.28, "instrument_name": "BTC-30DEC22-21000-C", "index_price": 16934.03, "direction": "buy", "amount": 0.1}, {"trade_seq": 5038, "trade_id": "237564658", "timestamp": 1670807380668, "tick_direction": 3, "price": 0.004, "mark_price": 0.00379497, "iv": 62.29, "instrument_name": "BTC-30DEC22-21000-C", "index_price": 16933.15, "direction": "buy", "amount": 0.1}, {"trade_seq": 5037, "trade_id": "237564657", "timestamp": 1670807379729, "tick_direction": 3, "price": 0.004, "mark_price": 0.00379171, "iv": 62.29, "instrument_name": "BTC-30DEC22-21000-C", "index_price": 16933.15, "direction": "buy", "amount": 0.1}, {"trade_seq": 5036, "trade_id": "237564654", "timestamp": 1670807378784, "tick_direction": 3, "price": 0.004, "mark_price": 0.0037918, "iv": 62.31, "instrument_name": "BTC-30DEC22-21000-C", "index_price": 16932.32, "direction": "buy", "amount": 0.1}, {"trade_seq": 5035, "trade_id": "237564498", "timestamp": 1670807202832, "tick_direction": 3, "price": 0.004, "mark_price": 0.00385999, "iv": 62.11, "instrument_name": "BTC-30DEC22-21000-C", "index_price": 16949.22, "direction": "buy", "amount": 0.1}, {"trade_seq": 5034, "trade_id": "237564497", "timestamp": 1670807201334, "tick_direction": 3, "price": 0.004, "mark_price": 0.00385678, "iv": 62.12, "instrument_name": "BTC-30DEC22-21000-C", "index_price": 16948.15, "direction": "buy", "amount": 0.1}, {"trade_seq": 5033, "trade_id": "237564496", "timestamp": 1670807201256, "tick_direction": 3, "price": 0.004, "mark_price": 0.00385678, "iv": 62.12, "instrument_name": "BTC-30DEC22-21000-C", "index_price": 16948.15, "direction": "buy", "amount": 0.1}, {"trade_seq": 5032, "trade_id": "237564495", "timestamp": 1670807198680, "tick_direction": 3, "price": 0.004, "mark_price": 0.00385809, "iv": 62.12, "instrument_name": "BTC-30DEC22-21000-C", "index_price": 16948.01, "direction": "buy", "amount": 0.2}, {"trade_seq": 5031, "trade_id": "237564494", "timestamp": 1670807196662, "tick_direction": 3, "price": 0.004, "mark_price": 0.00385952, "iv": 62.11, "instrument_name": "BTC-30DEC22-21000-C", "index_price": 16947.99, "direction": "buy", "amount": 0.1}, {"trade_seq": 5030, "trade_id": "237564492", "timestamp": 1670807196646, "tick_direction": 3, "price": 0.004, "mark_price": 0.00385952, "iv": 62.11, "instrument_name": "BTC-30DEC22-21000-C", "index_price": 16947.99, "direction": "buy", "amount": 0.2}, {"trade_seq": 5029, "trade_id": "237564490", "timestamp": 1670807191731, "tick_direction": 3, "price": 0.004, "mark_price": 0.00386176, "iv": 62.11, "instrument_name": "BTC-30DEC22-21000-C", "index_price": 16947.69, "direction": "buy", "amount": 0.2}, {"trade_seq": 5028, "trade_id": "237564487", "timestamp": 1670807188486, "tick_direction": 3, "price": 0.004, "mark_price": 0.00386367, "iv": 62.11, "instrument_name": "BTC-30DEC22-21000-C", "index_price": 16947.86, "direction": "buy", "amount": 0.2}, {"trade_seq": 5027, "trade_id": "237564484", "timestamp": 1670807186452, "tick_direction": 3, "price": 0.004, "mark_price": 0.00386625, "iv": 62.1, "instrument_name": "BTC-30DEC22-21000-C", "index_price": 16948.06, "direction": "buy", "amount": 0.2}, {"trade_seq": 5026, "trade_id": "237564481", "timestamp": 1670807184395, "tick_direction": 3, "price": 0.004, "mark_price": 0.00386411, "iv": 62.1, "instrument_name": "BTC-30DEC22-21000-C", "index_price": 16948.5, "direction": "buy", "amount": 0.2}, {"trade_seq": 5025, "trade_id": "237564473", "timestamp": 1670807182375, "tick_direction": 3, "price": 0.004, "mark_price": 0.0038638, "iv": 62.11, "instrument_name": "BTC-30DEC22-21000-C", "index_price": 16947.9, "direction": "buy", "amount": 0.1}, {"trade_seq": 5024, "trade_id": "237564346", "timestamp": 1670807016031, "tick_direction": 3, "price": 0.004, "mark_price": 0.00392558, "iv": 62.1, "instrument_name": "BTC-30DEC22-21000-C", "index_price": 16945.97, "direction": "buy", "amount": 0.2}, {"trade_seq": 5023, "trade_id": "237564344", "timestamp": 1670807016015, "tick_direction": 3, "price": 0.004, "mark_price": 0.00392558, "iv": 62.1, "instrument_name": "BTC-30DEC22-21000-C", "index_price": 16945.97, "direction": "buy", "amount": 0.3}, {"trade_seq": 5022, "trade_id": "237564337", "timestamp": 1670807015907, "tick_direction": 3, "price": 0.004, "mark_price": 0.00392558, "iv": 62.1, "instrument_name": "BTC-30DEC22-21000-C", "index_price": 16945.97, "direction": "buy", "amount": 0.2}, {"trade_seq": 5021, "trade_id": "237564226", "timestamp": 1670806940359, "tick_direction": 3, "price": 0.004, "mark_price": 0.00392895, "iv": 62.18, "instrument_name": "BTC-30DEC22-21000-C", "index_price": 16938.64, "direction": "buy", "amount": 0.1}, {"trade_seq": 5020, "trade_id": "237564225", "timestamp": 1670806940151, "tick_direction": 3, "price": 0.004, "mark_price": 0.00392895, "iv": 62.18, "instrument_name": "BTC-30DEC22-21000-C", "index_price": 16938.64, "direction": "buy", "amount": 0.1}, {"trade_seq": 5019, "trade_id": "237564219", "timestamp": 1670806917964, "tick_direction": 3, "price": 0.004, "mark_price": 0.00395038, "iv": 62.14, "instrument_name": "BTC-30DEC22-21000-C", "index_price": 16942.81, "direction": "buy", "amount": 0.1}, {"trade_seq": 5018, "trade_id": "237564217", "timestamp": 1670806893875, "tick_direction": 3, "price": 0.004, "mark_price": 0.00396395, "iv": 62.13, "instrument_name": "BTC-30DEC22-21000-C", "index_price": 16943.31, "direction": "buy", "amount": 0.1}, {"trade_seq": 5017, "trade_id": "237564216", "timestamp": 1670806893874, "tick_direction": 3, "price": 0.004, "mark_price": 0.00396395, "iv": 62.13, "instrument_name": "BTC-30DEC22-21000-C", "index_price": 16943.31, "direction": "buy", "amount": 0.1}, {"trade_seq": 5016, "trade_id": "237564209", "timestamp": 1670806893712, "tick_direction": 3, "price": 0.004, "mark_price": 0.00396395, "iv": 62.13, "instrument_name": "BTC-30DEC22-21000-C", "index_price": 16943.31, "direction": "buy", "amount": 0.1}, {"trade_seq": 5015, "trade_id": "237564208", "timestamp": 1670806893702, "tick_direction": 3, "price": 0.004, "mark_price": 0.00396395, "iv": 62.13, "instrument_name": "BTC-30DEC22-21000-C", "index_price": 16943.31, "direction": "buy", "amount": 0.1}, {"trade_seq": 5014, "trade_id": "237564207", "timestamp": 1670806893596, "tick_direction": 3, "price": 0.004, "mark_price": 0.00396395, "iv": 62.13, "instrument_name": "BTC-30DEC22-21000-C", "index_price": 16943.31, "direction": "buy", "amount": 0.2}, {"trade_seq": 5013, "trade_id": "237564197", "timestamp": 1670806873114, "tick_direction": 3, "price": 0.004, "mark_price": 0.00397066, "iv": 62.13, "instrument_name": "BTC-30DEC22-21000-C", "index_price": 16942.95, "direction": "buy", "amount": 0.1}, {"trade_seq": 5012, "trade_id": "237564128", "timestamp": 1670806781569, "tick_direction": 3, "price": 0.004, "mark_price": 0.0040323, "iv": 62.07, "instrument_name": "BTC-30DEC22-21000-C", "index_price": 16951.6, "direction": "buy", "amount": 0.1}, {"trade_seq": 5011, "trade_id": "237564127", "timestamp": 1670806781381, "tick_direction": 3, "price": 0.004, "mark_price": 0.0040323, "iv": 62.09, "instrument_name": "BTC-30DEC22-21000-C", "index_price": 16950.33, "direction": "buy", "amount": 0.1}, {"trade_seq": 5010, "trade_id": "237564123", "timestamp": 1670806778567, "tick_direction": 3, "price": 0.004, "mark_price": 0.0040292, "iv": 62.09, "instrument_name": "BTC-30DEC22-21000-C", "index_price": 16950.45, "direction": "buy", "amount": 0.1}, {"trade_seq": 5009, "trade_id": "237564122", "timestamp": 1670806778369, "tick_direction": 3, "price": 0.004, "mark_price": 0.0040292, "iv": 62.1, "instrument_name": "BTC-30DEC22-21000-C", "index_price": 16948.95, "direction": "buy", "amount": 0.1}, {"trade_seq": 5008, "trade_id": "237564114", "timestamp": 1670806773610, "tick_direction": 3, "price": 0.004, "mark_price": 0.004033, "iv": 62.1, "instrument_name": "BTC-30DEC22-21000-C", "index_price": 16949.05, "direction": "buy", "amount": 0.1}, {"trade_seq": 5007, "trade_id": "237564110", "timestamp": 1670806771602, "tick_direction": 3, "price": 0.004, "mark_price": 0.00403503, "iv": 62.1, "instrument_name": "BTC-30DEC22-21000-C", "index_price": 16948.74, "direction": "buy", "amount": 0.1}, {"trade_seq": 5006, "trade_id": "237564109", "timestamp": 1670806771592, "tick_direction": 3, "price": 0.004, "mark_price": 0.00403503, "iv": 62.1, "instrument_name": "BTC-30DEC22-21000-C", "index_price": 16948.74, "direction": "buy", "amount": 0.1}, {"trade_seq": 5005, "trade_id": "237564108", "timestamp": 1670806771566, "tick_direction": 3, "price": 0.004, "mark_price": 0.00403503, "iv": 62.1, "instrument_name": "BTC-30DEC22-21000-C", "index_price": 16948.74, "direction": "buy", "amount": 0.2}, {"trade_seq": 5004, "trade_id": "237564107", "timestamp": 1670806765446, "tick_direction": 3, "price": 0.004, "mark_price": 0.00403475, "iv": 62.1, "instrument_name": "BTC-30DEC22-21000-C", "index_price": 16947.42, "direction": "buy", "amount": 0.1}, {"trade_seq": 5003, "trade_id": "237564105", "timestamp": 1670806756730, "tick_direction": 3, "price": 0.004, "mark_price": 0.00404923, "iv": 62.08, "instrument_name": "BTC-30DEC22-21000-C", "index_price": 16948.59, "direction": "buy", "amount": 0.1}, {"trade_seq": 5002, "trade_id": "237564101", "timestamp": 1670806752966, "tick_direction": 3, "price": 0.004, "mark_price": 0.00403173, "iv": 62.12, "instrument_name": "BTC-30DEC22-21000-C", "index_price": 16945.35, "direction": "buy", "amount": 0.1}, {"trade_seq": 5001, "trade_id": "237564100", "timestamp": 1670806752953, "tick_direction": 3, "price": 0.004, "mark_price": 0.00403173, "iv": 62.12, "instrument_name": "BTC-30DEC22-21000-C", "index_price": 16945.35, "direction": "buy", "amount": 0.1}, {"trade_seq": 5000, "trade_id": "237564096", "timestamp": 1670806751957, "tick_direction": 3, "price": 0.004, "mark_price": 0.00403212, "iv": 62.15, "instrument_name": "BTC-30DEC22-21000-C", "index_price": 16943.17, "direction": "buy", "amount": 0.1}, {"trade_seq": 4999, "trade_id": "237564095", "timestamp": 1670806751940, "tick_direction": 3, "price": 0.004, "mark_price": 0.00403212, "iv": 62.15, "instrument_name": "BTC-30DEC22-21000-C", "index_price": 16943.17, "direction": "buy", "amount": 0.1}, {"trade_seq": 4998, "trade_id": "237564094", "timestamp": 1670806751652, "tick_direction": 3, "price": 0.004, "mark_price": 0.00403212, "iv": 62.15, "instrument_name": "BTC-30DEC22-21000-C", "index_price": 16943.17, "direction": "buy", "amount": 0.1}, {"trade_seq": 4997, "trade_id": "237564086", "timestamp": 1670806748824, "tick_direction": 3, "price": 0.004, "mark_price": 0.00403196, "iv": 62.15, "instrument_name": "BTC-30DEC22-21000-C", "index_price": 16942.7, "direction": "buy", "amount": 0.1}, {"trade_seq": 4996, "trade_id": "237564085", "timestamp": 1670806748137, "tick_direction": 3, "price": 0.004, "mark_price": 0.00403274, "iv": 62.15, "instrument_name": "BTC-30DEC22-21000-C", "index_price": 16942.77, "direction": "buy", "amount": 0.1}, {"trade_seq": 4995, "trade_id": "237564084", "timestamp": 1670806748120, "tick_direction": 3, "price": 0.004, "mark_price": 0.00403274, "iv": 62.15, "instrument_name": "BTC-30DEC22-21000-C", "index_price": 16942.77, "direction": "buy", "amount": 0.2}, {"trade_seq": 4994, "trade_id": "237564014", "timestamp": 1670806739773, "tick_direction": 3, "price": 0.004, "mark_price": 0.00404257, "iv": 62.14, "instrument_name": "BTC-30DEC22-21000-C", "index_price": 16945.18, "direction": "buy", "amount": 0.2}, {"trade_seq": 4993, "trade_id": "237564003", "timestamp": 1670806735909, "tick_direction": 3, "price": 0.004, "mark_price": 0.00405551, "iv": 62.1, "instrument_name": "BTC-30DEC22-21000-C", "index_price": 16947.88, "direction": "buy", "amount": 0.2}, {"trade_seq": 4992, "trade_id": "237564000", "timestamp": 1670806733890, "tick_direction": 3, "price": 0.004, "mark_price": 0.00405803, "iv": 62.1, "instrument_name": "BTC-30DEC22-21000-C", "index_price": 16948.21, "direction": "buy", "amount": 0.1}, {"trade_seq": 4991, "trade_id": "237563999", "timestamp": 1670806732929, "tick_direction": 3, "price": 0.004, "mark_price": 0.00406474, "iv": 62.08, "instrument_name": "BTC-30DEC22-21000-C", "index_price": 16949.55, "direction": "buy", "amount": 0.1}, {"trade_seq": 4990, "trade_id": "237563998", "timestamp": 1670806732683, "tick_direction": 3, "price": 0.004, "mark_price": 0.00406474, "iv": 62.08, "instrument_name": "BTC-30DEC22-21000-C", "index_price": 16949.55, "direction": "buy", "amount": 0.1}, {"trade_seq": 4989, "trade_id": "237563981", "timestamp": 1670806731795, "tick_direction": 3, "price": 0.004, "mark_price": 0.00405653, "iv": 62.11, "instrument_name": "BTC-30DEC22-21000-C", "index_price": 16947.17, "direction": "buy", "amount": 0.1}, {"trade_seq": 4988, "trade_id": "237563980", "timestamp": 1670806731402, "tick_direction": 3, "price": 0.004, "mark_price": 0.00405653, "iv": 62.11, "instrument_name": "BTC-30DEC22-21000-C", "index_price": 16947.17, "direction": "buy", "amount": 0.1}, {"trade_seq": 4987, "trade_id": "237563970", "timestamp": 1670806729639, "tick_direction": 3, "price": 0.004, "mark_price": 0.00405897, "iv": 61.98, "instrument_name": "BTC-30DEC22-21000-C", "index_price": 16947.55, "direction": "buy", "amount": 0.1}, {"trade_seq": 4986, "trade_id": "237563968", "timestamp": 1670806729476, "tick_direction": 3, "price": 0.004, "mark_price": 0.00405897, "iv": 61.98, "instrument_name": "BTC-30DEC22-21000-C", "index_price": 16947.55, "direction": "buy", "amount": 0.1}, {"trade_seq": 4985, "trade_id": "237563967", "timestamp": 1670806729457, "tick_direction": 3, "price": 0.004, "mark_price": 0.00405897, "iv": 61.98, "instrument_name": "BTC-30DEC22-21000-C", "index_price": 16947.55, "direction": "buy", "amount": 0.2}, {"trade_seq": 4984, "trade_id": "237563950", "timestamp": 1670806729224, "tick_direction": 3, "price": 0.004, "mark_price": 0.00405897, "iv": 61.98, "instrument_name": "BTC-30DEC22-21000-C", "index_price": 16947.55, "direction": "buy", "amount": 0.1}, {"trade_seq": 4983, "trade_id": "237563942", "timestamp": 1670806729041, "tick_direction": 3, "price": 0.004, "mark_price": 0.00409926, "iv": 61.97, "instrument_name": "BTC-30DEC22-21000-C", "index_price": 16957.09, "direction": "buy", "amount": 0.1}, {"trade_seq": 4982, "trade_id": "237563941", "timestamp": 1670806728962, "tick_direction": 3, "price": 0.004, "mark_price": 0.00409926, "iv": 61.97, "instrument_name": "BTC-30DEC22-21000-C", "index_price": 16957.09, "direction": "buy", "amount": 0.1}, {"trade_seq": 4981, "trade_id": "237563938", "timestamp": 1670806728931, "tick_direction": 3, "price": 0.004, "mark_price": 0.00409926, "iv": 61.97, "instrument_name": "BTC-30DEC22-21000-C", "index_price": 16957.09, "direction": "buy", "amount": 0.1}, {"trade_seq": 4980, "trade_id": "237563932", "timestamp": 1670806728855, "tick_direction": 3, "price": 0.004, "mark_price": 0.00409926, "iv": 61.97, "instrument_name": "BTC-30DEC22-21000-C", "index_price": 16957.09, "direction": "buy", "amount": 0.4}, {"trade_seq": 4979, "trade_id": "237563780", "timestamp": 1670806710542, "tick_direction": 3, "price": 0.004, "mark_price": 0.0041402, "iv": 61.88, "instrument_name": "BTC-30DEC22-21000-C", "index_price": 16963.9, "direction": "buy", "amount": 0.1}, {"trade_seq": 4978, "trade_id": "237563779", "timestamp": 1670806709991, "tick_direction": 3, "price": 0.004, "mark_price": 0.00414376, "iv": 61.88, "instrument_name": "BTC-30DEC22-21000-C", "index_price": 16963.9, "direction": "buy", "amount": 0.1}, {"trade_seq": 4977, "trade_id": "237563778", "timestamp": 1670806706482, "tick_direction": 3, "price": 0.004, "mark_price": 0.00414425, "iv": 61.88, "instrument_name": "BTC-30DEC22-21000-C", "index_price": 16964.31, "direction": "buy", "amount": 0.1}, {"trade_seq": 4976, "trade_id": "237563777", "timestamp": 1670806702417, "tick_direction": 3, "price": 0.004, "mark_price": 0.0041417, "iv": 61.9, "instrument_name": "BTC-30DEC22-21000-C", "index_price": 16963.27, "direction": "buy", "amount": 0.1}, {"trade_seq": 4975, "trade_id": "237563776", "timestamp": 1670806701680, "tick_direction": 3, "price": 0.004, "mark_price": 0.00413851, "iv": 61.91, "instrument_name": "BTC-30DEC22-21000-C", "index_price": 16962.26, "direction": "buy", "amount": 0.1}, {"trade_seq": 4974, "trade_id": "237563775", "timestamp": 1670806701665, "tick_direction": 3, "price": 0.004, "mark_price": 0.00413851, "iv": 61.91, "instrument_name": "BTC-30DEC22-21000-C", "index_price": 16962.26, "direction": "buy", "amount": 0.2}, {"trade_seq": 4973, "trade_id": "237563774", "timestamp": 1670806701661, "tick_direction": 3, "price": 0.004, "mark_price": 0.00413851, "iv": 61.91, "instrument_name": "BTC-30DEC22-21000-C", "index_price": 16962.26, "direction": "buy", "amount": 0.1}, {"trade_seq": 4972, "trade_id": "237563773", "timestamp": 1670806701653, "tick_direction": 3, "price": 0.004, "mark_price": 0.00413851, "iv": 61.91, "instrument_name": "BTC-30DEC22-21000-C", "index_price": 16962.26, "direction": "buy", "amount": 0.3}, {"trade_seq": 4971, "trade_id": "237563758", "timestamp": 1670806684112, "tick_direction": 3, "price": 0.004, "mark_price": 0.00414436, "iv": 61.94, "instrument_name": "BTC-30DEC22-21000-C", "index_price": 16960.92, "direction": "buy", "amount": 0.2}, {"trade_seq": 4970, "trade_id": "237563754", "timestamp": 1670806682091, "tick_direction": 3, "price": 0.004, "mark_price": 0.00414438, "iv": 61.94, "instrument_name": "BTC-30DEC22-21000-C", "index_price": 16960.68, "direction": "buy", "amount": 0.1}, {"trade_seq": 4969, "trade_id": "237563752", "timestamp": 1670806675980, "tick_direction": 3, "price": 0.004, "mark_price": 0.00414897, "iv": 61.95, "instrument_name": "BTC-30DEC22-21000-C", "index_price": 16960.74, "direction": "buy", "amount": 0.2}, {"trade_seq": 4968, "trade_id": "237563751", "timestamp": 1670806673941, "tick_direction": 3, "price": 0.004, "mark_price": 0.0041509, "iv": 61.95, "instrument_name": "BTC-30DEC22-21000-C", "index_price": 16960.74, "direction": "buy", "amount": 0.2}, {"trade_seq": 4967, "trade_id": "237563750", "timestamp": 1670806671921, "tick_direction": 2, "price": 0.004, "mark_price": 0.004151, "iv": 61.95, "instrument_name": "BTC-30DEC22-21000-C", "index_price": 16960.49, "direction": "buy", "amount": 0.3}, {"trade_seq": 4966, "trade_id": "237554531", "timestamp": 1670789812131, "tick_direction": 1, "price": 0.0045, "mark_price": 0.00416922, "iv": 61.17, "instrument_name": "BTC-30DEC22-21000-C", "index_price": 17115.54, "direction": "buy", "amount": 0.1}, {"trade_seq": 4965, "trade_id": "237554530", "timestamp": 1670789812111, "tick_direction": 1, "price": 0.0045, "mark_price": 0.00416922, "iv": 61.17, "instrument_name": "BTC-30DEC22-21000-C", "index_price": 17115.54, "direction": "buy", "amount": 0.1}, {"trade_seq": 4964, "trade_id": "237554529", "timestamp": 1670789812078, "tick_direction": 1, "price": 0.0045, "mark_price": 0.00416922, "iv": 61.17, "instrument_name": "BTC-30DEC22-21000-C", "index_price": 17115.54, "direction": "buy", "amount": 0.1}, {"trade_seq": 4963, "trade_id": "237554521", "timestamp": 1670789805322, "tick_direction": 1, "price": 0.0045, "mark_price": 0.00415569, "iv": 61.2, "instrument_name": "BTC-30DEC22-21000-C", "index_price": 17113.12, "direction": "buy", "amount": 0.1}, {"trade_seq": 4962, "trade_id": "237554520", "timestamp": 1670789805303, "tick_direction": 1, "price": 0.0045, "mark_price": 0.00415569, "iv": 61.2, "instrument_name": "BTC-30DEC22-21000-C", "index_price": 17113.12, "direction": "buy", "amount": 0.1}, {"trade_seq": 4961, "trade_id": "237554518", "timestamp": 1670789805003, "tick_direction": 1, "price": 0.0045, "mark_price": 0.00416245, "iv": 61.24, "instrument_name": "BTC-30DEC22-21000-C", "index_price": 17110.59, "direction": "buy", "amount": 0.1}, {"trade_seq": 4960, "trade_id": "237554517", "timestamp": 1670789804994, "tick_direction": 1, "price": 0.0045, "mark_price": 0.00416245, "iv": 61.24, "instrument_name": "BTC-30DEC22-21000-C", "index_price": 17110.59, "direction": "buy", "amount": 0.1}, {"trade_seq": 4959, "trade_id": "237554516", "timestamp": 1670789804966, "tick_direction": 1, "price": 0.0045, "mark_price": 0.00416245, "iv": 61.24, "instrument_name": "BTC-30DEC22-21000-C", "index_price": 17110.59, "direction": "buy", "amount": 0.1}, {"trade_seq": 4958, "trade_id": "237554509", "timestamp": 1670789804247, "tick_direction": 1, "price": 0.0045, "mark_price": 0.00416245, "iv": 61.24, "instrument_name": "BTC-30DEC22-21000-C", "index_price": 17110.59, "direction": "buy", "amount": 0.1}, {"trade_seq": 4957, "trade_id": "237553008", "timestamp": 1670786603756, "tick_direction": 0, "price": 0.0045, "mark_price": 0.00445901, "iv": 59.49, "instrument_name": "BTC-30DEC22-21000-C", "index_price": 17237.66, "direction": "buy", "amount": 0.1}, {"trade_seq": 4956, "trade_id": "237549385", "timestamp": 1670770013277, "tick_direction": 3, "price": 0.004, "mark_price": 0.00425005, "iv": 58.88, "instrument_name": "BTC-30DEC22-21000-C", "index_price": 17151.1, "direction": "sell", "amount": 1.0}, {"trade_seq": 4955, "trade_id": "237548503", "timestamp": 1670766432368, "tick_direction": 3, "price": 0.004, "mark_price": 0.00395097, "iv": 58.78, "instrument_name": "BTC-30DEC22-21000-C", "index_price": 17149.64, "direction": "buy", "amount": 0.1}, {"trade_seq": 4954, "trade_id": "237547883", "timestamp": 1670762374392, "tick_direction": 2, "price": 0.004, "mark_price": 0.00396722, "iv": 58.57, "instrument_name": "BTC-30DEC22-21000-C", "index_price": 17164.42, "direction": "buy", "amount": 0.1}, {"trade_seq": 4953, "trade_id": "237542101", "timestamp": 1670733189081, "tick_direction": 1, "price": 0.0045, "mark_price": 0.00422965, "iv": 59.65, "instrument_name": "BTC-30DEC22-21000-C", "index_price": 17156.81, "direction": "buy", "amount": 0.1}, {"trade_seq": 4952, "trade_id": "237542100", "timestamp": 1670733180929, "tick_direction": 1, "price": 0.0045, "mark_price": 0.00422976, "iv": 59.65, "instrument_name": "BTC-30DEC22-21000-C", "index_price": 17156.94, "direction": "buy", "amount": 0.1}, {"trade_seq": 4951, "trade_id": "237542099", "timestamp": 1670733176861, "tick_direction": 1, "price": 0.0045, "mark_price": 0.00422991, "iv": 59.65, "instrument_name": "BTC-30DEC22-21000-C", "index_price": 17157.01, "direction": "buy", "amount": 0.1}, {"trade_seq": 4950, "trade_id": "237542098", "timestamp": 1670733172793, "tick_direction": 1, "price": 0.0045, "mark_price": 0.00422986, "iv": 59.65, "instrument_name": "BTC-30DEC22-21000-C", "index_price": 17157.02, "direction": "buy", "amount": 0.1}, {"trade_seq": 4949, "trade_id": "237542092", "timestamp": 1670732993976, "tick_direction": 1, "price": 0.0045, "mark_price": 0.00421974, "iv": 59.66, "instrument_name": "BTC-30DEC22-21000-C", "index_price": 17156.91, "direction": "buy", "amount": 0.1}, {"trade_seq": 4948, "trade_id": "237542091", "timestamp": 1670732989908, "tick_direction": 1, "price": 0.0045, "mark_price": 0.00422001, "iv": 59.66, "instrument_name": "BTC-30DEC22-21000-C", "index_price": 17156.94, "direction": "buy", "amount": 0.1}, {"trade_seq": 4947, "trade_id": "237542090", "timestamp": 1670732987869, "tick_direction": 1, "price": 0.0045, "mark_price": 0.00422015, "iv": 59.66, "instrument_name": "BTC-30DEC22-21000-C", "index_price": 17156.88, "direction": "buy", "amount": 0.1}, {"trade_seq": 4946, "trade_id": "237542089", "timestamp": 1670732975688, "tick_direction": 1, "price": 0.0045, "mark_price": 0.00422079, "iv": 59.65, "instrument_name": "BTC-30DEC22-21000-C", "index_price": 17157.78, "direction": "buy", "amount": 0.1}, {"trade_seq": 4945, "trade_id": "237542088", "timestamp": 1670732973666, "tick_direction": 1, "price": 0.0045, "mark_price": 0.00422041, "iv": 59.66, "instrument_name": "BTC-30DEC22-21000-C", "index_price": 17157.63, "direction": "buy", "amount": 0.1}, {"trade_seq": 4944, "trade_id": "237542085", "timestamp": 1670732971640, "tick_direction": 0, "price": 0.0045, "mark_price": 0.00422402, "iv": 59.64, "instrument_name": "BTC-30DEC22-21000-C", "index_price": 17158.56, "direction": "buy", "amount": 0.1}, {"trade_seq": 4943, "trade_id": "237540685", "timestamp": 1670718043859, "tick_direction": 2, "price": 0.0035, "mark_price": 0.00398739, "iv": 56.65, "instrument_name": "BTC-30DEC22-21000-C", "index_price": 17131.56, "direction": "sell", "amount": 0.1}, {"trade_seq": 4942, "trade_id": "237536322", "timestamp": 1670699711612, "tick_direction": 2, "price": 0.004, "mark_price": 0.00424014, "iv": 57.2, "instrument_name": "BTC-30DEC22-21000-C", "index_price": 17188.69, "direction": "sell", "amount": 0.8}, {"trade_seq": 4941, "trade_id": "237525773", "timestamp": 1670639708120, "tick_direction": 0, "price": 0.0045, "mark_price": 0.0044698, "iv": 58.31, "instrument_name": "BTC-30DEC22-21000-C", "index_price": 17135.29, "direction": "sell", "amount": 8.4}, {"trade_seq": 4940, "trade_id": "237523992", "timestamp": 1670630499451, "tick_direction": 0, "price": 0.0045, "mark_price": 0.00428214, "iv": 58.07, "instrument_name": "BTC-30DEC22-21000-C", "index_price": 17130.29, "direction": "sell", "amount": 1.2}, {"trade_seq": 4939, "trade_id": "237520660", "timestamp": 1670618655138, "tick_direction": 1, "price": 0.004, "mark_price": 0.00394914, "iv": 56.57, "instrument_name": "BTC-30DEC22-21000-C", "index_price": 17112.15, "direction": "sell", "amount": 2.1}, {"trade_seq": 4938, "trade_id": "237520540", "timestamp": 1670618437723, "tick_direction": 1, "price": 0.004, "mark_price": 0.00390406, "iv": 56.53, "instrument_name": "BTC-30DEC22-21000-C", "index_price": 17113.92, "direction": "sell", "amount": 5.2}, {"trade_seq": 4937, "trade_id": "237516738", "timestamp": 1670604424104, "tick_direction": 1, "price": 0.004, "mark_price": 0.00377082, "iv": 55.63, "instrument_name": "BTC-30DEC22-21000-C", "index_price": 17171.79, "direction": "buy", "amount": 1.1}, {"trade_seq": 4936, "trade_id": "237516734", "timestamp": 1670604424074, "tick_direction": 1, "price": 0.004, "mark_price": 0.00377082, "iv": 55.63, "instrument_name": "BTC-30DEC22-21000-C", "index_price": 17171.79, "direction": "buy", "amount": 0.3}, {"trade_seq": 4935, "trade_id": "237516733", "timestamp": 1670604424065, "tick_direction": 1, "price": 0.004, "mark_price": 0.00377082, "iv": 55.63, "instrument_name": "BTC-30DEC22-21000-C", "index_price": 17171.79, "direction": "buy", "amount": 0.4}, {"trade_seq": 4934, "trade_id": "237516489", "timestamp": 1670603921172, "tick_direction": 1, "price": 0.004, "mark_price": 0.0036907, "iv": 55.78, "instrument_name": "BTC-30DEC22-21000-C", "index_price": 17159.07, "direction": "buy", "amount": 0.1}, {"trade_seq": 4933, "trade_id": "237516488", "timestamp": 1670603920704, "tick_direction": 1, "price": 0.004, "mark_price": 0.0036907, "iv": 55.78, "instrument_name": "BTC-30DEC22-21000-C", "index_price": 17159.28, "direction": "buy", "amount": 0.1}