{"trades": [{"trade_seq": 1144, "trade_id": "248331068", "timestamp": 1679872840856, "tick_direction": 3, "price": 0.0005, "mark_price": 0.00043058, "iv": 99.03, "instrument_name": "BTC-31MAR23-36000-C", "index_price": 28148.02, "direction": "buy", "amount": 0.2}, {"trade_seq": 1143, "trade_id": "248291896", "timestamp": 1679851362740, "tick_direction": 3, "price": 0.0005, "mark_price": 0.00031587, "iv": 100.52, "instrument_name": "BTC-31MAR23-36000-C", "index_price": 27797.68, "direction": "buy", "amount": 1.0}, {"trade_seq": 1142, "trade_id": "248291865", "timestamp": 1679851332246, "tick_direction": 3, "price": 0.0005, "mark_price": 0.00031307, "iv": 100.62, "instrument_name": "BTC-31MAR23-36000-C", "index_price": 27786.99, "direction": "buy", "amount": 1.0}, {"trade_seq": 1141, "trade_id": "248291864", "timestamp": 1679851309363, "tick_direction": 3, "price": 0.0005, "mark_price": 0.00031325, "iv": 100.61, "instrument_name": "BTC-31MAR23-36000-C", "index_price": 27786.58, "direction": "buy", "amount": 1.0}, {"trade_seq": 1140, "trade_id": "248291840", "timestamp": 1679851277261, "tick_direction": 3, "price": 0.0005, "mark_price": 0.00031003, "iv": 100.73, "instrument_name": "BTC-31MAR23-36000-C", "index_price": 27776.85, "direction": "buy", "amount": 1.0}, {"trade_seq": 1139, "trade_id": "248291725", "timestamp": 1679851235205, "tick_direction": 2, "price": 0.0005, "mark_price": 0.00031332, "iv": 100.6, "instrument_name": "BTC-31MAR23-36000-C", "index_price": 27787.71, "direction": "buy", "amount": 1.0}, {"trade_seq": 1138, "trade_id": "248122093", "timestamp": 1679710316149, "tick_direction": 0, "price": 0.001, "mark_price": 0.00072945, "iv": 98.16, "instrument_name": "BTC-31MAR23-36000-C", "index_price": 27548.18, "direction": "buy", "amount": 0.8}, {"trade_seq": 1137, "trade_id": "248121554", "timestamp": 1679709859860, "tick_direction": 3, "price": 0.0005, "mark_price": 0.00070546, "iv": 89.56, "instrument_name": "BTC-31MAR23-36000-C", "index_price": 27516.22, "direction": "sell", "amount": 0.1}, {"trade_seq": 1136, "trade_id": "248116106", "timestamp": 1679702650447, "tick_direction": 3, "price": 0.0005, "mark_price": 0.00073096, "iv": 89.11, "instrument_name": "BTC-31MAR23-36000-C", "index_price": 27492.03, "direction": "buy", "amount": 0.4}, {"trade_seq": 1135, "trade_id": "248116105", "timestamp": 1679702650443, "tick_direction": 3, "price": 0.0005, "mark_price": 0.00073096, "iv": 89.11, "instrument_name": "BTC-31MAR23-36000-C", "index_price": 27492.03, "direction": "sell", "amount": 2.0}, {"trade_seq": 1134, "trade_id": "248116104", "timestamp": 1679702650443, "tick_direction": 3, "price": 0.0005, "mark_price": 0.00073096, "iv": 89.11, "instrument_name": "BTC-31MAR23-36000-C", "index_price": 27492.03, "direction": "sell", "amount": 2.0}, {"trade_seq": 1133, "trade_id": "248116103", "timestamp": 1679702650443, "tick_direction": 3, "price": 0.0005, "mark_price": 0.00073096, "iv": 89.11, "instrument_name": "BTC-31MAR23-36000-C", "index_price": 27492.03, "direction": "sell", "amount": 2.0}, {"trade_seq": 1132, "trade_id": "248116102", "timestamp": 1679702650443, "tick_direction": 3, "price": 0.0005, "mark_price": 0.00073096, "iv": 89.11, "instrument_name": "BTC-31MAR23-36000-C", "index_price": 27492.03, "direction": "sell", "amount": 1.0}, {"trade_seq": 1131, "trade_id": "248116101", "timestamp": 1679702650443, "tick_direction": 2, "price": 0.0005, "mark_price": 0.00073096, "iv": 89.11, "instrument_name": "BTC-31MAR23-36000-C", "index_price": 27492.03, "direction": "sell", "amount": 0.6}, {"trade_seq": 1130, "trade_id": "248032481", "timestamp": 1679670541454, "tick_direction": 3, "price": 0.001, "mark_price": 0.00066989, "iv": 90.59, "instrument_name": "BTC-31MAR23-36000-C", "index_price": 27933.35, "direction": "buy", "amount": 7.5}, {"trade_seq": 1129, "trade_id": "248032480", "timestamp": 1679670541454, "tick_direction": 3, "price": 0.001, "mark_price": 0.00066989, "iv": 90.59, "instrument_name": "BTC-31MAR23-36000-C", "index_price": 27933.35, "direction": "buy", "amount": 15.0}, {"trade_seq": 1128, "trade_id": "247967164", "timestamp": 1679652380513, "tick_direction": 3, "price": 0.001, "mark_price": 0.00074039, "iv": 87.33, "instrument_name": "BTC-31MAR23-36000-C", "index_price": 28094.12, "direction": "sell", "amount": 4.7}, {"trade_seq": 1127, "trade_id": "247951916", "timestamp": 1679646380284, "tick_direction": 2, "price": 0.001, "mark_price": 0.00094371, "iv": 85.29, "instrument_name": "BTC-31MAR23-36000-C", "index_price": 28253.59, "direction": "buy", "amount": 0.1}, {"trade_seq": 1126, "trade_id": "247915893", "timestamp": 1679630956100, "tick_direction": 3, "price": 0.0015, "mark_price": 0.00154364, "iv": 89.45, "instrument_name": "BTC-31MAR23-36000-C", "index_price": 28290.67, "direction": "sell", "amount": 1.0}, {"trade_seq": 1125, "trade_id": "247880746", "timestamp": 1679606510261, "tick_direction": 3, "price": 0.0015, "mark_price": 0.00150232, "iv": 89.59, "instrument_name": "BTC-31MAR23-36000-C", "index_price": 28132.83, "direction": "sell", "amount": 3.4}, {"trade_seq": 1124, "trade_id": "247879190", "timestamp": 1679606158565, "tick_direction": 3, "price": 0.0015, "mark_price": 0.00168048, "iv": 88.33, "instrument_name": "BTC-31MAR23-36000-C", "index_price": 28246.53, "direction": "sell", "amount": 0.1}, {"trade_seq": 1123, "trade_id": "247879123", "timestamp": 1679606149062, "tick_direction": 3, "price": 0.0015, "mark_price": 0.0017206, "iv": 87.98, "instrument_name": "BTC-31MAR23-36000-C", "index_price": 28272.85, "direction": "sell", "amount": 1.3}, {"trade_seq": 1122, "trade_id": "247879121", "timestamp": 1679606148972, "tick_direction": 3, "price": 0.0015, "mark_price": 0.0017206, "iv": 87.98, "instrument_name": "BTC-31MAR23-36000-C", "index_price": 28272.85, "direction": "sell", "amount": 4.0}, {"trade_seq": 1121, "trade_id": "247876505", "timestamp": 1679604538761, "tick_direction": 3, "price": 0.0015, "mark_price": 0.00170712, "iv": 88.34, "instrument_name": "BTC-31MAR23-36000-C", "index_price": 28238.26, "direction": "sell", "amount": 0.2}, {"trade_seq": 1120, "trade_id": "247872128", "timestamp": 1679602768657, "tick_direction": 3, "price": 0.0015, "mark_price": 0.00176011, "iv": 88.38, "instrument_name": "BTC-31MAR23-36000-C", "index_price": 28217.14, "direction": "sell", "amount": 0.1}, {"trade_seq": 1119, "trade_id": "247872125", "timestamp": 1679602768142, "tick_direction": 3, "price": 0.0015, "mark_price": 0.0017618, "iv": 88.37, "instrument_name": "BTC-31MAR23-36000-C", "index_price": 28218.4, "direction": "sell", "amount": 0.4}, {"trade_seq": 1118, "trade_id": "247872124", "timestamp": 1679602768142, "tick_direction": 3, "price": 0.0015, "mark_price": 0.0017618, "iv": 88.37, "instrument_name": "BTC-31MAR23-36000-C", "index_price": 28218.4, "direction": "sell", "amount": 0.6}, {"trade_seq": 1117, "trade_id": "247871922", "timestamp": 1679602708077, "tick_direction": 3, "price": 0.0015, "mark_price": 0.00178397, "iv": 88.23, "instrument_name": "BTC-31MAR23-36000-C", "index_price": 28223.37, "direction": "sell", "amount": 0.1}, {"trade_seq": 1116, "trade_id": "247871920", "timestamp": 1679602707495, "tick_direction": 3, "price": 0.0015, "mark_price": 0.00178397, "iv": 88.22, "instrument_name": "BTC-31MAR23-36000-C", "index_price": 28223.62, "direction": "sell", "amount": 0.2}, {"trade_seq": 1115, "trade_id": "247869671", "timestamp": 1679602104229, "tick_direction": 3, "price": 0.0015, "mark_price": 0.00190754, "iv": 88.22, "instrument_name": "BTC-31MAR23-36000-C", "index_price": 28227.94, "direction": "sell", "amount": 0.1}, {"trade_seq": 1114, "trade_id": "247869666", "timestamp": 1679602103148, "tick_direction": 3, "price": 0.0015, "mark_price": 0.00191376, "iv": 88.18, "instrument_name": "BTC-31MAR23-36000-C", "index_price": 28231.55, "direction": "sell", "amount": 0.1}, {"trade_seq": 1113, "trade_id": "247869665", "timestamp": 1679602103119, "tick_direction": 3, "price": 0.0015, "mark_price": 0.00191376, "iv": 88.18, "instrument_name": "BTC-31MAR23-36000-C", "index_price": 28231.55, "direction": "sell", "amount": 0.1}, {"trade_seq": 1112, "trade_id": "247869664", "timestamp": 1679602103106, "tick_direction": 3, "price": 0.0015, "mark_price": 0.00191376, "iv": 88.18, "instrument_name": "BTC-31MAR23-36000-C", "index_price": 28231.55, "direction": "sell", "amount": 0.1}, {"trade_seq": 1111, "trade_id": "247869663", "timestamp": 1679602103098, "tick_direction": 3, "price": 0.0015, "mark_price": 0.00191376, "iv": 88.18, "instrument_name": "BTC-31MAR23-36000-C", "index_price": 28231.55, "direction": "sell", "amount": 0.2}, {"trade_seq": 1110, "trade_id": "247869627", "timestamp": 1679602096731, "tick_direction": 3, "price": 0.0015, "mark_price": 0.00191173, "iv": 88.22, "instrument_name": "BTC-31MAR23-36000-C", "index_price": 28228.37, "direction": "sell", "amount": 0.3}, {"trade_seq": 1109, "trade_id": "247868816", "timestamp": 1679602041054, "tick_direction": 3, "price": 0.0015, "mark_price": 0.00192752, "iv": 87.99, "instrument_name": "BTC-31MAR23-36000-C", "index_price": 28255.41, "direction": "sell", "amount": 0.2}, {"trade_seq": 1108, "trade_id": "247868815", "timestamp": 1679602041042, "tick_direction": 3, "price": 0.0015, "mark_price": 0.00192752, "iv": 87.99, "instrument_name": "BTC-31MAR23-36000-C", "index_price": 28255.41, "direction": "sell", "amount": 0.4}, {"trade_seq": 1107, "trade_id": "247868800", "timestamp": 1679602038950, "tick_direction": 3, "price": 0.0015, "mark_price": 0.00193193, "iv": 87.98, "instrument_name": "BTC-31MAR23-36000-C", "index_price": 28255.78, "direction": "sell", "amount": 0.5}, {"trade_seq": 1106, "trade_id": "247868780", "timestamp": 1679602036361, "tick_direction": 2, "price": 0.0015, "mark_price": 0.00193335, "iv": 87.94, "instrument_name": "BTC-31MAR23-36000-C", "index_price": 28259.41, "direction": "sell", "amount": 0.3}, {"trade_seq": 1105, "trade_id": "247828796", "timestamp": 1679596106445, "tick_direction": 3, "price": 0.002, "mark_price": 0.00173525, "iv": 91.93, "instrument_name": "BTC-31MAR23-36000-C", "index_price": 28258.0, "direction": "buy", "amount": 0.4}, {"trade_seq": 1104, "trade_id": "247828795", "timestamp": 1679596106445, "tick_direction": 3, "price": 0.002, "mark_price": 0.00173525, "iv": 91.93, "instrument_name": "BTC-31MAR23-36000-C", "index_price": 28258.0, "direction": "buy", "amount": 2.9}, {"trade_seq": 1103, "trade_id": "247828793", "timestamp": 1679596106045, "tick_direction": 2, "price": 0.002, "mark_price": 0.00173525, "iv": 91.93, "instrument_name": "BTC-31MAR23-36000-C", "index_price": 28258.0, "direction": "buy", "amount": 5.0}, {"trade_seq": 1102, "trade_id": "247762224", "timestamp": 1679584551163, "tick_direction": 1, "price": 0.0025, "mark_price": 0.00226107, "iv": 90.11, "instrument_name": "BTC-31MAR23-36000-C", "index_price": 28683.51, "direction": "sell", "amount": 0.1}, {"trade_seq": 1101, "trade_id": "247762217", "timestamp": 1679584550940, "tick_direction": 1, "price": 0.0025, "mark_price": 0.00226107, "iv": 90.11, "instrument_name": "BTC-31MAR23-36000-C", "index_price": 28683.51, "direction": "sell", "amount": 0.1}, {"trade_seq": 1100, "trade_id": "247762215", "timestamp": 1679584550928, "tick_direction": 1, "price": 0.0025, "mark_price": 0.00226107, "iv": 90.11, "instrument_name": "BTC-31MAR23-36000-C", "index_price": 28683.51, "direction": "sell", "amount": 0.2}, {"trade_seq": 1099, "trade_id": "247762213", "timestamp": 1679584550906, "tick_direction": 1, "price": 0.0025, "mark_price": 0.00226099, "iv": 90.11, "instrument_name": "BTC-31MAR23-36000-C", "index_price": 28683.51, "direction": "sell", "amount": 0.1}, {"trade_seq": 1098, "trade_id": "247762212", "timestamp": 1679584550887, "tick_direction": 0, "price": 0.0025, "mark_price": 0.00226099, "iv": 90.11, "instrument_name": "BTC-31MAR23-36000-C", "index_price": 28683.51, "direction": "sell", "amount": 1.0}, {"trade_seq": 1097, "trade_id": "247760467", "timestamp": 1679584527496, "tick_direction": 1, "price": 0.002, "mark_price": 0.0019893, "iv": 87.9, "instrument_name": "BTC-31MAR23-36000-C", "index_price": 28563.65, "direction": "buy", "amount": 0.9}, {"trade_seq": 1096, "trade_id": "247760449", "timestamp": 1679584526984, "tick_direction": 1, "price": 0.002, "mark_price": 0.00197666, "iv": 87.9, "instrument_name": "BTC-31MAR23-36000-C", "index_price": 28563.65, "direction": "sell", "amount": 0.1}, {"trade_seq": 1095, "trade_id": "247760448", "timestamp": 1679584526962, "tick_direction": 1, "price": 0.002, "mark_price": 0.00197666, "iv": 87.9, "instrument_name": "BTC-31MAR23-36000-C", "index_price": 28563.65, "direction": "sell", "amount": 0.1}, {"trade_seq": 1094, "trade_id": "247760445", "timestamp": 1679584526949, "tick_direction": 1, "price": 0.002, "mark_price": 0.00197666, "iv": 87.9, "instrument_name": "BTC-31MAR23-36000-C", "index_price": 28563.65, "direction": "sell", "amount": 0.1}, {"trade_seq": 1093, "trade_id": "247760444", "timestamp": 1679584526869, "tick_direction": 1, "price": 0.002, "mark_price": 0.00197666, "iv": 87.9, "instrument_name": "BTC-31MAR23-36000-C", "index_price": 28563.65, "direction": "sell", "amount": 0.5}, {"trade_seq": 1092, "trade_id": "247760240", "timestamp": 1679584523360, "tick_direction": 0, "price": 0.002, "mark_price": 0.00194159, "iv": 88.28, "instrument_name": "BTC-31MAR23-36000-C", "index_price": 28529.35, "direction": "buy", "amount": 0.8}, {"trade_seq": 1091, "trade_id": "247562327", "timestamp": 1679521153100, "tick_direction": 3, "price": 0.001, "mark_price": 0.00116269, "iv": 87.42, "instrument_name": "BTC-31MAR23-36000-C", "index_price": 27253.08, "direction": "sell", "amount": 4.3}, {"trade_seq": 1090, "trade_id": "247562326", "timestamp": 1679521153100, "tick_direction": 2, "price": 0.001, "mark_price": 0.00116269, "iv": 87.42, "instrument_name": "BTC-31MAR23-36000-C", "index_price": 27253.08, "direction": "sell", "amount": 0.1}, {"trade_seq": 1089, "trade_id": "247492277", "timestamp": 1679513109888, "tick_direction": 2, "price": 0.002, "mark_price": 0.00147881, "iv": 94.08, "instrument_name": "BTC-31MAR23-36000-C", "index_price": 27561.93, "direction": "buy", "amount": 6.0}, {"trade_seq": 1088, "trade_id": "247419163", "timestamp": 1679509658010, "tick_direction": 3, "price": 0.003, "mark_price": 0.00294725, "iv": 90.37, "instrument_name": "BTC-31MAR23-36000-C", "index_price": 28526.74, "direction": "buy", "amount": 2.6}, {"trade_seq": 1087, "trade_id": "247419160", "timestamp": 1679509657605, "tick_direction": 3, "price": 0.003, "mark_price": 0.00294648, "iv": 90.38, "instrument_name": "BTC-31MAR23-36000-C", "index_price": 28526.07, "direction": "buy", "amount": 0.2}, {"trade_seq": 1086, "trade_id": "247419159", "timestamp": 1679509657605, "tick_direction": 3, "price": 0.003, "mark_price": 0.00294648, "iv": 90.38, "instrument_name": "BTC-31MAR23-36000-C", "index_price": 28526.07, "direction": "buy", "amount": 4.0}, {"trade_seq": 1085, "trade_id": "247419080", "timestamp": 1679509655617, "tick_direction": 3, "price": 0.003, "mark_price": 0.00295509, "iv": 90.32, "instrument_name": "BTC-31MAR23-36000-C", "index_price": 28531.52, "direction": "sell", "amount": 4.2}, {"trade_seq": 1084, "trade_id": "247419079", "timestamp": 1679509655617, "tick_direction": 3, "price": 0.003, "mark_price": 0.00295509, "iv": 90.32, "instrument_name": "BTC-31MAR23-36000-C", "index_price": 28531.52, "direction": "sell", "amount": 3.0}, {"trade_seq": 1083, "trade_id": "247419057", "timestamp": 1679509650843, "tick_direction": 2, "price": 0.003, "mark_price": 0.00295857, "iv": 90.3, "instrument_name": "BTC-31MAR23-36000-C", "index_price": 28535.02, "direction": "buy", "amount": 4.0}, {"trade_seq": 1082, "trade_id": "247361652", "timestamp": 1679501076628, "tick_direction": 2, "price": 0.0035, "mark_price": 0.00379261, "iv": 90.93, "instrument_name": "BTC-31MAR23-36000-C", "index_price": 28669.89, "direction": "sell", "amount": 1.0}, {"trade_seq": 1081, "trade_id": "247353775", "timestamp": 1679498566161, "tick_direction": 1, "price": 0.004, "mark_price": 0.00377341, "iv": 92.71, "instrument_name": "BTC-31MAR23-36000-C", "index_price": 28723.64, "direction": "buy", "amount": 1.0}, {"trade_seq": 1080, "trade_id": "247353423", "timestamp": 1679498491145, "tick_direction": 0, "price": 0.004, "mark_price": 0.00379833, "iv": 92.59, "instrument_name": "BTC-31MAR23-36000-C", "index_price": 28735.25, "direction": "buy", "amount": 1.0}, {"trade_seq": 1079, "trade_id": "247330506", "timestamp": 1679494393851, "tick_direction": 3, "price": 0.0035, "mark_price": 0.0037585, "iv": 93.51, "instrument_name": "BTC-31MAR23-36000-C", "index_price": 28406.73, "direction": "sell", "amount": 25.1}, {"trade_seq": 1078, "trade_id": "247325955", "timestamp": 1679492182818, "tick_direction": 3, "price": 0.0035, "mark_price": 0.00381446, "iv": 93.32, "instrument_name": "BTC-31MAR23-36000-C", "index_price": 28406.29, "direction": "sell", "amount": 0.1}, {"trade_seq": 1077, "trade_id": "247325952", "timestamp": 1679492182760, "tick_direction": 3, "price": 0.0035, "mark_price": 0.00381446, "iv": 93.32, "instrument_name": "BTC-31MAR23-36000-C", "index_price": 28406.29, "direction": "sell", "amount": 4.0}, {"trade_seq": 1076, "trade_id": "247324707", "timestamp": 1679491654990, "tick_direction": 3, "price": 0.0035, "mark_price": 0.00389791, "iv": 93.5, "instrument_name": "BTC-31MAR23-36000-C", "index_price": 28374.6, "direction": "sell", "amount": 0.1}, {"trade_seq": 1075, "trade_id": "247324706", "timestamp": 1679491654781, "tick_direction": 3, "price": 0.0035, "mark_price": 0.00391319, "iv": 93.51, "instrument_name": "BTC-31MAR23-36000-C", "index_price": 28374.6, "direction": "sell", "amount": 0.1}, {"trade_seq": 1074, "trade_id": "247324686", "timestamp": 1679491654190, "tick_direction": 3, "price": 0.0035, "mark_price": 0.00391319, "iv": 93.51, "instrument_name": "BTC-31MAR23-36000-C", "index_price": 28374.6, "direction": "sell", "amount": 0.3}, {"trade_seq": 1073, "trade_id": "247324685", "timestamp": 1679491654063, "tick_direction": 3, "price": 0.0035, "mark_price": 0.00391319, "iv": 93.43, "instrument_name": "BTC-31MAR23-36000-C", "index_price": 28382.9, "direction": "sell", "amount": 0.1}, {"trade_seq": 1072, "trade_id": "247324173", "timestamp": 1679491532812, "tick_direction": 3, "price": 0.0035, "mark_price": 0.00383443, "iv": 93.94, "instrument_name": "BTC-31MAR23-36000-C", "index_price": 28348.78, "direction": "sell", "amount": 1.1}, {"trade_seq": 1071, "trade_id": "247322501", "timestamp": 1679489927546, "tick_direction": 2, "price": 0.0035, "mark_price": 0.00374033, "iv": 94.34, "instrument_name": "BTC-31MAR23-36000-C", "index_price": 28298.19, "direction": "sell", "amount": 0.1}, {"trade_seq": 1070, "trade_id": "247298882", "timestamp": 1679474680241, "tick_direction": 1, "price": 0.004, "mark_price": 0.0037142, "iv": 97.1, "instrument_name": "BTC-31MAR23-36000-C", "index_price": 28214.71, "direction": "buy", "amount": 13.0}, {"trade_seq": 1069, "trade_id": "247298881", "timestamp": 1679474675806, "tick_direction": 1, "price": 0.004, "mark_price": 0.00371705, "iv": 97.09, "instrument_name": "BTC-31MAR23-36000-C", "index_price": 28216.41, "direction": "buy", "amount": 11.0}, {"trade_seq": 1068, "trade_id": "247296021", "timestamp": 1679473096320, "tick_direction": 1, "price": 0.004, "mark_price": 0.0038262, "iv": 96.6, "instrument_name": "BTC-31MAR23-36000-C", "index_price": 28254.36, "direction": "buy", "amount": 3.0}, {"trade_seq": 1067, "trade_id": "247296019", "timestamp": 1679473093472, "tick_direction": 1, "price": 0.004, "mark_price": 0.00382509, "iv": 96.61, "instrument_name": "BTC-31MAR23-36000-C", "index_price": 28253.82, "direction": "buy", "amount": 3.0}, {"trade_seq": 1066, "trade_id": "247295987", "timestamp": 1679473084421, "tick_direction": 0, "price": 0.004, "mark_price": 0.00381114, "iv": 96.67, "instrument_name": "BTC-31MAR23-36000-C", "index_price": 28248.47, "direction": "buy", "amount": 3.0}, {"trade_seq": 1065, "trade_id": "247265489", "timestamp": 1679457734736, "tick_direction": 2, "price": 0.0035, "mark_price": 0.00405493, "iv": 92.88, "instrument_name": "BTC-31MAR23-36000-C", "index_price": 28244.32, "direction": "sell", "amount": 0.2}, {"trade_seq": 1064, "trade_id": "247257766", "timestamp": 1679455018744, "tick_direction": 0, "price": 0.0045, "mark_price": 0.00411782, "iv": 97.68, "instrument_name": "BTC-31MAR23-36000-C", "index_price": 28265.34, "direction": "buy", "amount": 5.0}, {"trade_seq": 1063, "trade_id": "247248836", "timestamp": 1679449528861, "tick_direction": 1, "price": 0.004, "mark_price": 0.00331436, "iv": 96.22, "instrument_name": "BTC-31MAR23-36000-C", "index_price": 28137.74, "direction": "sell", "amount": 5.1}, {"trade_seq": 1062, "trade_id": "247248835", "timestamp": 1679449528816, "tick_direction": 1, "price": 0.004, "mark_price": 0.00331436, "iv": 96.22, "instrument_name": "BTC-31MAR23-36000-C", "index_price": 28137.74, "direction": "buy", "amount": 20.0}, {"trade_seq": 1061, "trade_id": "247248834", "timestamp": 1679449528816, "tick_direction": 1, "price": 0.004, "mark_price": 0.00331436, "iv": 96.22, "instrument_name": "BTC-31MAR23-36000-C", "index_price": 28137.74, "direction": "buy", "amount": 3.8}, {"trade_seq": 1060, "trade_id": "247248833", "timestamp": 1679449528816, "tick_direction": 1, "price": 0.004, "mark_price": 0.00331436, "iv": 96.22, "instrument_name": "BTC-31MAR23-36000-C", "index_price": 28137.74, "direction": "buy", "amount": 10.1}, {"trade_seq": 1059, "trade_id": "247248832", "timestamp": 1679449528816, "tick_direction": 0, "price": 0.004, "mark_price": 0.00331436, "iv": 96.22, "instrument_name": "BTC-31MAR23-36000-C", "index_price": 28137.74, "direction": "buy", "amount": 4.2}, {"trade_seq": 1058, "trade_id": "247248830", "timestamp": 1679449524287, "tick_direction": 0, "price": 0.0035, "mark_price": 0.00326941, "iv": 93.62, "instrument_name": "BTC-31MAR23-36000-C", "index_price": 28138.53, "direction": "buy", "amount": 18.8}, {"trade_seq": 1057, "trade_id": "247223646", "timestamp": 1679436564714, "tick_direction": 2, "price": 0.003, "mark_price": 0.00325534, "iv": 90.64, "instrument_name": "BTC-31MAR23-36000-C", "index_price": 28097.67, "direction": "sell", "amount": 0.2}, {"trade_seq": 1056, "trade_id": "247205197", "timestamp": 1679428276373, "tick_direction": 3, "price": 0.0035, "mark_price": 0.00340996, "iv": 91.28, "instrument_name": "BTC-31MAR23-36000-C", "index_price": 28257.67, "direction": "buy", "amount": 0.6}, {"trade_seq": 1055, "trade_id": "247203374", "timestamp": 1679427506062, "tick_direction": 3, "price": 0.0035, "mark_price": 0.00339012, "iv": 91.65, "instrument_name": "BTC-31MAR23-36000-C", "index_price": 28221.65, "direction": "buy", "amount": 0.6}, {"trade_seq": 1054, "trade_id": "247196526", "timestamp": 1679424097519, "tick_direction": 3, "price": 0.0035, "mark_price": 0.0033559, "iv": 92.3, "instrument_name": "BTC-31MAR23-36000-C", "index_price": 28134.88, "direction": "buy", "amount": 4.8}, {"trade_seq": 1053, "trade_id": "247195213", "timestamp": 1679423563182, "tick_direction": 3, "price": 0.0035, "mark_price": 0.00352203, "iv": 91.68, "instrument_name": "BTC-31MAR23-36000-C", "index_price": 28201.11, "direction": "buy", "amount": 0.8}, {"trade_seq": 1052, "trade_id": "247195042", "timestamp": 1679423536195, "tick_direction": 3, "price": 0.0035, "mark_price": 0.00349366, "iv": 91.84, "instrument_name": "BTC-31MAR23-36000-C", "index_price": 28182.02, "direction": "buy", "amount": 0.7}, {"trade_seq": 1051, "trade_id": "247195023", "timestamp": 1679423530607, "tick_direction": 3, "price": 0.0035, "mark_price": 0.00354332, "iv": 91.62, "instrument_name": "BTC-31MAR23-36000-C", "index_price": 28203.86, "direction": "buy", "amount": 0.3}, {"trade_seq": 1050, "trade_id": "247195022", "timestamp": 1679423530604, "tick_direction": 3, "price": 0.0035, "mark_price": 0.00354332, "iv": 91.62, "instrument_name": "BTC-31MAR23-36000-C", "index_price": 28203.86, "direction": "buy", "amount": 1.8}, {"trade_seq": 1049, "trade_id": "247194724", "timestamp": 1679423436478, "tick_direction": 3, "price": 0.0035, "mark_price": 0.0035182, "iv": 91.56, "instrument_name": "BTC-31MAR23-36000-C", "index_price": 28207.12, "direction": "buy", "amount": 0.3}, {"trade_seq": 1048, "trade_id": "247194723", "timestamp": 1679423436474, "tick_direction": 3, "price": 0.0035, "mark_price": 0.0035182, "iv": 91.56, "instrument_name": "BTC-31MAR23-36000-C", "index_price": 28207.12, "direction": "buy", "amount": 0.5}, {"trade_seq": 1047, "trade_id": "247194722", "timestamp": 1679423436469, "tick_direction": 3, "price": 0.0035, "mark_price": 0.0035182, "iv": 91.56, "instrument_name": "BTC-31MAR23-36000-C", "index_price": 28207.12, "direction": "buy", "amount": 0.7}, {"trade_seq": 1046, "trade_id": "247194721", "timestamp": 1679423436449, "tick_direction": 3, "price": 0.0035, "mark_price": 0.0035182, "iv": 91.56, "instrument_name": "BTC-31MAR23-36000-C", "index_price": 28207.12, "direction": "buy", "amount": 10.1}, {"trade_seq": 1045, "trade_id": "247192845", "timestamp": 1679422859691, "tick_direction": 3, "price": 0.0035, "mark_price": 0.00343292, "iv": 91.62, "instrument_name": "BTC-31MAR23-36000-C", "index_price": 28200.49, "direction": "buy", "amount": 20.0}, {"trade_seq": 1044, "trade_id": "247192607", "timestamp": 1679422736325, "tick_direction": 3, "price": 0.0035, "mark_price": 0.00347431, "iv": 91.32, "instrument_name": "BTC-31MAR23-36000-C", "index_price": 28230.05, "direction": "buy", "amount": 8.1}, {"trade_seq": 1043, "trade_id": "247192596", "timestamp": 1679422735126, "tick_direction": 3, "price": 0.0035, "mark_price": 0.0034749, "iv": 91.32, "instrument_name": "BTC-31MAR23-36000-C", "index_price": 28228.12, "direction": "buy", "amount": 0.4}, {"trade_seq": 1042, "trade_id": "247192574", "timestamp": 1679422727659, "tick_direction": 3, "price": 0.0035, "mark_price": 0.003466, "iv": 91.37, "instrument_name": "BTC-31MAR23-36000-C", "index_price": 28224.42, "direction": "buy", "amount": 0.4}, {"trade_seq": 1041, "trade_id": "247192557", "timestamp": 1679422724919, "tick_direction": 3, "price": 0.0035, "mark_price": 0.00345778, "iv": 91.44, "instrument_name": "BTC-31MAR23-36000-C", "index_price": 28220.84, "direction": "buy", "amount": 10.1}, {"trade_seq": 1040, "trade_id": "247192545", "timestamp": 1679422722958, "tick_direction": 3, "price": 0.0035, "mark_price": 0.00345511, "iv": 91.44, "instrument_name": "BTC-31MAR23-36000-C", "index_price": 28217.62, "direction": "buy", "amount": 1.0}, {"trade_seq": 1039, "trade_id": "247192544", "timestamp": 1679422722931, "tick_direction": 3, "price": 0.0035, "mark_price": 0.00345511, "iv": 91.44, "instrument_name": "BTC-31MAR23-36000-C", "index_price": 28217.62, "direction": "buy", "amount": 6.0}, {"trade_seq": 1038, "trade_id": "247192510", "timestamp": 1679422708153, "tick_direction": 2, "price": 0.0035, "mark_price": 0.00343677, "iv": 91.45, "instrument_name": "BTC-31MAR23-36000-C", "index_price": 28215.02, "direction": "buy", "amount": 14.0}, {"trade_seq": 1037, "trade_id": "247160913", "timestamp": 1679416595084, "tick_direction": 0, "price": 0.004, "mark_price": 0.00396069, "iv": 90.53, "instrument_name": "BTC-31MAR23-36000-C", "index_price": 28480.01, "direction": "buy", "amount": 20.0}, {"trade_seq": 1036, "trade_id": "247157574", "timestamp": 1679416402876, "tick_direction": 3, "price": 0.0035, "mark_price": 0.00343592, "iv": 90.34, "instrument_name": "BTC-31MAR23-36000-C", "index_price": 28260.11, "direction": "buy", "amount": 5.0}, {"trade_seq": 1035, "trade_id": "247157518", "timestamp": 1679416400859, "tick_direction": 3, "price": 0.0035, "mark_price": 0.00343497, "iv": 90.35, "instrument_name": "BTC-31MAR23-36000-C", "index_price": 28262.59, "direction": "buy", "amount": 14.0}, {"trade_seq": 1034, "trade_id": "247153374", "timestamp": 1679414958937, "tick_direction": 3, "price": 0.0035, "mark_price": 0.00340081, "iv": 91.82, "instrument_name": "BTC-31MAR23-36000-C", "index_price": 28124.09, "direction": "buy", "amount": 1.0}, {"trade_seq": 1033, "trade_id": "247150637", "timestamp": 1679413759532, "tick_direction": 3, "price": 0.0035, "mark_price": 0.00336368, "iv": 92.18, "instrument_name": "BTC-31MAR23-36000-C", "index_price": 28096.53, "direction": "buy", "amount": 1.0}, {"trade_seq": 1032, "trade_id": "247150632", "timestamp": 1679413755432, "tick_direction": 3, "price": 0.0035, "mark_price": 0.00337547, "iv": 92.13, "instrument_name": "BTC-31MAR23-36000-C", "index_price": 28097.28, "direction": "buy", "amount": 1.0}, {"trade_seq": 1031, "trade_id": "247142001", "timestamp": 1679409503486, "tick_direction": 3, "price": 0.0035, "mark_price": 0.00352013, "iv": 92.78, "instrument_name": "BTC-31MAR23-36000-C", "index_price": 28010.06, "direction": "buy", "amount": 2.4}, {"trade_seq": 1030, "trade_id": "247141991", "timestamp": 1679409500865, "tick_direction": 3, "price": 0.0035, "mark_price": 0.00349711, "iv": 92.81, "instrument_name": "BTC-31MAR23-36000-C", "index_price": 28010.25, "direction": "buy", "amount": 0.2}, {"trade_seq": 1029, "trade_id": "247141989", "timestamp": 1679409500635, "tick_direction": 3, "price": 0.0035, "mark_price": 0.00349711, "iv": 92.81, "instrument_name": "BTC-31MAR23-36000-C", "index_price": 28010.25, "direction": "buy", "amount": 0.1}, {"trade_seq": 1028, "trade_id": "247141987", "timestamp": 1679409500626, "tick_direction": 3, "price": 0.0035, "mark_price": 0.00349711, "iv": 92.81, "instrument_name": "BTC-31MAR23-36000-C", "index_price": 28010.25, "direction": "buy", "amount": 0.2}, {"trade_seq": 1027, "trade_id": "247141985", "timestamp": 1679409500618, "tick_direction": 3, "price": 0.0035, "mark_price": 0.00349711, "iv": 92.81, "instrument_name": "BTC-31MAR23-36000-C", "index_price": 28010.25, "direction": "buy", "amount": 0.1}, {"trade_seq": 1026, "trade_id": "247141977", "timestamp": 1679409499374, "tick_direction": 3, "price": 0.0035, "mark_price": 0.00349579, "iv": 92.81, "instrument_name": "BTC-31MAR23-36000-C", "index_price": 28007.77, "direction": "buy", "amount": 0.2}, {"trade_seq": 1025, "trade_id": "247141976", "timestamp": 1679409499360, "tick_direction": 3, "price": 0.0035, "mark_price": 0.00349579, "iv": 92.81, "instrument_name": "BTC-31MAR23-36000-C", "index_price": 28007.77, "direction": "buy", "amount": 0.1}, {"trade_seq": 1024, "trade_id": "247141974", "timestamp": 1679409498881, "tick_direction": 3, "price": 0.0035, "mark_price": 0.0034807, "iv": 92.86, "instrument_name": "BTC-31MAR23-36000-C", "index_price": 28003.11, "direction": "buy", "amount": 0.2}, {"trade_seq": 1023, "trade_id": "247141973", "timestamp": 1679409498364, "tick_direction": 3, "price": 0.0035, "mark_price": 0.0034807, "iv": 92.86, "instrument_name": "BTC-31MAR23-36000-C", "index_price": 28003.11, "direction": "buy", "amount": 0.1}, {"trade_seq": 1022, "trade_id": "247141972", "timestamp": 1679409497938, "tick_direction": 3, "price": 0.0035, "mark_price": 0.00346012, "iv": 92.94, "instrument_name": "BTC-31MAR23-36000-C", "index_price": 28002.31, "direction": "buy", "amount": 0.1}, {"trade_seq": 1021, "trade_id": "247141971", "timestamp": 1679409497929, "tick_direction": 3, "price": 0.0035, "mark_price": 0.00346012, "iv": 92.94, "instrument_name": "BTC-31MAR23-36000-C", "index_price": 28002.31, "direction": "buy", "amount": 0.3}, {"trade_seq": 1020, "trade_id": "247141970", "timestamp": 1679409497910, "tick_direction": 3, "price": 0.0035, "mark_price": 0.00346012, "iv": 92.94, "instrument_name": "BTC-31MAR23-36000-C", "index_price": 28002.31, "direction": "buy", "amount": 0.2}, {"trade_seq": 1019, "trade_id": "247141965", "timestamp": 1679409497838, "tick_direction": 3, "price": 0.0035, "mark_price": 0.00346012, "iv": 92.94, "instrument_name": "BTC-31MAR23-36000-C", "index_price": 28002.31, "direction": "buy", "amount": 0.1}, {"trade_seq": 1018, "trade_id": "247141948", "timestamp": 1679409495826, "tick_direction": 3, "price": 0.0035, "mark_price": 0.00345053, "iv": 93.06, "instrument_name": "BTC-31MAR23-36000-C", "index_price": 27983.88, "direction": "buy", "amount": 0.1}, {"trade_seq": 1017, "trade_id": "247141943", "timestamp": 1679409495737, "tick_direction": 3, "price": 0.0035, "mark_price": 0.00345053, "iv": 93.06, "instrument_name": "BTC-31MAR23-36000-C", "index_price": 27983.88, "direction": "buy", "amount": 0.1}, {"trade_seq": 1016, "trade_id": "247141854", "timestamp": 1679409495182, "tick_direction": 2, "price": 0.0035, "mark_price": 0.00345053, "iv": 93.06, "instrument_name": "BTC-31MAR23-36000-C", "index_price": 27983.88, "direction": "buy", "amount": 8.1}, {"trade_seq": 1015, "trade_id": "247122735", "timestamp": 1679403365943, "tick_direction": 1, "price": 0.004, "mark_price": 0.00385694, "iv": 92.01, "instrument_name": "BTC-31MAR23-36000-C", "index_price": 28294.91, "direction": "buy", "amount": 10.0}, {"trade_seq": 1014, "trade_id": "247122734", "timestamp": 1679403365855, "tick_direction": 1, "price": 0.004, "mark_price": 0.00385694, "iv": 92.01, "instrument_name": "BTC-31MAR23-36000-C", "index_price": 28294.91, "direction": "buy", "amount": 8.0}, {"trade_seq": 1013, "trade_id": "247122399", "timestamp": 1679403299809, "tick_direction": 1, "price": 0.004, "mark_price": 0.00380065, "iv": 92.45, "instrument_name": "BTC-31MAR23-36000-C", "index_price": 28242.53, "direction": "buy", "amount": 2.0}, {"trade_seq": 1012, "trade_id": "247122204", "timestamp": 1679403245255, "tick_direction": 1, "price": 0.004, "mark_price": 0.00382203, "iv": 92.4, "instrument_name": "BTC-31MAR23-36000-C", "index_price": 28248.77, "direction": "buy", "amount": 4.0}, {"trade_seq": 1011, "trade_id": "247122180", "timestamp": 1679403236707, "tick_direction": 1, "price": 0.004, "mark_price": 0.00382832, "iv": 92.33, "instrument_name": "BTC-31MAR23-36000-C", "index_price": 28253.95, "direction": "buy", "amount": 5.0}, {"trade_seq": 1010, "trade_id": "247121722", "timestamp": 1679403203015, "tick_direction": 1, "price": 0.004, "mark_price": 0.00386074, "iv": 92.01, "instrument_name": "BTC-31MAR23-36000-C", "index_price": 28280.37, "direction": "buy", "amount": 1.0}, {"trade_seq": 1009, "trade_id": "247121711", "timestamp": 1679403202927, "tick_direction": 1, "price": 0.004, "mark_price": 0.00386074, "iv": 92.01, "instrument_name": "BTC-31MAR23-36000-C", "index_price": 28280.37, "direction": "buy", "amount": 10.0}, {"trade_seq": 1008, "trade_id": "247121707", "timestamp": 1679403202877, "tick_direction": 0, "price": 0.004, "mark_price": 0.00386074, "iv": 92.34, "instrument_name": "BTC-31MAR23-36000-C", "index_price": 28274.49, "direction": "buy", "amount": 10.0}, {"trade_seq": 1007, "trade_id": "247119227", "timestamp": 1679402631278, "tick_direction": 1, "price": 0.0035, "mark_price": 0.00338539, "iv": 90.55, "instrument_name": "BTC-31MAR23-36000-C", "index_price": 28175.84, "direction": "buy", "amount": 10.0}, {"trade_seq": 1006, "trade_id": "247119092", "timestamp": 1679402602477, "tick_direction": 1, "price": 0.0035, "mark_price": 0.0033516, "iv": 90.8, "instrument_name": "BTC-31MAR23-36000-C", "index_price": 28155.28, "direction": "buy", "amount": 9.0}, {"trade_seq": 1005, "trade_id": "247118877", "timestamp": 1679402538654, "tick_direction": 1, "price": 0.0035, "mark_price": 0.00329229, "iv": 91.1, "instrument_name": "BTC-31MAR23-36000-C", "index_price": 28124.66, "direction": "buy", "amount": 1.0}, {"trade_seq": 1004, "trade_id": "247118876", "timestamp": 1679402538640, "tick_direction": 1, "price": 0.0035, "mark_price": 0.00329229, "iv": 91.1, "instrument_name": "BTC-31MAR23-36000-C", "index_price": 28124.66, "direction": "buy", "amount": 6.0}, {"trade_seq": 1003, "trade_id": "247118704", "timestamp": 1679402448364, "tick_direction": 0, "price": 0.0035, "mark_price": 0.00327474, "iv": 91.29, "instrument_name": "BTC-31MAR23-36000-C", "index_price": 28106.76, "direction": "buy", "amount": 4.0}, {"trade_seq": 1002, "trade_id": "247115805", "timestamp": 1679401166038, "tick_direction": 1, "price": 0.003, "mark_price": 0.00301226, "iv": 89.09, "instrument_name": "BTC-31MAR23-36000-C", "index_price": 28052.56, "direction": "buy", "amount": 1.0}, {"trade_seq": 1001, "trade_id": "247114028", "timestamp": 1679400307738, "tick_direction": 1, "price": 0.003, "mark_price": 0.00276851, "iv": 88.55, "instrument_name": "BTC-31MAR23-36000-C", "index_price": 28086.99, "direction": "buy", "amount": 2.0}, {"trade_seq": 1000, "trade_id": "247114026", "timestamp": 1679400304306, "tick_direction": 1, "price": 0.003, "mark_price": 0.00276861, "iv": 88.56, "instrument_name": "BTC-31MAR23-36000-C", "index_price": 28087.05, "direction": "buy", "amount": 2.0}, {"trade_seq": 999, "trade_id": "247110343", "timestamp": 1679399071264, "tick_direction": 0, "price": 0.003, "mark_price": 0.00293106, "iv": 88.68, "instrument_name": "BTC-31MAR23-36000-C", "index_price": 28092.03, "direction": "buy", "amount": 1.0}, {"trade_seq": 998, "trade_id": "247078260", "timestamp": 1679388159529, "tick_direction": 3, "price": 0.0025, "mark_price": 0.00274362, "iv": 89.01, "instrument_name": "BTC-31MAR23-36000-C", "index_price": 27689.79, "direction": "sell", "amount": 3.0}, {"trade_seq": 997, "trade_id": "247075105", "timestamp": 1679387229468, "tick_direction": 2, "price": 0.0025, "mark_price": 0.00279471, "iv": 89.84, "instrument_name": "BTC-31MAR23-36000-C", "index_price": 27598.13, "direction": "sell", "amount": 5.0}, {"trade_seq": 996, "trade_id": "247034008", "timestamp": 1679374503543, "tick_direction": 3, "price": 0.003, "mark_price": 0.00290909, "iv": 88.29, "instrument_name": "BTC-31MAR23-36000-C", "index_price": 27992.99, "direction": "buy", "amount": 0.2}, {"trade_seq": 995, "trade_id": "246981815", "timestamp": 1679349765216, "tick_direction": 3, "price": 0.003, "mark_price": 0.00336018, "iv": 86.74, "instrument_name": "BTC-31MAR23-36000-C", "index_price": 28009.25, "direction": "sell", "amount": 16.8}, {"trade_seq": 994, "trade_id": "246981814", "timestamp": 1679349765216, "tick_direction": 2, "price": 0.003, "mark_price": 0.00336018, "iv": 86.74, "instrument_name": "BTC-31MAR23-36000-C", "index_price": 28009.25, "direction": "sell", "amount": 3.2}, {"trade_seq": 993, "trade_id": "246967970", "timestamp": 1679344300100, "tick_direction": 3, "price": 0.0035, "mark_price": 0.00330808, "iv": 89.02, "instrument_name": "BTC-31MAR23-36000-C", "index_price": 28027.74, "direction": "buy", "amount": 4.4}, {"trade_seq": 992, "trade_id": "246967911", "timestamp": 1679344285205, "tick_direction": 3, "price": 0.0035, "mark_price": 0.00329195, "iv": 89.11, "instrument_name": "BTC-31MAR23-36000-C", "index_price": 28016.35, "direction": "buy", "amount": 0.1}, {"trade_seq": 991, "trade_id": "246967910", "timestamp": 1679344285205, "tick_direction": 2, "price": 0.0035, "mark_price": 0.00329195, "iv": 89.11, "instrument_name": "BTC-31MAR23-36000-C", "index_price": 28016.35, "direction": "buy", "amount": 4.2}, {"trade_seq": 990, "trade_id": "246871407", "timestamp": 1679322638338, "tick_direction": 3, "price": 0.004, "mark_price": 0.00381105, "iv": 90.12, "instrument_name": "BTC-31MAR23-36000-C", "index_price": 28048.3, "direction": "buy", "amount": 1.0}, {"trade_seq": 989, "trade_id": "246860346", "timestamp": 1679319950429, "tick_direction": 2, "price": 0.004, "mark_price": 0.00395533, "iv": 91.73, "instrument_name": "BTC-31MAR23-36000-C", "index_price": 27890.88, "direction": "buy", "amount": 7.2}, {"trade_seq": 988, "trade_id": "246840970", "timestamp": 1679311486715, "tick_direction": 1, "price": 0.0055, "mark_price": 0.00537816, "iv": 93.15, "instrument_name": "BTC-31MAR23-36000-C", "index_price": 28335.99, "direction": "buy", "amount": 3.0}, {"trade_seq": 987, "trade_id": "246807746", "timestamp": 1679302330885, "tick_direction": 1, "price": 0.0055, "mark_price": 0.00573359, "iv": 93.07, "instrument_name": "BTC-31MAR23-36000-C", "index_price": 28317.23, "direction": "sell", "amount": 2.0}, {"trade_seq": 986, "trade_id": "246792004", "timestamp": 1679299514565, "tick_direction": 0, "price": 0.0055, "mark_price": 0.00533538, "iv": 92.66, "instrument_name": "BTC-31MAR23-36000-C", "index_price": 28344.97, "direction": "buy", "amount": 0.2}, {"trade_seq": 985, "trade_id": "246776024", "timestamp": 1679297807251, "tick_direction": 3, "price": 0.005, "mark_price": 0.0047415, "iv": 93.96, "instrument_name": "BTC-31MAR23-36000-C", "index_price": 28010.06, "direction": "buy", "amount": 0.2}, {"trade_seq": 984, "trade_id": "246692243", "timestamp": 1679274877231, "tick_direction": 3, "price": 0.005, "mark_price": 0.00532391, "iv": 94.74, "instrument_name": "BTC-31MAR23-36000-C", "index_price": 27812.15, "direction": "buy", "amount": 5.6}, {"trade_seq": 983, "trade_id": "246692242", "timestamp": 1679274877193, "tick_direction": 3, "price": 0.005, "mark_price": 0.00532391, "iv": 94.74, "instrument_name": "BTC-31MAR23-36000-C", "index_price": 27812.15, "direction": "buy", "amount": 15.0}, {"trade_seq": 982, "trade_id": "246692241", "timestamp": 1679274877183, "tick_direction": 3, "price": 0.005, "mark_price": 0.00532391, "iv": 94.74, "instrument_name": "BTC-31MAR23-36000-C", "index_price": 27812.15, "direction": "buy", "amount": 0.2}, {"trade_seq": 981, "trade_id": "246692240", "timestamp": 1679274877180, "tick_direction": 3, "price": 0.005, "mark_price": 0.00532391, "iv": 94.74, "instrument_name": "BTC-31MAR23-36000-C", "index_price": 27812.15, "direction": "sell", "amount": 26.0}, {"trade_seq": 980, "trade_id": "246692239", "timestamp": 1679274877180, "tick_direction": 2, "price": 0.005, "mark_price": 0.00532391, "iv": 94.74, "instrument_name": "BTC-31MAR23-36000-C", "index_price": 27812.15, "direction": "sell", "amount": 3.2}, {"trade_seq": 979, "trade_id": "246663694", "timestamp": 1679267979891, "tick_direction": 3, "price": 0.0065, "mark_price": 0.00748048, "iv": 94.81, "instrument_name": "BTC-31MAR23-36000-C", "index_price": 28313.03, "direction": "sell", "amount": 15.0}, {"trade_seq": 978, "trade_id": "246663693", "timestamp": 1679267979492, "tick_direction": 3, "price": 0.0065, "mark_price": 0.00748229, "iv": 94.79, "instrument_name": "BTC-31MAR23-36000-C", "index_price": 28312.97, "direction": "sell", "amount": 4.3}, {"trade_seq": 977, "trade_id": "246663692", "timestamp": 1679267979492, "tick_direction": 3, "price": 0.0065, "mark_price": 0.00748229, "iv": 94.79, "instrument_name": "BTC-31MAR23-36000-C", "index_price": 28312.97, "direction": "sell", "amount": 4.1}, {"trade_seq": 976, "trade_id": "246663691", "timestamp": 1679267979492, "tick_direction": 2, "price": 0.0065, "mark_price": 0.00748229, "iv": 94.79, "instrument_name": "BTC-31MAR23-36000-C", "index_price": 28312.97, "direction": "sell", "amount": 2.6}, {"trade_seq": 975, "trade_id": "246663690", "timestamp": 1679267979492, "tick_direction": 0, "price": 0.007, "mark_price": 0.00748229, "iv": 96.51, "instrument_name": "BTC-31MAR23-36000-C", "index_price": 28312.97, "direction": "sell", "amount": 4.0}, {"trade_seq": 974, "trade_id": "246647079", "timestamp": 1679262709996, "tick_direction": 1, "price": 0.0065, "mark_price": 0.00624165, "iv": 97.02, "instrument_name": "BTC-31MAR23-36000-C", "index_price": 28060.94, "direction": "buy", "amount": 2.9}, {"trade_seq": 973, "trade_id": "246597272", "timestamp": 1679252003397, "tick_direction": 0, "price": 0.0065, "mark_price": 0.00682007, "iv": 94.59, "instrument_name": "BTC-31MAR23-36000-C", "index_price": 28243.57, "direction": "sell", "amount": 2.0}, {"trade_seq": 972, "trade_id": "246557688", "timestamp": 1679244390542, "tick_direction": 1, "price": 0.0055, "mark_price": 0.00587369, "iv": 93.32, "instrument_name": "BTC-31MAR23-36000-C", "index_price": 27994.56, "direction": "sell", "amount": 1.0}, {"trade_seq": 971, "trade_id": "246556923", "timestamp": 1679244281976, "tick_direction": 1, "price": 0.0055, "mark_price": 0.00599131, "iv": 92.82, "instrument_name": "BTC-31MAR23-36000-C", "index_price": 28037.07, "direction": "sell", "amount": 1.0}, {"trade_seq": 970, "trade_id": "246556826", "timestamp": 1679244270695, "tick_direction": 0, "price": 0.0055, "mark_price": 0.00596388, "iv": 92.92, "instrument_name": "BTC-31MAR23-36000-C", "index_price": 28030.75, "direction": "sell", "amount": 2.0}, {"trade_seq": 969, "trade_id": "246535194", "timestamp": 1679241452756, "tick_direction": 0, "price": 0.005, "mark_price": 0.00504089, "iv": 93.45, "instrument_name": "BTC-31MAR23-36000-C", "index_price": 27759.75, "direction": "buy", "amount": 0.2}, {"trade_seq": 968, "trade_id": "246519900", "timestamp": 1679238274835, "tick_direction": 0, "price": 0.0045, "mark_price": 0.00475188, "iv": 93.16, "instrument_name": "BTC-31MAR23-36000-C", "index_price": 27564.78, "direction": "sell", "amount": 0.5}, {"trade_seq": 967, "trade_id": "246503863", "timestamp": 1679231626279, "tick_direction": 0, "price": 0.004, "mark_price": 0.00430738, "iv": 93.88, "instrument_name": "BTC-31MAR23-36000-C", "index_price": 27242.55, "direction": "sell", "amount": 0.1}, {"trade_seq": 966, "trade_id": "246483622", "timestamp": 1679221625949, "tick_direction": 3, "price": 0.0035, "mark_price": 0.00404347, "iv": 91.87, "instrument_name": "BTC-31MAR23-36000-C", "index_price": 27134.5, "direction": "sell", "amount": 1.0}, {"trade_seq": 965, "trade_id": "246407249", "timestamp": 1679177008408, "tick_direction": 3, "price": 0.0035, "mark_price": 0.00355262, "iv": 88.46, "instrument_name": "BTC-31MAR23-36000-C", "index_price": 27298.31, "direction": "buy", "amount": 1.7}, {"trade_seq": 964, "trade_id": "246407248", "timestamp": 1679177008403, "tick_direction": 3, "price": 0.0035, "mark_price": 0.00355262, "iv": 88.46, "instrument_name": "BTC-31MAR23-36000-C", "index_price": 27298.31, "direction": "buy", "amount": 0.5}, {"trade_seq": 963, "trade_id": "246317701", "timestamp": 1679142203456, "tick_direction": 2, "price": 0.0035, "mark_price": 0.00405515, "iv": 85.69, "instrument_name": "BTC-31MAR23-36000-C", "index_price": 27436.53, "direction": "sell", "amount": 3.0}, {"trade_seq": 962, "trade_id": "246273390", "timestamp": 1679123974316, "tick_direction": 0, "price": 0.004, "mark_price": 0.00380911, "iv": 86.37, "instrument_name": "BTC-31MAR23-36000-C", "index_price": 27520.5, "direction": "buy", "amount": 7.5}, {"trade_seq": 961, "trade_id": "246269194", "timestamp": 1679120580905, "tick_direction": 2, "price": 0.0035, "mark_price": 0.00385665, "iv": 83.37, "instrument_name": "BTC-31MAR23-36000-C", "index_price": 27584.28, "direction": "sell", "amount": 2.0}, {"trade_seq": 960, "trade_id": "246267912", "timestamp": 1679119899069, "tick_direction": 3, "price": 0.004, "mark_price": 0.00411247, "iv": 85.35, "instrument_name": "BTC-31MAR23-36000-C", "index_price": 27606.46, "direction": "sell", "amount": 1.3}, {"trade_seq": 959, "trade_id": "246237621", "timestamp": 1679106789810, "tick_direction": 3, "price": 0.004, "mark_price": 0.00369147, "iv": 86.23, "instrument_name": "BTC-31MAR23-36000-C", "index_price": 27462.37, "direction": "buy", "amount": 32.0}, {"trade_seq": 958, "trade_id": "246191574", "timestamp": 1679097467728, "tick_direction": 2, "price": 0.004, "mark_price": 0.00398946, "iv": 86.53, "instrument_name": "BTC-31MAR23-36000-C", "index_price": 27412.13, "direction": "sell", "amount": 1.7}, {"trade_seq": 957, "trade_id": "246175244", "timestamp": 1679094927779, "tick_direction": 2, "price": 0.005, "mark_price": 0.00517487, "iv": 87.91, "instrument_name": "BTC-31MAR23-36000-C", "index_price": 27650.01, "direction": "sell", "amount": 26.0}, {"trade_seq": 956, "trade_id": "246161231", "timestamp": 1679093256744, "tick_direction": 1, "price": 0.0065, "mark_price": 0.00653595, "iv": 92.02, "instrument_name": "BTC-31MAR23-36000-C", "index_price": 27785.1, "direction": "sell", "amount": 26.0}, {"trade_seq": 955, "trade_id": "246158405", "timestamp": 1679093065227, "tick_direction": 0, "price": 0.0065, "mark_price": 0.00603547, "iv": 93.19, "instrument_name": "BTC-31MAR23-36000-C", "index_price": 27672.18, "direction": "buy", "amount": 0.5}, {"trade_seq": 954, "trade_id": "246155898", "timestamp": 1679092878634, "tick_direction": 1, "price": 0.006, "mark_price": 0.00567909, "iv": 92.48, "instrument_name": "BTC-31MAR23-36000-C", "index_price": 27579.0, "direction": "buy", "amount": 0.8}, {"trade_seq": 953, "trade_id": "246150820", "timestamp": 1679092644811, "tick_direction": 0, "price": 0.006, "mark_price": 0.00580543, "iv": 92.08, "instrument_name": "BTC-31MAR23-36000-C", "index_price": 27608.86, "direction": "buy", "amount": 0.2}, {"trade_seq": 952, "trade_id": "246148875", "timestamp": 1679092512586, "tick_direction": 0, "price": 0.0055, "mark_price": 0.00527582, "iv": 91.45, "instrument_name": "BTC-31MAR23-36000-C", "index_price": 27477.44, "direction": "sell", "amount": 2.3}, {"trade_seq": 951, "trade_id": "246096822", "timestamp": 1679084294335, "tick_direction": 1, "price": 0.0025, "mark_price": 0.00281817, "iv": 82.95, "instrument_name": "BTC-31MAR23-36000-C", "index_price": 26882.06, "direction": "sell", "amount": 1.0}, {"trade_seq": 950, "trade_id": "246079633", "timestamp": 1679080287221, "tick_direction": 1, "price": 0.0025, "mark_price": 0.00247542, "iv": 84.16, "instrument_name": "BTC-31MAR23-36000-C", "index_price": 26705.0, "direction": "sell", "amount": 0.1}, {"trade_seq": 949, "trade_id": "246079629", "timestamp": 1679080287080, "tick_direction": 1, "price": 0.0025, "mark_price": 0.00247542, "iv": 84.13, "instrument_name": "BTC-31MAR23-36000-C", "index_price": 26719.54, "direction": "sell", "amount": 0.1}, {"trade_seq": 948, "trade_id": "246079594", "timestamp": 1679080286779, "tick_direction": 1, "price": 0.0025, "mark_price": 0.00247615, "iv": 84.13, "instrument_name": "BTC-31MAR23-36000-C", "index_price": 26719.54, "direction": "sell", "amount": 0.2}, {"trade_seq": 947, "trade_id": "246079592", "timestamp": 1679080286764, "tick_direction": 1, "price": 0.0025, "mark_price": 0.00247615, "iv": 84.13, "instrument_name": "BTC-31MAR23-36000-C", "index_price": 26719.54, "direction": "sell", "amount": 0.1}, {"trade_seq": 946, "trade_id": "246079481", "timestamp": 1679080278942, "tick_direction": 0, "price": 0.0025, "mark_price": 0.00245126, "iv": 84.23, "instrument_name": "BTC-31MAR23-36000-C", "index_price": 26710.75, "direction": "sell", "amount": 1.9}, {"trade_seq": 945, "trade_id": "246061384", "timestamp": 1679075388409, "tick_direction": 3, "price": 0.002, "mark_price": 0.00224155, "iv": 82.43, "instrument_name": "BTC-31MAR23-36000-C", "index_price": 26530.16, "direction": "sell", "amount": 0.2}, {"trade_seq": 944, "trade_id": "246061292", "timestamp": 1679075354072, "tick_direction": 3, "price": 0.002, "mark_price": 0.00227065, "iv": 82.24, "instrument_name": "BTC-31MAR23-36000-C", "index_price": 26551.27, "direction": "sell", "amount": 0.2}, {"trade_seq": 943, "trade_id": "246061255", "timestamp": 1679075321934, "tick_direction": 3, "price": 0.002, "mark_price": 0.00228867, "iv": 82.15, "instrument_name": "BTC-31MAR23-36000-C", "index_price": 26561.16, "direction": "sell", "amount": 0.3}, {"trade_seq": 942, "trade_id": "246061029", "timestamp": 1679075270268, "tick_direction": 3, "price": 0.002, "mark_price": 0.00225035, "iv": 82.41, "instrument_name": "BTC-31MAR23-36000-C", "index_price": 26528.84, "direction": "sell", "amount": 0.8}, {"trade_seq": 941, "trade_id": "246042897", "timestamp": 1679070991800, "tick_direction": 3, "price": 0.002, "mark_price": 0.00192784, "iv": 82.74, "instrument_name": "BTC-31MAR23-36000-C", "index_price": 26477.66, "direction": "sell", "amount": 10.0}, {"trade_seq": 940, "trade_id": "246039880", "timestamp": 1679070101587, "tick_direction": 3, "price": 0.002, "mark_price": 0.0018733, "iv": 82.67, "instrument_name": "BTC-31MAR23-36000-C", "index_price": 26482.51, "direction": "sell", "amount": 2.8}, {"trade_seq": 939, "trade_id": "246039795", "timestamp": 1679070091853, "tick_direction": 3, "price": 0.002, "mark_price": 0.00188411, "iv": 82.49, "instrument_name": "BTC-31MAR23-36000-C", "index_price": 26501.61, "direction": "sell", "amount": 3.9}, {"trade_seq": 938, "trade_id": "246039738", "timestamp": 1679070068897, "tick_direction": 3, "price": 0.002, "mark_price": 0.0018837, "iv": 82.38, "instrument_name": "BTC-31MAR23-36000-C", "index_price": 26512.62, "direction": "sell", "amount": 0.2}, {"trade_seq": 937, "trade_id": "246039678", "timestamp": 1679070052898, "tick_direction": 3, "price": 0.002, "mark_price": 0.00188455, "iv": 82.3, "instrument_name": "BTC-31MAR23-36000-C", "index_price": 26523.53, "direction": "sell", "amount": 10.0}, {"trade_seq": 936, "trade_id": "246031426", "timestamp": 1679067545018, "tick_direction": 3, "price": 0.002, "mark_price": 0.00190545, "iv": 83.25, "instrument_name": "BTC-31MAR23-36000-C", "index_price": 26407.35, "direction": "sell", "amount": 2.3}, {"trade_seq": 935, "trade_id": "246017258", "timestamp": 1679064533537, "tick_direction": 2, "price": 0.002, "mark_price": 0.00226895, "iv": 84.32, "instrument_name": "BTC-31MAR23-36000-C", "index_price": 26286.2, "direction": "sell", "amount": 5.0}, {"trade_seq": 934, "trade_id": "246003423", "timestamp": 1679062731542, "tick_direction": 3, "price": 0.0025, "mark_price": 0.00260951, "iv": 84.6, "instrument_name": "BTC-31MAR23-36000-C", "index_price": 26614.18, "direction": "sell", "amount": 0.1}, {"trade_seq": 933, "trade_id": "246002353", "timestamp": 1679062423423, "tick_direction": 3, "price": 0.0025, "mark_price": 0.00249692, "iv": 84.66, "instrument_name": "BTC-31MAR23-36000-C", "index_price": 26613.11, "direction": "sell", "amount": 0.1}, {"trade_seq": 932, "trade_id": "246002350", "timestamp": 1679062423255, "tick_direction": 3, "price": 0.0025, "mark_price": 0.00249692, "iv": 84.66, "instrument_name": "BTC-31MAR23-36000-C", "index_price": 26613.29, "direction": "sell", "amount": 0.1}, {"trade_seq": 931, "trade_id": "246002349", "timestamp": 1679062421429, "tick_direction": 3, "price": 0.0025, "mark_price": 0.00249926, "iv": 84.64, "instrument_name": "BTC-31MAR23-36000-C", "index_price": 26614.62, "direction": "sell", "amount": 0.1}, {"trade_seq": 930, "trade_id": "246002348", "timestamp": 1679062421402, "tick_direction": 3, "price": 0.0025, "mark_price": 0.00249926, "iv": 84.64, "instrument_name": "BTC-31MAR23-36000-C", "index_price": 26614.62, "direction": "sell", "amount": 0.1}, {"trade_seq": 929, "trade_id": "246002345", "timestamp": 1679062421352, "tick_direction": 3, "price": 0.0025, "mark_price": 0.00249926, "iv": 84.64, "instrument_name": "BTC-31MAR23-36000-C", "index_price": 26614.62, "direction": "sell", "amount": 0.1}, {"trade_seq": 928, "trade_id": "246002334", "timestamp": 1679062420324, "tick_direction": 3, "price": 0.0025, "mark_price": 0.00249406, "iv": 84.65, "instrument_name": "BTC-31MAR23-36000-C", "index_price": 26615.79, "direction": "sell", "amount": 0.2}, {"trade_seq": 927, "trade_id": "246002318", "timestamp": 1679062415077, "tick_direction": 3, "price": 0.0025, "mark_price": 0.00249114, "iv": 84.62, "instrument_name": "BTC-31MAR23-36000-C", "index_price": 26618.83, "direction": "sell", "amount": 0.6}, {"trade_seq": 926, "trade_id": "245976303", "timestamp": 1679056878727, "tick_direction": 3, "price": 0.0025, "mark_price": 0.00274374, "iv": 84.72, "instrument_name": "BTC-31MAR23-36000-C", "index_price": 26602.16, "direction": "sell", "amount": 0.2}, {"trade_seq": 925, "trade_id": "245976301", "timestamp": 1679056878612, "tick_direction": 2, "price": 0.0025, "mark_price": 0.00274374, "iv": 84.72, "instrument_name": "BTC-31MAR23-36000-C", "index_price": 26602.16, "direction": "sell", "amount": 2.2}, {"trade_seq": 924, "trade_id": "245961427", "timestamp": 1679054498767, "tick_direction": 1, "price": 0.003, "mark_price": 0.00321186, "iv": 84.63, "instrument_name": "BTC-31MAR23-36000-C", "index_price": 26930.52, "direction": "sell", "amount": 2.5}, {"trade_seq": 923, "trade_id": "245930325", "timestamp": 1679049010824, "tick_direction": 1, "price": 0.003, "mark_price": 0.00274219, "iv": 87.36, "instrument_name": "BTC-31MAR23-36000-C", "index_price": 26586.75, "direction": "buy", "amount": 4.2}, {"trade_seq": 922, "trade_id": "245930324", "timestamp": 1679049010824, "tick_direction": 0, "price": 0.003, "mark_price": 0.00274219, "iv": 87.36, "instrument_name": "BTC-31MAR23-36000-C", "index_price": 26586.75, "direction": "buy", "amount": 0.5}, {"trade_seq": 921, "trade_id": "245902875", "timestamp": 1679042267146, "tick_direction": 2, "price": 0.002, "mark_price": 0.00219855, "iv": 85.37, "instrument_name": "BTC-31MAR23-36000-C", "index_price": 26074.27, "direction": "sell", "amount": 1.0}, {"trade_seq": 920, "trade_id": "245845094", "timestamp": 1679036110394, "tick_direction": 1, "price": 0.003, "mark_price": 0.00280598, "iv": 90.43, "instrument_name": "BTC-31MAR23-36000-C", "index_price": 26181.67, "direction": "buy", "amount": 0.2}, {"trade_seq": 919, "trade_id": "245843842", "timestamp": 1679035864999, "tick_direction": 1, "price": 0.003, "mark_price": 0.00272949, "iv": 90.88, "instrument_name": "BTC-31MAR23-36000-C", "index_price": 26134.44, "direction": "buy", "amount": 0.1}, {"trade_seq": 918, "trade_id": "245843840", "timestamp": 1679035864400, "tick_direction": 1, "price": 0.003, "mark_price": 0.00272686, "iv": 90.88, "instrument_name": "BTC-31MAR23-36000-C", "index_price": 26134.44, "direction": "buy", "amount": 0.1}, {"trade_seq": 917, "trade_id": "245843838", "timestamp": 1679035864225, "tick_direction": 1, "price": 0.003, "mark_price": 0.00272686, "iv": 90.88, "instrument_name": "BTC-31MAR23-36000-C", "index_price": 26127.23, "direction": "buy", "amount": 0.1}, {"trade_seq": 916, "trade_id": "245843837", "timestamp": 1679035863934, "tick_direction": 1, "price": 0.003, "mark_price": 0.00272686, "iv": 90.88, "instrument_name": "BTC-31MAR23-36000-C", "index_price": 26127.23, "direction": "buy", "amount": 0.1}, {"trade_seq": 915, "trade_id": "245843836", "timestamp": 1679035863871, "tick_direction": 1, "price": 0.003, "mark_price": 0.00272686, "iv": 90.88, "instrument_name": "BTC-31MAR23-36000-C", "index_price": 26127.23, "direction": "buy", "amount": 0.1}, {"trade_seq": 914, "trade_id": "245843835", "timestamp": 1679035863845, "tick_direction": 1, "price": 0.003, "mark_price": 0.00272686, "iv": 90.88, "instrument_name": "BTC-31MAR23-36000-C", "index_price": 26127.23, "direction": "buy", "amount": 0.1}, {"trade_seq": 913, "trade_id": "245843800", "timestamp": 1679035860270, "tick_direction": 0, "price": 0.003, "mark_price": 0.00273328, "iv": 90.91, "instrument_name": "BTC-31MAR23-36000-C", "index_price": 26123.83, "direction": "buy", "amount": 2.6}, {"trade_seq": 912, "trade_id": "245698360", "timestamp": 1678989371488, "tick_direction": 3, "price": 0.001, "mark_price": 0.00124266, "iv": 85.2, "instrument_name": "BTC-31MAR23-36000-C", "index_price": 24759.71, "direction": "sell", "amount": 0.4}, {"trade_seq": 911, "trade_id": "245446946", "timestamp": 1678898926989, "tick_direction": 3, "price": 0.001, "mark_price": 0.00123041, "iv": 85.99, "instrument_name": "BTC-31MAR23-36000-C", "index_price": 24257.72, "direction": "sell", "amount": 0.1}, {"trade_seq": 910, "trade_id": "245289135", "timestamp": 1678862635103, "tick_direction": 3, "price": 0.001, "mark_price": 0.00111088, "iv": 79.78, "instrument_name": "BTC-31MAR23-36000-C", "index_price": 24925.39, "direction": "sell", "amount": 1.0}, {"trade_seq": 909, "trade_id": "245286754", "timestamp": 1678860941315, "tick_direction": 3, "price": 0.001, "mark_price": 0.00122392, "iv": 80.81, "instrument_name": "BTC-31MAR23-36000-C", "index_price": 24793.08, "direction": "sell", "amount": 1.0}, {"trade_seq": 908, "trade_id": "245286557", "timestamp": 1678860751450, "tick_direction": 3, "price": 0.001, "mark_price": 0.00121665, "iv": 80.85, "instrument_name": "BTC-31MAR23-36000-C", "index_price": 24789.38, "direction": "sell", "amount": 0.2}, {"trade_seq": 907, "trade_id": "245286556", "timestamp": 1678860751450, "tick_direction": 3, "price": 0.001, "mark_price": 0.00121665, "iv": 80.85, "instrument_name": "BTC-31MAR23-36000-C", "index_price": 24789.38, "direction": "sell", "amount": 2.0}, {"trade_seq": 906, "trade_id": "245286110", "timestamp": 1678860487825, "tick_direction": 3, "price": 0.001, "mark_price": 0.00118994, "iv": 81.06, "instrument_name": "BTC-31MAR23-36000-C", "index_price": 24760.25, "direction": "sell", "amount": 0.1}, {"trade_seq": 905, "trade_id": "245286108", "timestamp": 1678860486643, "tick_direction": 3, "price": 0.001, "mark_price": 0.00119245, "iv": 81.01, "instrument_name": "BTC-31MAR23-36000-C", "index_price": 24763.89, "direction": "sell", "amount": 0.1}, {"trade_seq": 904, "trade_id": "245286102", "timestamp": 1678860486258, "tick_direction": 3, "price": 0.001, "mark_price": 0.00119245, "iv": 81.01, "instrument_name": "BTC-31MAR23-36000-C", "index_price": 24763.89, "direction": "sell", "amount": 0.5}, {"trade_seq": 903, "trade_id": "245283873", "timestamp": 1678858610262, "tick_direction": 3, "price": 0.001, "mark_price": 0.00117662, "iv": 80.32, "instrument_name": "BTC-31MAR23-36000-C", "index_price": 24856.77, "direction": "sell", "amount": 0.8}, {"trade_seq": 902, "trade_id": "245283757", "timestamp": 1678858490639, "tick_direction": 3, "price": 0.001, "mark_price": 0.00116225, "iv": 80.32, "instrument_name": "BTC-31MAR23-36000-C", "index_price": 24857.47, "direction": "sell", "amount": 0.1}, {"trade_seq": 901, "trade_id": "245283750", "timestamp": 1678858490099, "tick_direction": 3, "price": 0.001, "mark_price": 0.00116225, "iv": 80.32, "instrument_name": "BTC-31MAR23-36000-C", "index_price": 24857.47, "direction": "sell", "amount": 0.1}, {"trade_seq": 900, "trade_id": "245283748", "timestamp": 1678858489989, "tick_direction": 2, "price": 0.001, "mark_price": 0.00116196, "iv": 80.32, "instrument_name": "BTC-31MAR23-36000-C", "index_price": 24857.47, "direction": "sell", "amount": 1.9}, {"trade_seq": 899, "trade_id": "245272766", "timestamp": 1678847341645, "tick_direction": 0, "price": 0.0015, "mark_price": 0.00121795, "iv": 84.19, "instrument_name": "BTC-31MAR23-36000-C", "index_price": 24917.0, "direction": "buy", "amount": 5.0}, {"trade_seq": 898, "trade_id": "245251825", "timestamp": 1678840169746, "tick_direction": 2, "price": 0.001, "mark_price": 0.00125822, "iv": 82.77, "instrument_name": "BTC-31MAR23-36000-C", "index_price": 24450.17, "direction": "sell", "amount": 2.4}, {"trade_seq": 897, "trade_id": "245157873", "timestamp": 1678819071811, "tick_direction": 3, "price": 0.002, "mark_price": 0.00173842, "iv": 82.24, "instrument_name": "BTC-31MAR23-36000-C", "index_price": 25528.68, "direction": "buy", "amount": 0.1}, {"trade_seq": 896, "trade_id": "245157872", "timestamp": 1678819071789, "tick_direction": 3, "price": 0.002, "mark_price": 0.00173842, "iv": 82.27, "instrument_name": "BTC-31MAR23-36000-C", "index_price": 25528.68, "direction": "buy", "amount": 0.1}, {"trade_seq": 895, "trade_id": "245157869", "timestamp": 1678819070733, "tick_direction": 3, "price": 0.002, "mark_price": 0.00173787, "iv": 82.28, "instrument_name": "BTC-31MAR23-36000-C", "index_price": 25524.14, "direction": "buy", "amount": 1.7}, {"trade_seq": 894, "trade_id": "245120601", "timestamp": 1678806512640, "tick_direction": 3, "price": 0.002, "mark_price": 0.00174944, "iv": 78.59, "instrument_name": "BTC-31MAR23-36000-C", "index_price": 25989.07, "direction": "buy", "amount": 1.0}, {"trade_seq": 893, "trade_id": "245118228", "timestamp": 1678805909963, "tick_direction": 3, "price": 0.002, "mark_price": 0.00176299, "iv": 77.77, "instrument_name": "BTC-31MAR23-36000-C", "index_price": 26096.45, "direction": "buy", "amount": 7.0}, {"trade_seq": 892, "trade_id": "245115863", "timestamp": 1678805625000, "tick_direction": 3, "price": 0.002, "mark_price": 0.00183119, "iv": 77.68, "instrument_name": "BTC-31MAR23-36000-C", "index_price": 26103.3, "direction": "buy", "amount": 3.1}, {"trade_seq": 891, "trade_id": "245115862", "timestamp": 1678805625000, "tick_direction": 3, "price": 0.002, "mark_price": 0.00183119, "iv": 77.68, "instrument_name": "BTC-31MAR23-36000-C", "index_price": 26103.3, "direction": "buy", "amount": 5.0}, {"trade_seq": 890, "trade_id": "245101152", "timestamp": 1678802368882, "tick_direction": 2, "price": 0.002, "mark_price": 0.00219111, "iv": 78.92, "instrument_name": "BTC-31MAR23-36000-C", "index_price": 25903.16, "direction": "sell", "amount": 2.5}, {"trade_seq": 889, "trade_id": "245095219", "timestamp": 1678801789610, "tick_direction": 2, "price": 0.0025, "mark_price": 0.00259588, "iv": 80.59, "instrument_name": "BTC-31MAR23-36000-C", "index_price": 26057.02, "direction": "sell", "amount": 0.1}, {"trade_seq": 888, "trade_id": "245094440", "timestamp": 1678801628534, "tick_direction": 0, "price": 0.003, "mark_price": 0.00265385, "iv": 82.82, "instrument_name": "BTC-31MAR23-36000-C", "index_price": 26100.73, "direction": "buy", "amount": 0.4}, {"trade_seq": 887, "trade_id": "245087422", "timestamp": 1678800489470, "tick_direction": 3, "price": 0.0025, "mark_price": 0.00253712, "iv": 81.27, "instrument_name": "BTC-31MAR23-36000-C", "index_price": 25954.39, "direction": "sell", "amount": 2.9}, {"trade_seq": 886, "trade_id": "245086802", "timestamp": 1678800374482, "tick_direction": 2, "price": 0.0025, "mark_price": 0.00252705, "iv": 81.5, "instrument_name": "BTC-31MAR23-36000-C", "index_price": 25916.1, "direction": "sell", "amount": 2.0}, {"trade_seq": 885, "trade_id": "245083891", "timestamp": 1678799998326, "tick_direction": 2, "price": 0.003, "mark_price": 0.0031698, "iv": 84.61, "instrument_name": "BTC-31MAR23-36000-C", "index_price": 25870.48, "direction": "sell", "amount": 30.0}, {"trade_seq": 884, "trade_id": "245082289", "timestamp": 1678799899472, "tick_direction": 3, "price": 0.0035, "mark_price": 0.003673, "iv": 84.94, "instrument_name": "BTC-31MAR23-36000-C", "index_price": 26112.38, "direction": "buy", "amount": 0.2}, {"trade_seq": 883, "trade_id": "245082287", "timestamp": 1678799899440, "tick_direction": 3, "price": 0.0035, "mark_price": 0.003673, "iv": 84.94, "instrument_name": "BTC-31MAR23-36000-C", "index_price": 26112.38, "direction": "buy", "amount": 0.6}, {"trade_seq": 882, "trade_id": "245082286", "timestamp": 1678799899394, "tick_direction": 3, "price": 0.0035, "mark_price": 0.003673, "iv": 84.94, "instrument_name": "BTC-31MAR23-36000-C", "index_price": 26112.38, "direction": "buy", "amount": 1.1}, {"trade_seq": 881, "trade_id": "245082240", "timestamp": 1678799898338, "tick_direction": 2, "price": 0.0035, "mark_price": 0.00367486, "iv": 84.93, "instrument_name": "BTC-31MAR23-36000-C", "index_price": 26121.53, "direction": "buy", "amount": 1.9}, {"trade_seq": 880, "trade_id": "245081149", "timestamp": 1678799826099, "tick_direction": 1, "price": 0.004, "mark_price": 0.00389846, "iv": 86.25, "instrument_name": "BTC-31MAR23-36000-C", "index_price": 26248.43, "direction": "buy", "amount": 0.1}, {"trade_seq": 879, "trade_id": "245081148", "timestamp": 1678799826086, "tick_direction": 1, "price": 0.004, "mark_price": 0.00389846, "iv": 86.25, "instrument_name": "BTC-31MAR23-36000-C", "index_price": 26248.43, "direction": "buy", "amount": 1.2}, {"trade_seq": 878, "trade_id": "245061235", "timestamp": 1678798775856, "tick_direction": 0, "price": 0.004, "mark_price": 0.00357819, "liquidation": "T", "iv": 88.57, "instrument_name": "BTC-31MAR23-36000-C", "index_price": 26008.21, "direction": "buy", "amount": 3.0}, {"trade_seq": 877, "trade_id": "245050023", "timestamp": 1678798073160, "tick_direction": 1, "price": 0.0035, "mark_price": 0.00348331, "iv": 87.02, "instrument_name": "BTC-31MAR23-36000-C", "index_price": 25864.5, "direction": "sell", "amount": 1.5}, {"trade_seq": 876, "trade_id": "245049893", "timestamp": 1678798068775, "tick_direction": 0, "price": 0.0035, "mark_price": 0.00343919, "iv": 87.17, "instrument_name": "BTC-31MAR23-36000-C", "index_price": 25858.13, "direction": "sell", "amount": 1.8}, {"trade_seq": 875, "trade_id": "245013657", "timestamp": 1678796581059, "tick_direction": 1, "price": 0.003, "mark_price": 0.0024645, "iv": 93.58, "instrument_name": "BTC-31MAR23-36000-C", "index_price": 24836.86, "direction": "buy", "amount": 5.0}, {"trade_seq": 874, "trade_id": "244794920", "timestamp": 1678720535910, "tick_direction": 0, "price": 0.003, "mark_price": 0.00267095, "liquidation": "T", "iv": 95.85, "instrument_name": "BTC-31MAR23-36000-C", "index_price": 24230.0, "direction": "buy", "amount": 4.0}, {"trade_seq": 873, "trade_id": "244786943", "timestamp": 1678720160042, "tick_direction": 0, "price": 0.0025, "mark_price": 0.00238426, "iv": 91.09, "instrument_name": "BTC-31MAR23-36000-C", "index_price": 24471.25, "direction": "buy", "amount": 1.0}, {"trade_seq": 872, "trade_id": "244778364", "timestamp": 1678719942532, "tick_direction": 1, "price": 0.002, "mark_price": 0.00209509, "iv": 91.71, "instrument_name": "BTC-31MAR23-36000-C", "index_price": 24007.55, "direction": "sell", "amount": 10.0}, {"trade_seq": 871, "trade_id": "244776471", "timestamp": 1678719818568, "tick_direction": 0, "price": 0.002, "mark_price": 0.00207729, "iv": 92.06, "instrument_name": "BTC-31MAR23-36000-C", "index_price": 23954.45, "direction": "sell", "amount": 5.0}, {"trade_seq": 870, "trade_id": "244697446", "timestamp": 1678712070848, "tick_direction": 3, "price": 0.0005, "mark_price": 0.00032076, "iv": 88.67, "instrument_name": "BTC-31MAR23-36000-C", "index_price": 22095.4, "direction": "buy", "amount": 5.0}, {"trade_seq": 869, "trade_id": "244177520", "timestamp": 1678522676646, "tick_direction": 3, "price": 0.0005, "mark_price": 8.816e-05, "iv": 98.04, "instrument_name": "BTC-31MAR23-36000-C", "index_price": 20069.86, "direction": "buy", "amount": 0.1}, {"trade_seq": 868, "trade_id": "244177505", "timestamp": 1678522669450, "tick_direction": 3, "price": 0.0005, "mark_price": 8.809e-05, "iv": 98.05, "instrument_name": "BTC-31MAR23-36000-C", "index_price": 20070.66, "direction": "buy", "amount": 4.9}, {"trade_seq": 867, "trade_id": "243529825", "timestamp": 1678128376620, "tick_direction": 3, "price": 0.0005, "mark_price": 0.00047115, "iv": 72.58, "instrument_name": "BTC-31MAR23-36000-C", "index_price": 22514.12, "direction": "buy", "amount": 2.0}, {"trade_seq": 866, "trade_id": "243510500", "timestamp": 1678098153918, "tick_direction": 3, "price": 0.0005, "mark_price": 0.00046037, "iv": 72.81, "instrument_name": "BTC-31MAR23-36000-C", "index_price": 22394.07, "direction": "buy", "amount": 7.0}, {"trade_seq": 865, "trade_id": "243422448", "timestamp": 1677889839974, "tick_direction": 3, "price": 0.0005, "mark_price": 0.00072725, "iv": 69.55, "instrument_name": "BTC-31MAR23-36000-C", "index_price": 22378.84, "direction": "sell", "amount": 1.0}, {"trade_seq": 864, "trade_id": "243383992", "timestamp": 1677849485991, "tick_direction": 3, "price": 0.0005, "mark_price": 0.00070803, "iv": 69.28, "instrument_name": "BTC-31MAR23-36000-C", "index_price": 22313.78, "direction": "sell", "amount": 10.0}, {"trade_seq": 863, "trade_id": "243383364", "timestamp": 1677848568588, "tick_direction": 3, "price": 0.0005, "mark_price": 0.00071496, "iv": 69.14, "instrument_name": "BTC-31MAR23-36000-C", "index_price": 22335.81, "direction": "sell", "amount": 0.4}, {"trade_seq": 862, "trade_id": "243383363", "timestamp": 1677848568588, "tick_direction": 3, "price": 0.0005, "mark_price": 0.00071496, "iv": 69.14, "instrument_name": "BTC-31MAR23-36000-C", "index_price": 22335.81, "direction": "sell", "amount": 5.0}, {"trade_seq": 861, "trade_id": "243383362", "timestamp": 1677848568588, "tick_direction": 3, "price": 0.0005, "mark_price": 0.00071496, "iv": 69.14, "instrument_name": "BTC-31MAR23-36000-C", "index_price": 22335.81, "direction": "sell", "amount": 0.2}, {"trade_seq": 860, "trade_id": "243383361", "timestamp": 1677848568588, "tick_direction": 3, "price": 0.0005, "mark_price": 0.00071496, "iv": 69.14, "instrument_name": "BTC-31MAR23-36000-C", "index_price": 22335.81, "direction": "sell", "amount": 10.0}, {"trade_seq": 859, "trade_id": "243383360", "timestamp": 1677848568588, "tick_direction": 3, "price": 0.0005, "mark_price": 0.00071496, "iv": 69.14, "instrument_name": "BTC-31MAR23-36000-C", "index_price": 22335.81, "direction": "sell", "amount": 2.0}, {"trade_seq": 858, "trade_id": "243380690", "timestamp": 1677843865416, "tick_direction": 3, "price": 0.0005, "mark_price": 0.00071893, "iv": 68.98, "instrument_name": "BTC-31MAR23-36000-C", "index_price": 22346.15, "direction": "sell", "amount": 1.0}, {"trade_seq": 857, "trade_id": "243376687", "timestamp": 1677840194533, "tick_direction": 2, "price": 0.0005, "mark_price": 0.00072161, "iv": 68.77, "instrument_name": "BTC-31MAR23-36000-C", "index_price": 22382.61, "direction": "sell", "amount": 7.0}, {"trade_seq": 856, "trade_id": "243334537", "timestamp": 1677808715041, "tick_direction": 3, "price": 0.001, "mark_price": 0.00123763, "iv": 75.47, "instrument_name": "BTC-31MAR23-36000-C", "index_price": 22192.8, "direction": "sell", "amount": 6.8}, {"trade_seq": 855, "trade_id": "243334521", "timestamp": 1677808712835, "tick_direction": 3, "price": 0.001, "mark_price": 0.00123196, "iv": 75.45, "instrument_name": "BTC-31MAR23-36000-C", "index_price": 22204.33, "direction": "sell", "amount": 50.0}, {"trade_seq": 854, "trade_id": "243334365", "timestamp": 1677808702000, "tick_direction": 3, "price": 0.001, "mark_price": 0.00122481, "iv": 75.54, "instrument_name": "BTC-31MAR23-36000-C", "index_price": 22188.43, "direction": "sell", "amount": 50.0}, {"trade_seq": 853, "trade_id": "243306301", "timestamp": 1677807081741, "tick_direction": 3, "price": 0.001, "mark_price": 0.00098679, "iv": 73.22, "instrument_name": "BTC-31MAR23-36000-C", "index_price": 22577.32, "direction": "sell", "amount": 0.2}, {"trade_seq": 852, "trade_id": "243306224", "timestamp": 1677807081419, "tick_direction": 3, "price": 0.001, "mark_price": 0.00098679, "iv": 73.22, "instrument_name": "BTC-31MAR23-36000-C", "index_price": 22577.32, "direction": "sell", "amount": 0.2}, {"trade_seq": 851, "trade_id": "243306209", "timestamp": 1677807081318, "tick_direction": 3, "price": 0.001, "mark_price": 0.00098408, "iv": 73.22, "instrument_name": "BTC-31MAR23-36000-C", "index_price": 22577.32, "direction": "sell", "amount": 0.1}, {"trade_seq": 850, "trade_id": "243306174", "timestamp": 1677807081174, "tick_direction": 3, "price": 0.001, "mark_price": 0.00098408, "iv": 73.22, "instrument_name": "BTC-31MAR23-36000-C", "index_price": 22577.32, "direction": "sell", "amount": 0.1}, {"trade_seq": 849, "trade_id": "243306154", "timestamp": 1677807081088, "tick_direction": 3, "price": 0.001, "mark_price": 0.00098408, "iv": 73.09, "instrument_name": "BTC-31MAR23-36000-C", "index_price": 22597.58, "direction": "sell", "amount": 0.1}, {"trade_seq": 848, "trade_id": "243306055", "timestamp": 1677807080700, "tick_direction": 3, "price": 0.001, "mark_price": 0.00098408, "iv": 73.09, "instrument_name": "BTC-31MAR23-36000-C", "index_price": 22597.58, "direction": "sell", "amount": 0.2}, {"trade_seq": 847, "trade_id": "243306003", "timestamp": 1677807080612, "tick_direction": 3, "price": 0.001, "mark_price": 0.00098408, "iv": 73.09, "instrument_name": "BTC-31MAR23-36000-C", "index_price": 22597.58, "direction": "sell", "amount": 0.1}, {"trade_seq": 846, "trade_id": "243306001", "timestamp": 1677807080604, "tick_direction": 3, "price": 0.001, "mark_price": 0.00098408, "iv": 73.09, "instrument_name": "BTC-31MAR23-36000-C", "index_price": 22597.58, "direction": "sell", "amount": 0.2}, {"trade_seq": 845, "trade_id": "243305987", "timestamp": 1677807080551, "tick_direction": 3, "price": 0.001, "mark_price": 0.00100977, "iv": 73.09, "instrument_name": "BTC-31MAR23-36000-C", "index_price": 22597.58, "direction": "sell", "amount": 0.1}, {"trade_seq": 844, "trade_id": "243305913", "timestamp": 1677807080338, "tick_direction": 3, "price": 0.001, "mark_price": 0.00100977, "iv": 73.09, "instrument_name": "BTC-31MAR23-36000-C", "index_price": 22597.58, "direction": "sell", "amount": 0.1}, {"trade_seq": 843, "trade_id": "243305905", "timestamp": 1677807080319, "tick_direction": 3, "price": 0.001, "mark_price": 0.00100977, "iv": 73.09, "instrument_name": "BTC-31MAR23-36000-C", "index_price": 22597.58, "direction": "sell", "amount": 0.2}, {"trade_seq": 842, "trade_id": "243305880", "timestamp": 1677807079936, "tick_direction": 3, "price": 0.001, "mark_price": 0.00100977, "iv": 72.91, "instrument_name": "BTC-31MAR23-36000-C", "index_price": 22615.42, "direction": "sell", "amount": 0.1}, {"trade_seq": 841, "trade_id": "243305830", "timestamp": 1677807079678, "tick_direction": 3, "price": 0.001, "mark_price": 0.00100977, "iv": 72.91, "instrument_name": "BTC-31MAR23-36000-C", "index_price": 22615.42, "direction": "sell", "amount": 0.1}, {"trade_seq": 840, "trade_id": "243305815", "timestamp": 1677807079638, "tick_direction": 3, "price": 0.001, "mark_price": 0.00100977, "iv": 72.91, "instrument_name": "BTC-31MAR23-36000-C", "index_price": 22615.42, "direction": "sell", "amount": 0.1}, {"trade_seq": 839, "trade_id": "243305778", "timestamp": 1677807079325, "tick_direction": 3, "price": 0.001, "mark_price": 0.00101867, "iv": 72.91, "instrument_name": "BTC-31MAR23-36000-C", "index_price": 22615.42, "direction": "sell", "amount": 0.1}, {"trade_seq": 838, "trade_id": "243305767", "timestamp": 1677807079290, "tick_direction": 3, "price": 0.001, "mark_price": 0.00101867, "iv": 72.91, "instrument_name": "BTC-31MAR23-36000-C", "index_price": 22615.42, "direction": "sell", "amount": 0.2}, {"trade_seq": 837, "trade_id": "243305661", "timestamp": 1677807078895, "tick_direction": 2, "price": 0.001, "mark_price": 0.00101867, "iv": 72.91, "instrument_name": "BTC-31MAR23-36000-C", "index_price": 22644.17, "direction": "sell", "amount": 0.1}, {"trade_seq": 836, "trade_id": "243153490", "timestamp": 1677653507977, "tick_direction": 0, "price": 0.0015, "mark_price": 0.00154551, "iv": 67.71, "instrument_name": "BTC-31MAR23-36000-C", "index_price": 23785.02, "direction": "sell", "amount": 8.9}, {"trade_seq": 835, "trade_id": "243115940", "timestamp": 1677616021470, "tick_direction": 3, "price": 0.001, "mark_price": 0.00086647, "iv": 66.49, "instrument_name": "BTC-31MAR23-36000-C", "index_price": 23268.3, "direction": "buy", "amount": 0.4}, {"trade_seq": 834, "trade_id": "243090202", "timestamp": 1677588702983, "tick_direction": 3, "price": 0.001, "mark_price": 0.00100672, "iv": 65.18, "instrument_name": "BTC-31MAR23-36000-C", "index_price": 23447.47, "direction": "sell", "amount": 0.6}, {"trade_seq": 833, "trade_id": "243088036", "timestamp": 1677585174591, "tick_direction": 3, "price": 0.001, "mark_price": 0.00108408, "iv": 65.44, "instrument_name": "BTC-31MAR23-36000-C", "index_price": 23394.32, "direction": "sell", "amount": 0.4}, {"trade_seq": 832, "trade_id": "243087005", "timestamp": 1677583915185, "tick_direction": 3, "price": 0.001, "mark_price": 0.00111807, "iv": 65.58, "instrument_name": "BTC-31MAR23-36000-C", "index_price": 23365.34, "direction": "sell", "amount": 0.1}, {"trade_seq": 831, "trade_id": "243087001", "timestamp": 1677583914954, "tick_direction": 2, "price": 0.001, "mark_price": 0.00111807, "iv": 65.58, "instrument_name": "BTC-31MAR23-36000-C", "index_price": 23365.34, "direction": "sell", "amount": 0.1}, {"trade_seq": 830, "trade_id": "242958023", "timestamp": 1677434465494, "tick_direction": 3, "price": 0.0015, "mark_price": 0.00101496, "iv": 68.02, "instrument_name": "BTC-31MAR23-36000-C", "index_price": 23258.97, "direction": "sell", "amount": 8.0}, {"trade_seq": 829, "trade_id": "242957995", "timestamp": 1677434454706, "tick_direction": 3, "price": 0.0015, "mark_price": 0.00100308, "iv": 67.97, "instrument_name": "BTC-31MAR23-36000-C", "index_price": 23267.16, "direction": "buy", "amount": 4.0}, {"trade_seq": 828, "trade_id": "242957994", "timestamp": 1677434454706, "tick_direction": 2, "price": 0.0015, "mark_price": 0.00100308, "iv": 67.97, "instrument_name": "BTC-31MAR23-36000-C", "index_price": 23267.16, "direction": "buy", "amount": 1.0}, {"trade_seq": 827, "trade_id": "242841402", "timestamp": 1677254748937, "tick_direction": 3, "price": 0.002, "mark_price": 0.00210949, "iv": 70.27, "instrument_name": "BTC-31MAR23-36000-C", "index_price": 23016.48, "direction": "sell", "amount": 1.8}, {"trade_seq": 826, "trade_id": "242808676", "timestamp": 1677242879261, "tick_direction": 3, "price": 0.002, "mark_price": 0.0024348, "iv": 65.18, "instrument_name": "BTC-31MAR23-36000-C", "index_price": 23874.95, "direction": "sell", "amount": 1.0}, {"trade_seq": 825, "trade_id": "242798673", "timestamp": 1677229556494, "tick_direction": 3, "price": 0.002, "mark_price": 0.00225549, "iv": 64.85, "instrument_name": "BTC-31MAR23-36000-C", "index_price": 23906.4, "direction": "sell", "amount": 0.1}, {"trade_seq": 824, "trade_id": "242798650", "timestamp": 1677229484530, "tick_direction": 2, "price": 0.002, "mark_price": 0.00227668, "iv": 64.77, "instrument_name": "BTC-31MAR23-36000-C", "index_price": 23925.9, "direction": "sell", "amount": 0.1}, {"trade_seq": 823, "trade_id": "242758538", "timestamp": 1677192329357, "tick_direction": 3, "price": 0.0025, "mark_price": 0.00274812, "iv": 67.2, "instrument_name": "BTC-31MAR23-36000-C", "index_price": 23821.8, "direction": "sell", "amount": 1.6}, {"trade_seq": 822, "trade_id": "242758537", "timestamp": 1677192329325, "tick_direction": 2, "price": 0.0025, "mark_price": 0.00274812, "iv": 67.2, "instrument_name": "BTC-31MAR23-36000-C", "index_price": 23821.8, "direction": "sell", "amount": 1.1}, {"trade_seq": 821, "trade_id": "242735676", "timestamp": 1677171164610, "tick_direction": 0, "price": 0.0035, "mark_price": 0.00294786, "iv": 70.62, "instrument_name": "BTC-31MAR23-36000-C", "index_price": 23868.76, "direction": "buy", "amount": 0.5}, {"trade_seq": 820, "trade_id": "242732101", "timestamp": 1677168128802, "tick_direction": 3, "price": 0.003, "mark_price": 0.00326915, "iv": 68.14, "instrument_name": "BTC-31MAR23-36000-C", "index_price": 23980.02, "direction": "sell", "amount": 1.2}, {"trade_seq": 819, "trade_id": "242731552", "timestamp": 1677167267845, "tick_direction": 3, "price": 0.003, "mark_price": 0.00316827, "iv": 68.3, "instrument_name": "BTC-31MAR23-36000-C", "index_price": 23952.74, "direction": "sell", "amount": 0.7}, {"trade_seq": 818, "trade_id": "242706394", "timestamp": 1677154112613, "tick_direction": 2, "price": 0.003, "mark_price": 0.00317552, "iv": 69.61, "instrument_name": "BTC-31MAR23-36000-C", "index_price": 23697.78, "direction": "sell", "amount": 1.2}, {"trade_seq": 817, "trade_id": "242683776", "timestamp": 1677143877405, "tick_direction": 2, "price": 0.004, "mark_price": 0.00380276, "iv": 68.51, "instrument_name": "BTC-31MAR23-36000-C", "index_price": 24465.44, "direction": "buy", "amount": 2.0}, {"trade_seq": 816, "trade_id": "242532997", "timestamp": 1677033762543, "tick_direction": 2, "price": 0.005, "mark_price": 0.0050438, "iv": 72.09, "instrument_name": "BTC-31MAR23-36000-C", "index_price": 24121.45, "direction": "sell", "amount": 2.1}, {"trade_seq": 815, "trade_id": "242480224", "timestamp": 1677001689993, "tick_direction": 1, "price": 0.006, "mark_price": 0.00597752, "iv": 72.08, "instrument_name": "BTC-31MAR23-36000-C", "index_price": 24511.31, "direction": "buy", "amount": 0.2}, {"trade_seq": 814, "trade_id": "242477315", "timestamp": 1676999101641, "tick_direction": 0, "price": 0.006, "mark_price": 0.00572299, "iv": 72.65, "instrument_name": "BTC-31MAR23-36000-C", "index_price": 24416.38, "direction": "buy", "amount": 0.3}, {"trade_seq": 813, "trade_id": "242476016", "timestamp": 1676998122343, "tick_direction": 2, "price": 0.005, "mark_price": 0.00447321, "iv": 69.95, "instrument_name": "BTC-31MAR23-36000-C", "index_price": 24431.94, "direction": "buy", "amount": 4.6}, {"trade_seq": 812, "trade_id": "242421883", "timestamp": 1676968150113, "tick_direction": 0, "price": 0.0065, "mark_price": 0.00679775, "iv": 68.67, "instrument_name": "BTC-31MAR23-36000-C", "index_price": 25233.14, "direction": "buy", "amount": 0.2}, {"trade_seq": 811, "trade_id": "242402175", "timestamp": 1676949097655, "tick_direction": 2, "price": 0.006, "mark_price": 0.00630163, "iv": 68.81, "instrument_name": "BTC-31MAR23-36000-C", "index_price": 24949.79, "direction": "sell", "amount": 0.2}, {"trade_seq": 810, "trade_id": "242365470", "timestamp": 1676908630929, "tick_direction": 0, "price": 0.0075, "mark_price": 0.00715238, "iv": 71.75, "instrument_name": "BTC-31MAR23-36000-C", "index_price": 24952.83, "direction": "buy", "amount": 1.0}, {"trade_seq": 809, "trade_id": "242299647", "timestamp": 1676858658198, "tick_direction": 2, "price": 0.005, "mark_price": 0.00514855, "iv": 69.82, "instrument_name": "BTC-31MAR23-36000-C", "index_price": 24190.76, "direction": "sell", "amount": 0.2}, {"trade_seq": 808, "trade_id": "242160001", "timestamp": 1676703684197, "tick_direction": 0, "price": 0.0065, "mark_price": 0.00652051, "iv": 69.61, "instrument_name": "BTC-31MAR23-36000-C", "index_price": 24611.39, "direction": "buy", "amount": 0.1}, {"trade_seq": 807, "trade_id": "242130641", "timestamp": 1676671893143, "tick_direction": 3, "price": 0.006, "mark_price": 0.00582533, "iv": 70.96, "instrument_name": "BTC-31MAR23-36000-C", "index_price": 24156.59, "direction": "buy", "amount": 0.1}, {"trade_seq": 806, "trade_id": "242130623", "timestamp": 1676671891971, "tick_direction": 3, "price": 0.006, "mark_price": 0.00582573, "iv": 70.96, "instrument_name": "BTC-31MAR23-36000-C", "index_price": 24148.05, "direction": "buy", "amount": 0.1}, {"trade_seq": 805, "trade_id": "242130617", "timestamp": 1676671891683, "tick_direction": 2, "price": 0.006, "mark_price": 0.00582677, "iv": 70.96, "instrument_name": "BTC-31MAR23-36000-C", "index_price": 24148.03, "direction": "buy", "amount": 0.1}, {"trade_seq": 804, "trade_id": "242114542", "timestamp": 1676665295203, "tick_direction": 0, "price": 0.008, "mark_price": 0.0082031, "iv": 70.06, "instrument_name": "BTC-31MAR23-36000-C", "index_price": 25010.41, "direction": "buy", "amount": 0.3}, {"trade_seq": 803, "trade_id": "242109396", "timestamp": 1676664403306, "tick_direction": 1, "price": 0.0075, "mark_price": 0.00744483, "iv": 70.67, "instrument_name": "BTC-31MAR23-36000-C", "index_price": 24746.03, "direction": "buy", "amount": 0.2}, {"trade_seq": 802, "trade_id": "242109394", "timestamp": 1676664403263, "tick_direction": 0, "price": 0.0075, "mark_price": 0.00744483, "iv": 70.67, "instrument_name": "BTC-31MAR23-36000-C", "index_price": 24746.03, "direction": "buy", "amount": 0.1}, {"trade_seq": 801, "trade_id": "242098488", "timestamp": 1676659516755, "tick_direction": 1, "price": 0.0065, "mark_price": 0.00677151, "iv": 70.95, "instrument_name": "BTC-31MAR23-36000-C", "index_price": 24326.31, "direction": "sell", "amount": 2.9}, {"trade_seq": 800, "trade_id": "242092219", "timestamp": 1676656382909, "tick_direction": 1, "price": 0.0065, "mark_price": 0.00648695, "iv": 70.96, "instrument_name": "BTC-31MAR23-36000-C", "index_price": 24308.29, "direction": "sell", "amount": 4.2}, {"trade_seq": 799, "trade_id": "242092086", "timestamp": 1676656345245, "tick_direction": 1, "price": 0.0065, "mark_price": 0.00648496, "iv": 70.87, "instrument_name": "BTC-31MAR23-36000-C", "index_price": 24322.83, "direction": "sell", "amount": 4.0}, {"trade_seq": 798, "trade_id": "242092082", "timestamp": 1676656345008, "tick_direction": 1, "price": 0.0065, "mark_price": 0.00648496, "iv": 70.87, "instrument_name": "BTC-31MAR23-36000-C", "index_price": 24325.28, "direction": "sell", "amount": 4.2}, {"trade_seq": 797, "trade_id": "242092079", "timestamp": 1676656344676, "tick_direction": 1, "price": 0.0065, "mark_price": 0.00648496, "iv": 70.87, "instrument_name": "BTC-31MAR23-36000-C", "index_price": 24325.28, "direction": "sell", "amount": 0.2}, {"trade_seq": 796, "trade_id": "242092078", "timestamp": 1676656344676, "tick_direction": 1, "price": 0.0065, "mark_price": 0.00648496, "iv": 70.87, "instrument_name": "BTC-31MAR23-36000-C", "index_price": 24325.28, "direction": "sell", "amount": 4.0}, {"trade_seq": 795, "trade_id": "242092071", "timestamp": 1676656344248, "tick_direction": 0, "price": 0.0065, "mark_price": 0.00647887, "iv": 70.87, "instrument_name": "BTC-31MAR23-36000-C", "index_price": 24325.28, "direction": "sell", "amount": 4.2}, {"trade_seq": 794, "trade_id": "242074759", "timestamp": 1676650475597, "tick_direction": 1, "price": 0.005, "mark_price": 0.00495406, "iv": 67.65, "instrument_name": "BTC-31MAR23-36000-C", "index_price": 24254.25, "direction": "buy", "amount": 9.0}, {"trade_seq": 793, "trade_id": "242074758", "timestamp": 1676650475578, "tick_direction": 0, "price": 0.005, "mark_price": 0.00495406, "iv": 67.65, "instrument_name": "BTC-31MAR23-36000-C", "index_price": 24254.25, "direction": "buy", "amount": 0.5}, {"trade_seq": 792, "trade_id": "242066064", "timestamp": 1676648221417, "tick_direction": 1, "price": 0.0045, "mark_price": 0.00489542, "iv": 66.79, "instrument_name": "BTC-31MAR23-36000-C", "index_price": 24159.36, "direction": "sell", "amount": 2.5}, {"trade_seq": 791, "trade_id": "242062983", "timestamp": 1676647286012, "tick_direction": 0, "price": 0.0045, "mark_price": 0.00439556, "iv": 66.84, "instrument_name": "BTC-31MAR23-36000-C", "index_price": 24150.25, "direction": "buy", "amount": 4.0}, {"trade_seq": 790, "trade_id": "242059259", "timestamp": 1676646641697, "tick_direction": 1, "price": 0.004, "mark_price": 0.0040187, "iv": 66.43, "instrument_name": "BTC-31MAR23-36000-C", "index_price": 23953.41, "direction": "sell", "amount": 0.1}, {"trade_seq": 789, "trade_id": "242059227", "timestamp": 1676646641507, "tick_direction": 0, "price": 0.004, "mark_price": 0.0040187, "iv": 66.43, "instrument_name": "BTC-31MAR23-36000-C", "index_price": 23953.41, "direction": "sell", "amount": 1.5}, {"trade_seq": 788, "trade_id": "242048928", "timestamp": 1676644841813, "tick_direction": 1, "price": 0.0035, "mark_price": 0.00345582, "iv": 63.98, "instrument_name": "BTC-31MAR23-36000-C", "index_price": 24135.82, "direction": "buy", "amount": 0.1}, {"trade_seq": 787, "trade_id": "242048927", "timestamp": 1676644841813, "tick_direction": 0, "price": 0.0035, "mark_price": 0.00345582, "iv": 63.98, "instrument_name": "BTC-31MAR23-36000-C", "index_price": 24135.82, "direction": "buy", "amount": 0.3}, {"trade_seq": 786, "trade_id": "242031222", "timestamp": 1676627379435, "tick_direction": 2, "price": 0.003, "mark_price": 0.00318802, "iv": 64.15, "instrument_name": "BTC-31MAR23-36000-C", "index_price": 23752.85, "direction": "sell", "amount": 1.0}, {"trade_seq": 785, "trade_id": "242009405", "timestamp": 1676617670338, "tick_direction": 3, "price": 0.0035, "mark_price": 0.00348524, "iv": 65.9, "instrument_name": "BTC-31MAR23-36000-C", "index_price": 23735.68, "direction": "buy", "amount": 0.4}, {"trade_seq": 784, "trade_id": "242003315", "timestamp": 1676613200997, "tick_direction": 3, "price": 0.0035, "mark_price": 0.00323417, "iv": 65.92, "instrument_name": "BTC-31MAR23-36000-C", "index_price": 23718.42, "direction": "buy", "amount": 0.7}, {"trade_seq": 783, "trade_id": "242003258", "timestamp": 1676613174962, "tick_direction": 3, "price": 0.0035, "mark_price": 0.00324973, "iv": 65.85, "instrument_name": "BTC-31MAR23-36000-C", "index_price": 23732.1, "direction": "buy", "amount": 0.1}, {"trade_seq": 782, "trade_id": "242003243", "timestamp": 1676613174860, "tick_direction": 3, "price": 0.0035, "mark_price": 0.00324973, "iv": 65.85, "instrument_name": "BTC-31MAR23-36000-C", "index_price": 23732.1, "direction": "buy", "amount": 0.1}, {"trade_seq": 781, "trade_id": "242003241", "timestamp": 1676613156665, "tick_direction": 3, "price": 0.0035, "mark_price": 0.00325278, "iv": 65.84, "instrument_name": "BTC-31MAR23-36000-C", "index_price": 23733.13, "direction": "buy", "amount": 0.6}, {"trade_seq": 780, "trade_id": "242003222", "timestamp": 1676613119174, "tick_direction": 3, "price": 0.0035, "mark_price": 0.00325759, "iv": 65.82, "instrument_name": "BTC-31MAR23-36000-C", "index_price": 23737.3, "direction": "buy", "amount": 0.1}, {"trade_seq": 779, "trade_id": "242003221", "timestamp": 1676613119171, "tick_direction": 3, "price": 0.0035, "mark_price": 0.00325759, "iv": 65.82, "instrument_name": "BTC-31MAR23-36000-C", "index_price": 23737.3, "direction": "buy", "amount": 0.3}, {"trade_seq": 778, "trade_id": "242003218", "timestamp": 1676613109544, "tick_direction": 3, "price": 0.0035, "mark_price": 0.00325462, "iv": 65.84, "instrument_name": "BTC-31MAR23-36000-C", "index_price": 23733.67, "direction": "buy", "amount": 0.1}, {"trade_seq": 777, "trade_id": "242002954", "timestamp": 1676612268700, "tick_direction": 3, "price": 0.0035, "mark_price": 0.00340155, "iv": 65.9, "instrument_name": "BTC-31MAR23-36000-C", "index_price": 23728.71, "direction": "buy", "amount": 0.2}, {"trade_seq": 776, "trade_id": "242002952", "timestamp": 1676612268681, "tick_direction": 2, "price": 0.0035, "mark_price": 0.00340155, "iv": 65.9, "instrument_name": "BTC-31MAR23-36000-C", "index_price": 23728.71, "direction": "buy", "amount": 0.1}, {"trade_seq": 775, "trade_id": "241934532", "timestamp": 1676579158590, "tick_direction": 3, "price": 0.0055, "mark_price": 0.00527806, "iv": 66.07, "instrument_name": "BTC-31MAR23-36000-C", "index_price": 24659.25, "direction": "buy", "amount": 0.6}, {"trade_seq": 774, "trade_id": "241931101", "timestamp": 1676577931568, "tick_direction": 2, "price": 0.0055, "mark_price": 0.00556385, "iv": 65.26, "instrument_name": "BTC-31MAR23-36000-C", "index_price": 24797.92, "direction": "sell", "amount": 0.4}, {"trade_seq": 773, "trade_id": "241915816", "timestamp": 1676569495818, "tick_direction": 0, "price": 0.006, "mark_price": 0.00578874, "iv": 65.5, "instrument_name": "BTC-31MAR23-36000-C", "index_price": 24940.93, "direction": "buy", "amount": 4.4}, {"trade_seq": 772, "trade_id": "241908921", "timestamp": 1676566386845, "tick_direction": 1, "price": 0.0055, "mark_price": 0.00529779, "iv": 64.35, "instrument_name": "BTC-31MAR23-36000-C", "index_price": 24933.51, "direction": "buy", "amount": 3.8}, {"trade_seq": 771, "trade_id": "241892176", "timestamp": 1676563613379, "tick_direction": 0, "price": 0.0055, "mark_price": 0.0054932, "iv": 63.01, "instrument_name": "BTC-31MAR23-36000-C", "index_price": 25158.58, "direction": "sell", "amount": 1.0}, {"trade_seq": 770, "trade_id": "241881389", "timestamp": 1676562458761, "tick_direction": 0, "price": 0.0045, "mark_price": 0.00437932, "iv": 61.9, "instrument_name": "BTC-31MAR23-36000-C", "index_price": 24907.05, "direction": "buy", "amount": 1.0}, {"trade_seq": 769, "trade_id": "241855194", "timestamp": 1676552109185, "tick_direction": 0, "price": 0.0035, "mark_price": 0.00372893, "iv": 60.67, "instrument_name": "BTC-31MAR23-36000-C", "index_price": 24591.38, "direction": "sell", "amount": 15.0}, {"trade_seq": 768, "trade_id": "241838665", "timestamp": 1676533728507, "tick_direction": 2, "price": 0.003, "mark_price": 0.00312271, "iv": 59.09, "instrument_name": "BTC-31MAR23-36000-C", "index_price": 24564.55, "direction": "sell", "amount": 0.1}, {"trade_seq": 767, "trade_id": "241829801", "timestamp": 1676529919810, "tick_direction": 0, "price": 0.0035, "mark_price": 0.00340594, "iv": 60.08, "instrument_name": "BTC-31MAR23-36000-C", "index_price": 24690.49, "direction": "buy", "amount": 0.2}, {"trade_seq": 766, "trade_id": "241822950", "timestamp": 1676521277652, "tick_direction": 3, "price": 0.003, "mark_price": 0.00298871, "iv": 58.55, "instrument_name": "BTC-31MAR23-36000-C", "index_price": 24683.03, "direction": "sell", "amount": 2.5}, {"trade_seq": 765, "trade_id": "241821760", "timestamp": 1676520237317, "tick_direction": 3, "price": 0.003, "mark_price": 0.00323045, "iv": 58.16, "instrument_name": "BTC-31MAR23-36000-C", "index_price": 24752.42, "direction": "sell", "amount": 3.5}, {"trade_seq": 764, "trade_id": "241821623", "timestamp": 1676520108289, "tick_direction": 3, "price": 0.003, "mark_price": 0.00326741, "iv": 58.17, "instrument_name": "BTC-31MAR23-36000-C", "index_price": 24748.59, "direction": "sell", "amount": 2.8}, {"trade_seq": 763, "trade_id": "241821620", "timestamp": 1676520099175, "tick_direction": 2, "price": 0.003, "mark_price": 0.00327394, "iv": 58.17, "instrument_name": "BTC-31MAR23-36000-C", "index_price": 24749.75, "direction": "sell", "amount": 4.7}, {"trade_seq": 762, "trade_id": "241817044", "timestamp": 1676514952738, "tick_direction": 3, "price": 0.0035, "mark_price": 0.00330716, "iv": 59.85, "instrument_name": "BTC-31MAR23-36000-C", "index_price": 24726.93, "direction": "sell", "amount": 0.4}, {"trade_seq": 761, "trade_id": "241817043", "timestamp": 1676514951956, "tick_direction": 3, "price": 0.0035, "mark_price": 0.00330696, "iv": 59.86, "instrument_name": "BTC-31MAR23-36000-C", "index_price": 24726.53, "direction": "buy", "amount": 7.4}, {"trade_seq": 760, "trade_id": "241810967", "timestamp": 1676510585660, "tick_direction": 3, "price": 0.0035, "mark_price": 0.00369029, "iv": 60.18, "instrument_name": "BTC-31MAR23-36000-C", "index_price": 24633.55, "direction": "buy", "amount": 1.4}, {"trade_seq": 759, "trade_id": "241810889", "timestamp": 1676510535554, "tick_direction": 2, "price": 0.0035, "mark_price": 0.00368729, "iv": 60.32, "instrument_name": "BTC-31MAR23-36000-C", "index_price": 24604.24, "direction": "buy", "amount": 0.1}, {"trade_seq": 758, "trade_id": "241806958", "timestamp": 1676508154278, "tick_direction": 0, "price": 0.004, "mark_price": 0.00378474, "iv": 61.66, "instrument_name": "BTC-31MAR23-36000-C", "index_price": 24638.75, "direction": "buy", "amount": 1.0}, {"trade_seq": 757, "trade_id": "241806401", "timestamp": 1676507913077, "tick_direction": 2, "price": 0.0035, "mark_price": 0.00386236, "iv": 60.04, "instrument_name": "BTC-31MAR23-36000-C", "index_price": 24658.38, "direction": "sell", "amount": 0.1}, {"trade_seq": 756, "trade_id": "241805482", "timestamp": 1676507577651, "tick_direction": 2, "price": 0.004, "mark_price": 0.00417924, "iv": 61.13, "instrument_name": "BTC-31MAR23-36000-C", "index_price": 24741.47, "direction": "buy", "amount": 0.5}, {"trade_seq": 755, "trade_id": "241802670", "timestamp": 1676506930903, "tick_direction": 1, "price": 0.0045, "mark_price": 0.00442866, "iv": 61.9, "instrument_name": "BTC-31MAR23-36000-C", "index_price": 24874.81, "direction": "buy", "amount": 1.0}, {"trade_seq": 754, "trade_id": "241802667", "timestamp": 1676506930845, "tick_direction": 1, "price": 0.0045, "mark_price": 0.00442866, "iv": 61.9, "instrument_name": "BTC-31MAR23-36000-C", "index_price": 24874.81, "direction": "buy", "amount": 0.4}, {"trade_seq": 753, "trade_id": "241802665", "timestamp": 1676506930622, "tick_direction": 1, "price": 0.0045, "mark_price": 0.00442866, "iv": 61.9, "instrument_name": "BTC-31MAR23-36000-C", "index_price": 24874.81, "direction": "buy", "amount": 0.1}, {"trade_seq": 752, "trade_id": "241802615", "timestamp": 1676506927946, "tick_direction": 0, "price": 0.0045, "mark_price": 0.00444063, "iv": 61.89, "instrument_name": "BTC-31MAR23-36000-C", "index_price": 24864.18, "direction": "buy", "amount": 0.1}, {"trade_seq": 751, "trade_id": "241800507", "timestamp": 1676506634171, "tick_direction": 1, "price": 0.004, "mark_price": 0.0041782, "iv": 61.35, "instrument_name": "BTC-31MAR23-36000-C", "index_price": 24710.68, "direction": "buy", "amount": 6.4}, {"trade_seq": 750, "trade_id": "241798846", "timestamp": 1676506479004, "tick_direction": 0, "price": 0.004, "mark_price": 0.00402528, "iv": 61.95, "instrument_name": "BTC-31MAR23-36000-C", "index_price": 24599.15, "direction": "buy", "amount": 6.6}, {"trade_seq": 749, "trade_id": "241795254", "timestamp": 1676506190443, "tick_direction": 2, "price": 0.0035, "mark_price": 0.00380066, "iv": 61.5, "instrument_name": "BTC-31MAR23-36000-C", "index_price": 24397.37, "direction": "sell", "amount": 0.1}