{"trades": [{"trade_seq": 79, "trade_id": "238390178", "timestamp": 1672343424691, "tick_direction": 3, "price": 0.2765, "mark_price": 0.27661732, "iv": 0.0, "instrument_name": "BTC-30DEC22-12000-C", "index_price": 16606.9, "direction": "buy", "amount": 4.8}, {"trade_seq": 78, "trade_id": "238390177", "timestamp": 1672343424690, "tick_direction": 3, "price": 0.2765, "mark_price": 0.27661732, "iv": 0.0, "instrument_name": "BTC-30DEC22-12000-C", "index_price": 16606.9, "direction": "buy", "amount": 5.7}, {"trade_seq": 77, "trade_id": "238390106", "timestamp": 1672343274553, "tick_direction": 3, "price": 0.2765, "mark_price": 0.27661121, "iv": 0.0, "instrument_name": "BTC-30DEC22-12000-C", "index_price": 16603.02, "direction": "buy", "amount": 4.3}, {"trade_seq": 76, "trade_id": "238390105", "timestamp": 1672343274522, "tick_direction": 3, "price": 0.2765, "mark_price": 0.27661121, "iv": 0.0, "instrument_name": "BTC-30DEC22-12000-C", "index_price": 16603.02, "direction": "buy", "amount": 5.7}, {"trade_seq": 75, "trade_id": "238353939", "timestamp": 1672262234877, "tick_direction": 2, "price": 0.2765, "mark_price": 0.27591852, "iv": 231.78, "instrument_name": "BTC-30DEC22-12000-C", "index_price": 16570.66, "direction": "sell", "amount": 0.6}, {"trade_seq": 74, "trade_id": "236980930", "timestamp": 1669815562463, "tick_direction": 1, "price": 0.294, "mark_price": 0.29334216, "iv": 87.26, "instrument_name": "BTC-30DEC22-12000-C", "index_price": 16815.25, "direction": "sell", "amount": 4.2}, {"trade_seq": 73, "trade_id": "236980929", "timestamp": 1669815562457, "tick_direction": 1, "price": 0.294, "mark_price": 0.29334216, "iv": 87.26, "instrument_name": "BTC-30DEC22-12000-C", "index_price": 16815.25, "direction": "sell", "amount": 3.6}, {"trade_seq": 72, "trade_id": "236980928", "timestamp": 1669815562456, "tick_direction": 0, "price": 0.294, "mark_price": 0.29334216, "iv": 87.26, "instrument_name": "BTC-30DEC22-12000-C", "index_price": 16815.25, "direction": "sell", "amount": 6.5}, {"trade_seq": 71, "trade_id": "236980927", "timestamp": 1669815550103, "tick_direction": 1, "price": 0.2935, "mark_price": 0.2934474, "iv": 85.68, "instrument_name": "BTC-30DEC22-12000-C", "index_price": 16817.91, "direction": "sell", "amount": 0.1}, {"trade_seq": 70, "trade_id": "236980926", "timestamp": 1669815550093, "tick_direction": 1, "price": 0.2935, "mark_price": 0.2934474, "iv": 85.68, "instrument_name": "BTC-30DEC22-12000-C", "index_price": 16817.91, "direction": "sell", "amount": 0.4}, {"trade_seq": 69, "trade_id": "236980925", "timestamp": 1669815550067, "tick_direction": 0, "price": 0.2935, "mark_price": 0.2934474, "iv": 85.68, "instrument_name": "BTC-30DEC22-12000-C", "index_price": 16817.91, "direction": "sell", "amount": 1.3}, {"trade_seq": 68, "trade_id": "236852871", "timestamp": 1669652103243, "tick_direction": 2, "price": 0.263, "mark_price": 0.26376164, "iv": 84.0, "instrument_name": "BTC-30DEC22-12000-C", "index_price": 16063.95, "direction": "sell", "amount": 0.6}, {"trade_seq": 67, "trade_id": "236852864", "timestamp": 1669652100608, "tick_direction": 3, "price": 0.264, "mark_price": 0.26418284, "iv": 85.88, "instrument_name": "BTC-30DEC22-12000-C", "index_price": 16063.99, "direction": "sell", "amount": 0.1}, {"trade_seq": 66, "trade_id": "236852862", "timestamp": 1669652100509, "tick_direction": 3, "price": 0.264, "mark_price": 0.26418284, "iv": 85.88, "instrument_name": "BTC-30DEC22-12000-C", "index_price": 16063.99, "direction": "sell", "amount": 0.2}, {"trade_seq": 65, "trade_id": "236852850", "timestamp": 1669652099317, "tick_direction": 3, "price": 0.264, "mark_price": 0.26446805, "iv": 85.54, "instrument_name": "BTC-30DEC22-12000-C", "index_price": 16068.48, "direction": "sell", "amount": 0.1}, {"trade_seq": 64, "trade_id": "236852845", "timestamp": 1669652098545, "tick_direction": 2, "price": 0.264, "mark_price": 0.26448158, "iv": 84.6, "instrument_name": "BTC-30DEC22-12000-C", "index_price": 16073.62, "direction": "sell", "amount": 0.2}, {"trade_seq": 63, "trade_id": "236741981", "timestamp": 1669393670135, "tick_direction": 0, "price": 0.2805, "mark_price": 0.28069204, "iv": 84.44, "instrument_name": "BTC-30DEC22-12000-C", "index_price": 16459.48, "direction": "buy", "amount": 0.2}, {"trade_seq": 62, "trade_id": "236741950", "timestamp": 1669393625288, "tick_direction": 2, "price": 0.2804, "mark_price": 0.28048111, "iv": 84.63, "instrument_name": "BTC-30DEC22-12000-C", "index_price": 16451.46, "direction": "sell", "combo_id": "BTC-STRD-30DEC22-12000", "block_trade_id": "57399", "amount": 12.5}, {"trade_seq": 61, "trade_id": "236741546", "timestamp": 1669393238931, "tick_direction": 0, "price": 0.2811, "mark_price": 0.28139767, "iv": 84.35, "instrument_name": "BTC-30DEC22-12000-C", "index_price": 16474.26, "direction": "sell", "combo_id": "BTC-STRD-30DEC22-12000", "block_trade_id": "57397", "amount": 12.5}, {"trade_seq": 60, "trade_id": "236741544", "timestamp": 1669393238930, "tick_direction": 2, "price": 0.2805, "mark_price": 0.28139767, "iv": 83.14, "instrument_name": "BTC-30DEC22-12000-C", "index_price": 16474.26, "direction": "sell", "combo_id": "BTC-STRD-30DEC22-12000", "block_trade_id": "57396", "amount": 12.5}, {"trade_seq": 59, "trade_id": "236741035", "timestamp": 1669392153605, "tick_direction": 3, "price": 0.282, "mark_price": 0.28231925, "iv": 84.47, "instrument_name": "BTC-30DEC22-12000-C", "index_price": 16499.01, "direction": "buy", "amount": 2.6}, {"trade_seq": 58, "trade_id": "236741008", "timestamp": 1669392115888, "tick_direction": 3, "price": 0.282, "mark_price": 0.28226793, "iv": 84.57, "instrument_name": "BTC-30DEC22-12000-C", "index_price": 16496.65, "direction": "buy", "amount": 2.4}, {"trade_seq": 57, "trade_id": "236741007", "timestamp": 1669392112657, "tick_direction": 3, "price": 0.282, "mark_price": 0.28226439, "iv": 84.58, "instrument_name": "BTC-30DEC22-12000-C", "index_price": 16496.35, "direction": "buy", "amount": 2.4}, {"trade_seq": 56, "trade_id": "236741006", "timestamp": 1669392107227, "tick_direction": 3, "price": 0.282, "mark_price": 0.28229189, "iv": 84.53, "instrument_name": "BTC-30DEC22-12000-C", "index_price": 16496.75, "direction": "buy", "amount": 2.9}, {"trade_seq": 55, "trade_id": "236741005", "timestamp": 1669392102945, "tick_direction": 2, "price": 0.282, "mark_price": 0.2822287, "iv": 84.58, "instrument_name": "BTC-30DEC22-12000-C", "index_price": 16495.73, "direction": "buy", "amount": 4.0}, {"trade_seq": 54, "trade_id": "236740452", "timestamp": 1669391145251, "tick_direction": 0, "price": 0.2826, "mark_price": 0.28208481, "iv": 86.31, "instrument_name": "BTC-30DEC22-12000-C", "index_price": 16486.08, "direction": "buy", "combo_id": "BTC-STRD-30DEC22-12000", "block_trade_id": "57394", "amount": 52.0}, {"trade_seq": 53, "trade_id": "236435668", "timestamp": 1669016284027, "tick_direction": 2, "price": 0.27, "mark_price": 0.27266472, "iv": 91.42, "instrument_name": "BTC-30DEC22-12000-C", "index_price": 16092.45, "direction": "sell", "amount": 0.6}, {"trade_seq": 52, "trade_id": "236435667", "timestamp": 1669016281718, "tick_direction": 2, "price": 0.2795, "mark_price": 0.27265361, "iv": 104.03, "instrument_name": "BTC-30DEC22-12000-C", "index_price": 16091.76, "direction": "buy", "amount": 0.6}, {"trade_seq": 51, "trade_id": "236248029", "timestamp": 1668703483071, "tick_direction": 2, "price": 0.2835, "mark_price": 0.29389191, "iv": 78.37, "instrument_name": "BTC-30DEC22-12000-C", "index_price": 16621.95, "direction": "sell", "amount": 0.6}, {"trade_seq": 50, "trade_id": "234986313", "timestamp": 1668073661519, "tick_direction": 1, "price": 0.3025, "mark_price": 0.30359674, "iv": 94.74, "instrument_name": "BTC-30DEC22-12000-C", "index_price": 16657.96, "direction": "sell", "amount": 0.1}, {"trade_seq": 49, "trade_id": "234986311", "timestamp": 1668073661313, "tick_direction": 1, "price": 0.3025, "mark_price": 0.30359674, "iv": 94.74, "instrument_name": "BTC-30DEC22-12000-C", "index_price": 16657.96, "direction": "sell", "amount": 0.1}, {"trade_seq": 48, "trade_id": "234986250", "timestamp": 1668073636487, "tick_direction": 1, "price": 0.3025, "mark_price": 0.30419311, "iv": 93.99, "instrument_name": "BTC-30DEC22-12000-C", "index_price": 16676.34, "direction": "sell", "amount": 0.1}, {"trade_seq": 47, "trade_id": "234986231", "timestamp": 1668073632416, "tick_direction": 1, "price": 0.3025, "mark_price": 0.30427655, "iv": 93.9, "instrument_name": "BTC-30DEC22-12000-C", "index_price": 16679.27, "direction": "sell", "amount": 0.1}, {"trade_seq": 46, "trade_id": "234986230", "timestamp": 1668073632391, "tick_direction": 1, "price": 0.3025, "mark_price": 0.30427655, "iv": 93.91, "instrument_name": "BTC-30DEC22-12000-C", "index_price": 16679.27, "direction": "sell", "amount": 0.1}, {"trade_seq": 45, "trade_id": "234986228", "timestamp": 1668073632380, "tick_direction": 1, "price": 0.3025, "mark_price": 0.30427655, "iv": 93.91, "instrument_name": "BTC-30DEC22-12000-C", "index_price": 16679.27, "direction": "sell", "amount": 0.1}, {"trade_seq": 44, "trade_id": "234986227", "timestamp": 1668073632377, "tick_direction": 1, "price": 0.3025, "mark_price": 0.30427655, "iv": 93.91, "instrument_name": "BTC-30DEC22-12000-C", "index_price": 16679.27, "direction": "sell", "amount": 0.1}, {"trade_seq": 43, "trade_id": "234986225", "timestamp": 1668073632366, "tick_direction": 0, "price": 0.3025, "mark_price": 0.30427655, "iv": 93.91, "instrument_name": "BTC-30DEC22-12000-C", "index_price": 16679.27, "direction": "sell", "amount": 0.1}, {"trade_seq": 42, "trade_id": "234710155", "timestamp": 1668028539060, "tick_direction": 2, "price": 0.297, "mark_price": 0.29709863, "iv": 105.71, "instrument_name": "BTC-30DEC22-12000-C", "index_price": 16114.3, "direction": "sell", "amount": 1.0}, {"trade_seq": 41, "trade_id": "234708485", "timestamp": 1668028392621, "tick_direction": 2, "price": 0.298, "mark_price": 0.29838532, "iv": 105.65, "instrument_name": "BTC-30DEC22-12000-C", "index_price": 16137.62, "direction": "buy", "amount": 1.0}, {"trade_seq": 40, "trade_id": "232387213", "timestamp": 1666273279605, "tick_direction": 3, "price": 0.385, "mark_price": 0.38566955, "iv": 79.59, "instrument_name": "BTC-30DEC22-12000-C", "index_price": 19155.52, "direction": "sell", "amount": 0.1}, {"trade_seq": 39, "trade_id": "232387203", "timestamp": 1666273279174, "tick_direction": 3, "price": 0.385, "mark_price": 0.38566955, "iv": 79.59, "instrument_name": "BTC-30DEC22-12000-C", "index_price": 19155.52, "direction": "sell", "amount": 0.1}, {"trade_seq": 38, "trade_id": "232387140", "timestamp": 1666273181823, "tick_direction": 3, "price": 0.385, "mark_price": 0.38584987, "iv": 79.28, "instrument_name": "BTC-30DEC22-12000-C", "index_price": 19160.86, "direction": "sell", "amount": 0.2}, {"trade_seq": 37, "trade_id": "232375102", "timestamp": 1666260922949, "tick_direction": 3, "price": 0.385, "mark_price": 0.38593597, "iv": 79.57, "instrument_name": "BTC-30DEC22-12000-C", "index_price": 19144.61, "direction": "buy", "amount": 1.0}, {"trade_seq": 36, "trade_id": "232375101", "timestamp": 1666260922943, "tick_direction": 2, "price": 0.385, "mark_price": 0.38593597, "iv": 79.57, "instrument_name": "BTC-30DEC22-12000-C", "index_price": 19144.61, "direction": "buy", "amount": 4.1}, {"trade_seq": 35, "trade_id": "232375085", "timestamp": 1666260892859, "tick_direction": 3, "price": 0.3855, "mark_price": 0.38597818, "iv": 80.4, "instrument_name": "BTC-30DEC22-12000-C", "index_price": 19145.71, "direction": "buy", "amount": 1.5}, {"trade_seq": 34, "trade_id": "232375084", "timestamp": 1666260892830, "tick_direction": 3, "price": 0.3855, "mark_price": 0.38597818, "iv": 80.4, "instrument_name": "BTC-30DEC22-12000-C", "index_price": 19145.71, "direction": "buy", "amount": 3.6}, {"trade_seq": 33, "trade_id": "232375082", "timestamp": 1666260887507, "tick_direction": 3, "price": 0.3855, "mark_price": 0.38594794, "iv": 80.44, "instrument_name": "BTC-30DEC22-12000-C", "index_price": 19145.3, "direction": "buy", "amount": 0.5}, {"trade_seq": 32, "trade_id": "232375081", "timestamp": 1666260887487, "tick_direction": 3, "price": 0.3855, "mark_price": 0.38594794, "iv": 80.44, "instrument_name": "BTC-30DEC22-12000-C", "index_price": 19145.3, "direction": "buy", "amount": 0.4}, {"trade_seq": 31, "trade_id": "232375079", "timestamp": 1666260886534, "tick_direction": 3, "price": 0.3855, "mark_price": 0.38590345, "iv": 80.44, "instrument_name": "BTC-30DEC22-12000-C", "index_price": 19145.3, "direction": "buy", "amount": 0.4}, {"trade_seq": 30, "trade_id": "232375078", "timestamp": 1666260886514, "tick_direction": 3, "price": 0.3855, "mark_price": 0.38590345, "iv": 80.52, "instrument_name": "BTC-30DEC22-12000-C", "index_price": 19143.85, "direction": "buy", "amount": 1.2}, {"trade_seq": 29, "trade_id": "232375077", "timestamp": 1666260886488, "tick_direction": 3, "price": 0.3855, "mark_price": 0.38590345, "iv": 80.52, "instrument_name": "BTC-30DEC22-12000-C", "index_price": 19143.85, "direction": "buy", "amount": 1.2}, {"trade_seq": 28, "trade_id": "232375070", "timestamp": 1666260885434, "tick_direction": 3, "price": 0.3855, "mark_price": 0.38587949, "iv": 80.56, "instrument_name": "BTC-30DEC22-12000-C", "index_price": 19143.02, "direction": "buy", "amount": 0.3}, {"trade_seq": 27, "trade_id": "232375069", "timestamp": 1666260885422, "tick_direction": 3, "price": 0.3855, "mark_price": 0.38587949, "iv": 80.56, "instrument_name": "BTC-30DEC22-12000-C", "index_price": 19143.02, "direction": "buy", "amount": 0.7}, {"trade_seq": 26, "trade_id": "232375068", "timestamp": 1666260885407, "tick_direction": 2, "price": 0.3855, "mark_price": 0.38587949, "iv": 80.56, "instrument_name": "BTC-30DEC22-12000-C", "index_price": 19143.02, "direction": "buy", "amount": 1.2}, {"trade_seq": 25, "trade_id": "230688538", "timestamp": 1664489822713, "tick_direction": 1, "price": 0.4105, "mark_price": 0.40975893, "iv": 90.2, "instrument_name": "BTC-30DEC22-12000-C", "index_price": 19521.63, "direction": "sell", "amount": 0.1}, {"trade_seq": 24, "trade_id": "230688534", "timestamp": 1664489822521, "tick_direction": 1, "price": 0.4105, "mark_price": 0.40976276, "iv": 90.2, "instrument_name": "BTC-30DEC22-12000-C", "index_price": 19521.63, "direction": "sell", "amount": 0.1}, {"trade_seq": 23, "trade_id": "230688533", "timestamp": 1664489822511, "tick_direction": 1, "price": 0.4105, "mark_price": 0.40976276, "iv": 90.2, "instrument_name": "BTC-30DEC22-12000-C", "index_price": 19521.63, "direction": "sell", "amount": 0.1}, {"trade_seq": 22, "trade_id": "230688532", "timestamp": 1664489822501, "tick_direction": 1, "price": 0.4105, "mark_price": 0.40976276, "iv": 90.2, "instrument_name": "BTC-30DEC22-12000-C", "index_price": 19521.63, "direction": "sell", "amount": 0.1}, {"trade_seq": 21, "trade_id": "230688531", "timestamp": 1664489822490, "tick_direction": 1, "price": 0.4105, "mark_price": 0.40976276, "iv": 90.2, "instrument_name": "BTC-30DEC22-12000-C", "index_price": 19521.63, "direction": "sell", "amount": 0.2}, {"trade_seq": 20, "trade_id": "230688530", "timestamp": 1664489822478, "tick_direction": 1, "price": 0.4105, "mark_price": 0.40976276, "iv": 90.2, "instrument_name": "BTC-30DEC22-12000-C", "index_price": 19521.63, "direction": "sell", "amount": 0.2}, {"trade_seq": 19, "trade_id": "230688529", "timestamp": 1664489822461, "tick_direction": 1, "price": 0.4105, "mark_price": 0.40976276, "iv": 90.2, "instrument_name": "BTC-30DEC22-12000-C", "index_price": 19521.63, "direction": "sell", "amount": 0.3}, {"trade_seq": 18, "trade_id": "230688528", "timestamp": 1664489822451, "tick_direction": 1, "price": 0.4105, "mark_price": 0.40976276, "iv": 90.2, "instrument_name": "BTC-30DEC22-12000-C", "index_price": 19521.63, "direction": "sell", "amount": 0.4}, {"trade_seq": 17, "trade_id": "230688527", "timestamp": 1664489822436, "tick_direction": 1, "price": 0.4105, "mark_price": 0.40976276, "iv": 90.2, "instrument_name": "BTC-30DEC22-12000-C", "index_price": 19521.63, "direction": "sell", "amount": 0.6}, {"trade_seq": 16, "trade_id": "230688526", "timestamp": 1664489822418, "tick_direction": 1, "price": 0.4105, "mark_price": 0.40976276, "iv": 90.2, "instrument_name": "BTC-30DEC22-12000-C", "index_price": 19521.63, "direction": "sell", "amount": 0.8}, {"trade_seq": 15, "trade_id": "230688525", "timestamp": 1664489822397, "tick_direction": 1, "price": 0.4105, "mark_price": 0.40976276, "iv": 90.2, "instrument_name": "BTC-30DEC22-12000-C", "index_price": 19521.63, "direction": "sell", "amount": 1.0}, {"trade_seq": 14, "trade_id": "230688524", "timestamp": 1664489822377, "tick_direction": 1, "price": 0.4105, "mark_price": 0.40976276, "iv": 90.2, "instrument_name": "BTC-30DEC22-12000-C", "index_price": 19521.63, "direction": "sell", "amount": 1.4}, {"trade_seq": 13, "trade_id": "230688523", "timestamp": 1664489822361, "tick_direction": 1, "price": 0.4105, "mark_price": 0.40976276, "iv": 90.2, "instrument_name": "BTC-30DEC22-12000-C", "index_price": 19521.63, "direction": "sell", "amount": 1.9}, {"trade_seq": 12, "trade_id": "230688522", "timestamp": 1664489822329, "tick_direction": 0, "price": 0.4105, "mark_price": 0.40976276, "iv": 90.2, "instrument_name": "BTC-30DEC22-12000-C", "index_price": 19521.63, "direction": "sell", "amount": 2.5}, {"trade_seq": 11, "trade_id": "230688513", "timestamp": 1664489805888, "tick_direction": 3, "price": 0.41, "mark_price": 0.40968221, "iv": 89.69, "instrument_name": "BTC-30DEC22-12000-C", "index_price": 19517.76, "direction": "sell", "amount": 0.1}, {"trade_seq": 10, "trade_id": "230688512", "timestamp": 1664489805850, "tick_direction": 3, "price": 0.41, "mark_price": 0.40968221, "iv": 89.69, "instrument_name": "BTC-30DEC22-12000-C", "index_price": 19517.76, "direction": "sell", "amount": 0.1}, {"trade_seq": 9, "trade_id": "230688511", "timestamp": 1664489804456, "tick_direction": 3, "price": 0.41, "mark_price": 0.40967725, "iv": 89.69, "instrument_name": "BTC-30DEC22-12000-C", "index_price": 19517.49, "direction": "sell", "amount": 0.1}, {"trade_seq": 8, "trade_id": "230688510", "timestamp": 1664489804438, "tick_direction": 3, "price": 0.41, "mark_price": 0.40967725, "iv": 89.69, "instrument_name": "BTC-30DEC22-12000-C", "index_price": 19517.49, "direction": "sell", "amount": 0.1}, {"trade_seq": 7, "trade_id": "230688509", "timestamp": 1664489804430, "tick_direction": 3, "price": 0.41, "mark_price": 0.40967725, "iv": 89.69, "instrument_name": "BTC-30DEC22-12000-C", "index_price": 19517.49, "direction": "sell", "amount": 0.1}, {"trade_seq": 6, "trade_id": "230688508", "timestamp": 1664489804411, "tick_direction": 3, "price": 0.41, "mark_price": 0.40967725, "iv": 89.69, "instrument_name": "BTC-30DEC22-12000-C", "index_price": 19517.49, "direction": "sell", "amount": 0.1}, {"trade_seq": 5, "trade_id": "230688507", "timestamp": 1664489804376, "tick_direction": 3, "price": 0.41, "mark_price": 0.40967725, "iv": 89.69, "instrument_name": "BTC-30DEC22-12000-C", "index_price": 19517.49, "direction": "sell", "amount": 0.2}, {"trade_seq": 4, "trade_id": "230688459", "timestamp": 1664489760579, "tick_direction": 3, "price": 0.41, "mark_price": 0.40935748, "iv": 90.07, "instrument_name": "BTC-30DEC22-12000-C", "index_price": 19497.92, "direction": "sell", "amount": 4.2}, {"trade_seq": 3, "trade_id": "230688458", "timestamp": 1664489760530, "tick_direction": 2, "price": 0.41, "mark_price": 0.40935748, "iv": 90.07, "instrument_name": "BTC-30DEC22-12000-C", "index_price": 19497.92, "direction": "sell", "amount": 5.8}, {"trade_seq": 2, "trade_id": "227394934", "timestamp": 1661357113146, "tick_direction": 1, "price": 0.4735, "mark_price": 0.47297845, "iv": 88.24, "instrument_name": "BTC-30DEC22-12000-C", "index_price": 21757.9, "direction": "buy", "amount": 11.0}, {"trade_seq": 1, "trade_id": "227394921", "timestamp": 1661357113122, "tick_direction": 1, "price": 0.4735, "mark_price": 0.47297845, "iv": 88.24, "instrument_name": "BTC-30DEC22-12000-C", "index_price": 21757.9, "direction": "buy", "amount": 3.0}], "has_more": false}