{"trades": [{"trade_seq": 5952, "trade_id": "197191318", "timestamp": 1640899055687, "tick_direction": 3, "price": 0.0005, "mark_price": 0.00060623, "iv": 91.67, "instrument_name": "BTC-31DEC21-50000-C", "index_price": 47159.26, "direction": "buy", "amount": 1.0}, {"trade_seq": 5951, "trade_id": "197190730", "timestamp": 1640898740418, "tick_direction": 3, "price": 0.0005, "mark_price": 0.00072986, "iv": 91.9, "instrument_name": "BTC-31DEC21-50000-C", "index_price": 47150.71, "direction": "sell", "amount": 0.1}, {"trade_seq": 5950, "trade_id": "197190729", "timestamp": 1640898739650, "tick_direction": 3, "price": 0.0005, "mark_price": 0.00072881, "iv": 91.9, "instrument_name": "BTC-31DEC21-50000-C", "index_price": 47150.71, "direction": "sell", "amount": 1.0}, {"trade_seq": 5949, "trade_id": "197190728", "timestamp": 1640898739650, "tick_direction": 3, "price": 0.0005, "mark_price": 0.00072881, "iv": 91.9, "instrument_name": "BTC-31DEC21-50000-C", "index_price": 47150.71, "direction": "sell", "amount": 12.1}, {"trade_seq": 5948, "trade_id": "197190727", "timestamp": 1640898739646, "tick_direction": 3, "price": 0.0005, "mark_price": 0.00072881, "iv": 91.9, "instrument_name": "BTC-31DEC21-50000-C", "index_price": 47150.71, "direction": "sell", "amount": 3.0}, {"trade_seq": 5947, "trade_id": "197190678", "timestamp": 1640898688462, "tick_direction": 3, "price": 0.0005, "mark_price": 0.0007152, "iv": 92.1, "instrument_name": "BTC-31DEC21-50000-C", "index_price": 47134.58, "direction": "sell", "amount": 3.0}, {"trade_seq": 5946, "trade_id": "197189717", "timestamp": 1640898256391, "tick_direction": 3, "price": 0.0005, "mark_price": 0.00059271, "iv": 94.14, "instrument_name": "BTC-31DEC21-50000-C", "index_price": 47040.97, "direction": "sell", "amount": 10.0}, {"trade_seq": 5945, "trade_id": "197186745", "timestamp": 1640897478812, "tick_direction": 3, "price": 0.0005, "mark_price": 0.00055436, "iv": 89.19, "instrument_name": "BTC-31DEC21-50000-C", "index_price": 47194.2, "direction": "sell", "amount": 0.1}, {"trade_seq": 5944, "trade_id": "197185451", "timestamp": 1640897326036, "tick_direction": 3, "price": 0.0005, "mark_price": 0.00057375, "iv": 87.03, "instrument_name": "BTC-31DEC21-50000-C", "index_price": 47268.07, "direction": "sell", "amount": 21.0}, {"trade_seq": 5943, "trade_id": "197184865", "timestamp": 1640897267090, "tick_direction": 3, "price": 0.0005, "mark_price": 0.00066999, "iv": 83.73, "instrument_name": "BTC-31DEC21-50000-C", "index_price": 47374.83, "direction": "sell", "amount": 0.1}, {"trade_seq": 5942, "trade_id": "197184776", "timestamp": 1640897115780, "tick_direction": 3, "price": 0.0005, "mark_price": 0.00066465, "iv": 82.91, "instrument_name": "BTC-31DEC21-50000-C", "index_price": 47410.52, "direction": "sell", "amount": 0.1}, {"trade_seq": 5941, "trade_id": "197184660", "timestamp": 1640897017471, "tick_direction": 3, "price": 0.0005, "mark_price": 0.00065782, "iv": 82.44, "instrument_name": "BTC-31DEC21-50000-C", "index_price": 47422.28, "direction": "sell", "amount": 0.1}, {"trade_seq": 5940, "trade_id": "197183928", "timestamp": 1640896604595, "tick_direction": 3, "price": 0.0005, "mark_price": 0.0006363, "iv": 79.7, "instrument_name": "BTC-31DEC21-50000-C", "index_price": 47521.08, "direction": "sell", "amount": 0.1}, {"trade_seq": 5939, "trade_id": "197183365", "timestamp": 1640896086020, "tick_direction": 3, "price": 0.0005, "mark_price": 0.00073098, "iv": 75.65, "instrument_name": "BTC-31DEC21-50000-C", "index_price": 47659.46, "direction": "sell", "amount": 0.1}, {"trade_seq": 5938, "trade_id": "197182173", "timestamp": 1640894674922, "tick_direction": 2, "price": 0.0005, "mark_price": 0.00062479, "iv": 78.08, "instrument_name": "BTC-31DEC21-50000-C", "index_price": 47510.32, "direction": "sell", "amount": 0.3}, {"trade_seq": 5937, "trade_id": "197180456", "timestamp": 1640893915723, "tick_direction": 0, "price": 0.001, "mark_price": 0.00070143, "iv": 80.04, "instrument_name": "BTC-31DEC21-50000-C", "index_price": 47816.34, "direction": "buy", "amount": 1.0}, {"trade_seq": 5936, "trade_id": "197166534", "timestamp": 1640884617996, "tick_direction": 3, "price": 0.0005, "mark_price": 0.00037566, "iv": 70.18, "instrument_name": "BTC-31DEC21-50000-C", "index_price": 47524.49, "direction": "buy", "amount": 2.0}, {"trade_seq": 5935, "trade_id": "197157829", "timestamp": 1640880220141, "tick_direction": 3, "price": 0.0005, "mark_price": 0.00023938, "iv": 75.5, "instrument_name": "BTC-31DEC21-50000-C", "index_price": 47181.86, "direction": "buy", "amount": 2.0}, {"trade_seq": 5934, "trade_id": "197153069", "timestamp": 1640877210233, "tick_direction": 3, "price": 0.0005, "mark_price": 0.00042311, "iv": 68.8, "instrument_name": "BTC-31DEC21-50000-C", "index_price": 47402.69, "direction": "buy", "amount": 1.0}, {"trade_seq": 5933, "trade_id": "197152998", "timestamp": 1640877132432, "tick_direction": 2, "price": 0.0005, "mark_price": 0.00042089, "iv": 68.85, "instrument_name": "BTC-31DEC21-50000-C", "index_price": 47399.38, "direction": "buy", "amount": 1.0}, {"trade_seq": 5932, "trade_id": "197149674", "timestamp": 1640875289708, "tick_direction": 0, "price": 0.0008, "mark_price": 0.00044844, "iv": 74.71, "instrument_name": "BTC-31DEC21-50000-C", "index_price": 47369.49, "direction": "buy", "block_trade_id": "28459", "amount": 40.0}, {"trade_seq": 5931, "trade_id": "197143468", "timestamp": 1640872142464, "tick_direction": 3, "price": 0.0005, "mark_price": 0.00052534, "iv": 66.63, "instrument_name": "BTC-31DEC21-50000-C", "index_price": 47360.29, "direction": "buy", "amount": 1.0}, {"trade_seq": 5930, "trade_id": "197143355", "timestamp": 1640872075691, "tick_direction": 3, "price": 0.0005, "mark_price": 0.0005313, "iv": 66.67, "instrument_name": "BTC-31DEC21-50000-C", "index_price": 47370.58, "direction": "buy", "amount": 2.0}, {"trade_seq": 5929, "trade_id": "197142730", "timestamp": 1640871900218, "tick_direction": 3, "price": 0.0005, "mark_price": 0.00065288, "iv": 64.88, "instrument_name": "BTC-31DEC21-50000-C", "index_price": 47457.29, "direction": "sell", "amount": 0.7}, {"trade_seq": 5928, "trade_id": "197142186", "timestamp": 1640871708151, "tick_direction": 3, "price": 0.0005, "mark_price": 0.00073288, "iv": 63.6, "instrument_name": "BTC-31DEC21-50000-C", "index_price": 47511.93, "direction": "sell", "amount": 0.1}, {"trade_seq": 5927, "trade_id": "197140729", "timestamp": 1640870671919, "tick_direction": 3, "price": 0.0005, "mark_price": 0.00069436, "iv": 64.36, "instrument_name": "BTC-31DEC21-50000-C", "index_price": 47466.09, "direction": "sell", "amount": 0.1}, {"trade_seq": 5926, "trade_id": "197140416", "timestamp": 1640870577639, "tick_direction": 3, "price": 0.0005, "mark_price": 0.00071175, "iv": 63.81, "instrument_name": "BTC-31DEC21-50000-C", "index_price": 47481.77, "direction": "sell", "amount": 2.0}, {"trade_seq": 5925, "trade_id": "197137171", "timestamp": 1640868497558, "tick_direction": 3, "price": 0.0005, "mark_price": 0.00088562, "iv": 60.36, "instrument_name": "BTC-31DEC21-50000-C", "index_price": 47571.98, "direction": "sell", "amount": 0.8}, {"trade_seq": 5924, "trade_id": "197135865", "timestamp": 1640867698421, "tick_direction": 3, "price": 0.0005, "mark_price": 0.00094929, "iv": 57.53, "instrument_name": "BTC-31DEC21-50000-C", "index_price": 47691.56, "direction": "sell", "amount": 1.1}, {"trade_seq": 5923, "trade_id": "197131142", "timestamp": 1640866387173, "tick_direction": 2, "price": 0.0005, "mark_price": 0.00074677, "iv": 61.97, "instrument_name": "BTC-31DEC21-50000-C", "index_price": 47449.64, "direction": "sell", "amount": 0.1}, {"trade_seq": 5922, "trade_id": "197124326", "timestamp": 1640864818346, "tick_direction": 1, "price": 0.001, "mark_price": 0.00071764, "iv": 72.34, "instrument_name": "BTC-31DEC21-50000-C", "index_price": 47385.51, "direction": "buy", "amount": 1.4}, {"trade_seq": 5921, "trade_id": "197124325", "timestamp": 1640864818346, "tick_direction": 1, "price": 0.001, "mark_price": 0.00071764, "iv": 72.34, "instrument_name": "BTC-31DEC21-50000-C", "index_price": 47385.51, "direction": "buy", "amount": 0.2}, {"trade_seq": 5920, "trade_id": "197124324", "timestamp": 1640864818346, "tick_direction": 0, "price": 0.001, "mark_price": 0.00071764, "iv": 72.34, "instrument_name": "BTC-31DEC21-50000-C", "index_price": 47385.51, "direction": "buy", "amount": 0.1}, {"trade_seq": 5919, "trade_id": "197115315", "timestamp": 1640861786794, "tick_direction": 3, "price": 0.0005, "mark_price": 0.00047454, "iv": 70.38, "instrument_name": "BTC-31DEC21-50000-C", "index_price": 46941.54, "direction": "buy", "amount": 1.0}, {"trade_seq": 5918, "trade_id": "197109766", "timestamp": 1640858468032, "tick_direction": 3, "price": 0.0005, "mark_price": 0.00070357, "iv": 71.98, "instrument_name": "BTC-31DEC21-50000-C", "index_price": 46775.35, "direction": "sell", "amount": 0.5}, {"trade_seq": 5917, "trade_id": "197109384", "timestamp": 1640858242454, "tick_direction": 3, "price": 0.0005, "mark_price": 0.00067431, "iv": 71.8, "instrument_name": "BTC-31DEC21-50000-C", "index_price": 46778.96, "direction": "sell", "amount": 0.1}, {"trade_seq": 5916, "trade_id": "197108532", "timestamp": 1640857967232, "tick_direction": 3, "price": 0.0005, "mark_price": 0.00063109, "iv": 71.38, "instrument_name": "BTC-31DEC21-50000-C", "index_price": 46786.76, "direction": "sell", "amount": 0.3}, {"trade_seq": 5915, "trade_id": "197106853", "timestamp": 1640857661325, "tick_direction": 3, "price": 0.0005, "mark_price": 0.00077659, "iv": 67.46, "instrument_name": "BTC-31DEC21-50000-C", "index_price": 46991.44, "direction": "sell", "amount": 0.1}, {"trade_seq": 5914, "trade_id": "197105236", "timestamp": 1640856318097, "tick_direction": 3, "price": 0.0005, "mark_price": 0.00070904, "iv": 69.2, "instrument_name": "BTC-31DEC21-50000-C", "index_price": 46893.59, "direction": "sell", "amount": 0.1}, {"trade_seq": 5913, "trade_id": "197099853", "timestamp": 1640852858300, "tick_direction": 3, "price": 0.0005, "mark_price": 0.00070289, "iv": 66.09, "instrument_name": "BTC-31DEC21-50000-C", "index_price": 46975.05, "direction": "sell", "amount": 0.1}, {"trade_seq": 5912, "trade_id": "197099160", "timestamp": 1640852498242, "tick_direction": 3, "price": 0.0005, "mark_price": 0.00069151, "iv": 65.48, "instrument_name": "BTC-31DEC21-50000-C", "index_price": 47004.61, "direction": "sell", "amount": 0.3}, {"trade_seq": 5911, "trade_id": "197098964", "timestamp": 1640852361789, "tick_direction": 3, "price": 0.0005, "mark_price": 0.00062769, "iv": 66.13, "instrument_name": "BTC-31DEC21-50000-C", "index_price": 46968.99, "direction": "buy", "amount": 0.1}, {"trade_seq": 5910, "trade_id": "197098502", "timestamp": 1640852165237, "tick_direction": 3, "price": 0.0005, "mark_price": 0.00067563, "iv": 65.07, "instrument_name": "BTC-31DEC21-50000-C", "index_price": 47031.5, "direction": "sell", "amount": 15.0}, {"trade_seq": 5909, "trade_id": "197097968", "timestamp": 1640851904129, "tick_direction": 3, "price": 0.0005, "mark_price": 0.00080658, "iv": 63.08, "instrument_name": "BTC-31DEC21-50000-C", "index_price": 47123.21, "direction": "sell", "amount": 0.4}, {"trade_seq": 5908, "trade_id": "197097941", "timestamp": 1640851855125, "tick_direction": 2, "price": 0.0005, "mark_price": 0.00080395, "iv": 63.12, "instrument_name": "BTC-31DEC21-50000-C", "index_price": 47114.82, "direction": "sell", "amount": 0.1}, {"trade_seq": 5907, "trade_id": "197097665", "timestamp": 1640851650186, "tick_direction": 0, "price": 0.001, "mark_price": 0.00080506, "iv": 72.9, "instrument_name": "BTC-31DEC21-50000-C", "index_price": 47110.04, "direction": "buy", "amount": 0.1}, {"trade_seq": 5906, "trade_id": "197097658", "timestamp": 1640851643083, "tick_direction": 3, "price": 0.0005, "mark_price": 0.00080501, "iv": 63.62, "instrument_name": "BTC-31DEC21-50000-C", "index_price": 47104.26, "direction": "sell", "amount": 0.1}, {"trade_seq": 5905, "trade_id": "197097410", "timestamp": 1640851523061, "tick_direction": 3, "price": 0.0005, "mark_price": 0.00081708, "iv": 63.18, "instrument_name": "BTC-31DEC21-50000-C", "index_price": 47116.04, "direction": "sell", "amount": 0.1}, {"trade_seq": 5904, "trade_id": "197097249", "timestamp": 1640851419061, "tick_direction": 3, "price": 0.0005, "mark_price": 0.00085932, "iv": 62.53, "instrument_name": "BTC-31DEC21-50000-C", "index_price": 47140.3, "direction": "sell", "amount": 0.1}, {"trade_seq": 5903, "trade_id": "197096711", "timestamp": 1640851318032, "tick_direction": 3, "price": 0.0005, "mark_price": 0.00074528, "iv": 64.48, "instrument_name": "BTC-31DEC21-50000-C", "index_price": 47041.97, "direction": "sell", "amount": 0.1}, {"trade_seq": 5902, "trade_id": "197096620", "timestamp": 1640851272181, "tick_direction": 3, "price": 0.0005, "mark_price": 0.00079237, "iv": 63.74, "instrument_name": "BTC-31DEC21-50000-C", "index_price": 47066.91, "direction": "sell", "amount": 0.1}, {"trade_seq": 5901, "trade_id": "197096054", "timestamp": 1640850955217, "tick_direction": 3, "price": 0.0005, "mark_price": 0.00074539, "iv": 64.64, "instrument_name": "BTC-31DEC21-50000-C", "index_price": 47027.01, "direction": "sell", "amount": 0.6}, {"trade_seq": 5900, "trade_id": "197096053", "timestamp": 1640850955217, "tick_direction": 3, "price": 0.0005, "mark_price": 0.00074539, "iv": 64.64, "instrument_name": "BTC-31DEC21-50000-C", "index_price": 47027.01, "direction": "sell", "amount": 0.3}, {"trade_seq": 5899, "trade_id": "197096052", "timestamp": 1640850955217, "tick_direction": 3, "price": 0.0005, "mark_price": 0.00074539, "iv": 64.64, "instrument_name": "BTC-31DEC21-50000-C", "index_price": 47027.01, "direction": "sell", "amount": 2.0}, {"trade_seq": 5898, "trade_id": "197096051", "timestamp": 1640850955217, "tick_direction": 3, "price": 0.0005, "mark_price": 0.00074539, "iv": 64.64, "instrument_name": "BTC-31DEC21-50000-C", "index_price": 47027.01, "direction": "sell", "amount": 0.1}, {"trade_seq": 5897, "trade_id": "197081605", "timestamp": 1640838432115, "tick_direction": 2, "price": 0.0005, "mark_price": 0.00101757, "iv": 63.35, "instrument_name": "BTC-31DEC21-50000-C", "index_price": 46861.78, "direction": "sell", "amount": 0.2}, {"trade_seq": 5896, "trade_id": "197081285", "timestamp": 1640838222973, "tick_direction": 3, "price": 0.001, "mark_price": 0.00117998, "iv": 71.77, "instrument_name": "BTC-31DEC21-50000-C", "index_price": 46884.32, "direction": "sell", "amount": 11.0}, {"trade_seq": 5895, "trade_id": "197070724", "timestamp": 1640829324380, "tick_direction": 3, "price": 0.001, "mark_price": 0.00128056, "iv": 72.66, "instrument_name": "BTC-31DEC21-50000-C", "index_price": 46678.35, "direction": "sell", "amount": 0.1}, {"trade_seq": 5894, "trade_id": "197067230", "timestamp": 1640826141385, "tick_direction": 3, "price": 0.001, "mark_price": 0.00114261, "iv": 73.83, "instrument_name": "BTC-31DEC21-50000-C", "index_price": 46548.26, "direction": "sell", "amount": 1.8}, {"trade_seq": 5893, "trade_id": "197067229", "timestamp": 1640826141385, "tick_direction": 2, "price": 0.001, "mark_price": 0.00114261, "iv": 73.83, "instrument_name": "BTC-31DEC21-50000-C", "index_price": 46548.26, "direction": "sell", "amount": 0.2}, {"trade_seq": 5892, "trade_id": "197064771", "timestamp": 1640824852813, "tick_direction": 1, "price": 0.002, "mark_price": 0.00145963, "iv": 82.41, "instrument_name": "BTC-31DEC21-50000-C", "index_price": 46726.6, "direction": "buy", "amount": 0.7}, {"trade_seq": 5891, "trade_id": "197064770", "timestamp": 1640824852813, "tick_direction": 1, "price": 0.002, "mark_price": 0.00145963, "iv": 82.41, "instrument_name": "BTC-31DEC21-50000-C", "index_price": 46726.6, "direction": "buy", "amount": 0.2}, {"trade_seq": 5890, "trade_id": "197064564", "timestamp": 1640824802793, "tick_direction": 1, "price": 0.002, "mark_price": 0.00152602, "iv": 81.69, "instrument_name": "BTC-31DEC21-50000-C", "index_price": 46758.14, "direction": "buy", "amount": 9.9}, {"trade_seq": 5889, "trade_id": "197064563", "timestamp": 1640824802793, "tick_direction": 0, "price": 0.002, "mark_price": 0.00152602, "iv": 81.69, "instrument_name": "BTC-31DEC21-50000-C", "index_price": 46758.14, "direction": "buy", "amount": 0.1}, {"trade_seq": 5888, "trade_id": "197064108", "timestamp": 1640824659553, "tick_direction": 1, "price": 0.0015, "mark_price": 0.00122306, "iv": 79.1, "instrument_name": "BTC-31DEC21-50000-C", "index_price": 46598.81, "direction": "buy", "amount": 2.3}, {"trade_seq": 5887, "trade_id": "197064107", "timestamp": 1640824659553, "tick_direction": 0, "price": 0.0015, "mark_price": 0.00122306, "iv": 79.1, "instrument_name": "BTC-31DEC21-50000-C", "index_price": 46598.81, "direction": "buy", "amount": 0.1}, {"trade_seq": 5886, "trade_id": "197048708", "timestamp": 1640821866161, "tick_direction": 3, "price": 0.001, "mark_price": 0.00130018, "iv": 74.65, "instrument_name": "BTC-31DEC21-50000-C", "index_price": 46445.39, "direction": "sell", "amount": 2.8}, {"trade_seq": 5885, "trade_id": "197048707", "timestamp": 1640821866161, "tick_direction": 3, "price": 0.001, "mark_price": 0.00130018, "iv": 74.65, "instrument_name": "BTC-31DEC21-50000-C", "index_price": 46445.39, "direction": "sell", "amount": 0.2}, {"trade_seq": 5884, "trade_id": "197041385", "timestamp": 1640820391558, "tick_direction": 3, "price": 0.001, "mark_price": 0.00111704, "iv": 71.94, "instrument_name": "BTC-31DEC21-50000-C", "index_price": 46585.72, "direction": "sell", "amount": 1.7}, {"trade_seq": 5883, "trade_id": "197041383", "timestamp": 1640820390747, "tick_direction": 3, "price": 0.001, "mark_price": 0.00111704, "iv": 71.7, "instrument_name": "BTC-31DEC21-50000-C", "index_price": 46577.31, "direction": "sell", "amount": 0.2}, {"trade_seq": 5882, "trade_id": "197041382", "timestamp": 1640820390747, "tick_direction": 2, "price": 0.001, "mark_price": 0.00111704, "iv": 71.7, "instrument_name": "BTC-31DEC21-50000-C", "index_price": 46577.31, "direction": "sell", "amount": 0.1}, {"trade_seq": 5881, "trade_id": "197031046", "timestamp": 1640819275222, "tick_direction": 3, "price": 0.0015, "mark_price": 0.00198941, "iv": 64.87, "instrument_name": "BTC-31DEC21-50000-C", "index_price": 47289.97, "direction": "sell", "amount": 0.7}, {"trade_seq": 5880, "trade_id": "197031045", "timestamp": 1640819275222, "tick_direction": 2, "price": 0.0015, "mark_price": 0.00198941, "iv": 64.87, "instrument_name": "BTC-31DEC21-50000-C", "index_price": 47289.97, "direction": "sell", "amount": 0.3}, {"trade_seq": 5879, "trade_id": "197027013", "timestamp": 1640814780341, "tick_direction": 1, "price": 0.0025, "mark_price": 0.00219681, "iv": 73.07, "instrument_name": "BTC-31DEC21-50000-C", "index_price": 47253.55, "direction": "buy", "amount": 2.2}, {"trade_seq": 5878, "trade_id": "197027012", "timestamp": 1640814780341, "tick_direction": 1, "price": 0.0025, "mark_price": 0.00219681, "iv": 73.07, "instrument_name": "BTC-31DEC21-50000-C", "index_price": 47253.55, "direction": "buy", "amount": 3.8}, {"trade_seq": 5877, "trade_id": "197027011", "timestamp": 1640814780341, "tick_direction": 1, "price": 0.0025, "mark_price": 0.00219681, "iv": 73.07, "instrument_name": "BTC-31DEC21-50000-C", "index_price": 47253.55, "direction": "buy", "amount": 0.2}, {"trade_seq": 5876, "trade_id": "197027010", "timestamp": 1640814780341, "tick_direction": 1, "price": 0.0025, "mark_price": 0.00219681, "iv": 73.07, "instrument_name": "BTC-31DEC21-50000-C", "index_price": 47253.55, "direction": "buy", "amount": 15.0}, {"trade_seq": 5875, "trade_id": "197027009", "timestamp": 1640814780341, "tick_direction": 0, "price": 0.0025, "mark_price": 0.00219681, "iv": 73.07, "instrument_name": "BTC-31DEC21-50000-C", "index_price": 47253.55, "direction": "buy", "amount": 0.1}, {"trade_seq": 5874, "trade_id": "197026823", "timestamp": 1640814503610, "tick_direction": 3, "price": 0.002, "mark_price": 0.00206334, "iv": 70.44, "instrument_name": "BTC-31DEC21-50000-C", "index_price": 47172.39, "direction": "sell", "amount": 1.0}, {"trade_seq": 5873, "trade_id": "197024422", "timestamp": 1640812426676, "tick_direction": 2, "price": 0.002, "mark_price": 0.00197951, "iv": 71.13, "instrument_name": "BTC-31DEC21-50000-C", "index_price": 47105.56, "direction": "sell", "amount": 0.4}, {"trade_seq": 5872, "trade_id": "197021610", "timestamp": 1640810582873, "tick_direction": 1, "price": 0.0025, "mark_price": 0.00260124, "iv": 66.51, "instrument_name": "BTC-31DEC21-50000-C", "index_price": 47538.95, "direction": "sell", "amount": 1.5}, {"trade_seq": 5871, "trade_id": "197019899", "timestamp": 1640809935969, "tick_direction": 0, "price": 0.0025, "mark_price": 0.00247337, "iv": 66.23, "instrument_name": "BTC-31DEC21-50000-C", "index_price": 47556.11, "direction": "buy", "amount": 1.2}, {"trade_seq": 5870, "trade_id": "197016084", "timestamp": 1640807718974, "tick_direction": 2, "price": 0.002, "mark_price": 0.00222577, "iv": 68.97, "instrument_name": "BTC-31DEC21-50000-C", "index_price": 47147.48, "direction": "sell", "amount": 0.6}, {"trade_seq": 5869, "trade_id": "197013244", "timestamp": 1640806502245, "tick_direction": 2, "price": 0.0025, "mark_price": 0.00255534, "iv": 69.82, "instrument_name": "BTC-31DEC21-50000-C", "index_price": 47303.29, "direction": "sell", "amount": 1.0}, {"trade_seq": 5868, "trade_id": "197011891", "timestamp": 1640805771270, "tick_direction": 3, "price": 0.003, "mark_price": 0.00268408, "iv": 71.76, "instrument_name": "BTC-31DEC21-50000-C", "index_price": 47401.05, "direction": "buy", "amount": 1.1}, {"trade_seq": 5867, "trade_id": "197011735", "timestamp": 1640805636367, "tick_direction": 3, "price": 0.003, "mark_price": 0.0027286, "iv": 71.48, "instrument_name": "BTC-31DEC21-50000-C", "index_price": 47405.67, "direction": "buy", "amount": 0.1}, {"trade_seq": 5866, "trade_id": "197005807", "timestamp": 1640801950457, "tick_direction": 2, "price": 0.003, "mark_price": 0.00338695, "iv": 64.78, "instrument_name": "BTC-31DEC21-50000-C", "index_price": 47709.15, "direction": "sell", "amount": 0.1}, {"trade_seq": 5865, "trade_id": "197002862", "timestamp": 1640799288002, "tick_direction": 3, "price": 0.0035, "mark_price": 0.00321548, "iv": 69.93, "instrument_name": "BTC-31DEC21-50000-C", "index_price": 47587.95, "direction": "buy", "amount": 0.1}, {"trade_seq": 5864, "trade_id": "197002861", "timestamp": 1640799288002, "tick_direction": 2, "price": 0.0035, "mark_price": 0.00321548, "iv": 69.93, "instrument_name": "BTC-31DEC21-50000-C", "index_price": 47587.95, "direction": "buy", "amount": 0.1}, {"trade_seq": 5863, "trade_id": "196997615", "timestamp": 1640795179656, "tick_direction": 3, "price": 0.004, "mark_price": 0.00420695, "iv": 66.79, "instrument_name": "BTC-31DEC21-50000-C", "index_price": 47841.21, "direction": "sell", "amount": 3.5}, {"trade_seq": 5862, "trade_id": "196997614", "timestamp": 1640795179656, "tick_direction": 3, "price": 0.004, "mark_price": 0.00420695, "iv": 66.79, "instrument_name": "BTC-31DEC21-50000-C", "index_price": 47841.21, "direction": "sell", "amount": 6.5}, {"trade_seq": 5861, "trade_id": "196996753", "timestamp": 1640794537046, "tick_direction": 3, "price": 0.004, "mark_price": 0.00420045, "iv": 66.4, "instrument_name": "BTC-31DEC21-50000-C", "index_price": 47857.12, "direction": "sell", "amount": 0.1}, {"trade_seq": 5860, "trade_id": "196996612", "timestamp": 1640794369518, "tick_direction": 2, "price": 0.004, "mark_price": 0.00417949, "iv": 66.31, "instrument_name": "BTC-31DEC21-50000-C", "index_price": 47859.98, "direction": "sell", "amount": 0.4}, {"trade_seq": 5859, "trade_id": "196995475", "timestamp": 1640793811067, "tick_direction": 0, "price": 0.0045, "mark_price": 0.00469394, "iv": 67.23, "instrument_name": "BTC-31DEC21-50000-C", "index_price": 47935.1, "direction": "sell", "amount": 3.0}, {"trade_seq": 5858, "trade_id": "196992872", "timestamp": 1640792794431, "tick_direction": 2, "price": 0.004, "mark_price": 0.00457138, "iv": 65.1, "instrument_name": "BTC-31DEC21-50000-C", "index_price": 47885.09, "direction": "sell", "amount": 0.2}, {"trade_seq": 5857, "trade_id": "196988448", "timestamp": 1640790635748, "tick_direction": 1, "price": 0.0055, "mark_price": 0.00512935, "iv": 69.8, "instrument_name": "BTC-31DEC21-50000-C", "index_price": 48020.38, "direction": "sell", "amount": 2.0}, {"trade_seq": 5856, "trade_id": "196988447", "timestamp": 1640790635744, "tick_direction": 1, "price": 0.0055, "mark_price": 0.00512935, "iv": 69.8, "instrument_name": "BTC-31DEC21-50000-C", "index_price": 48020.38, "direction": "sell", "amount": 6.0}, {"trade_seq": 5855, "trade_id": "196988446", "timestamp": 1640790635740, "tick_direction": 1, "price": 0.0055, "mark_price": 0.00512935, "iv": 69.8, "instrument_name": "BTC-31DEC21-50000-C", "index_price": 48020.38, "direction": "buy", "amount": 11.2}, {"trade_seq": 5854, "trade_id": "196988445", "timestamp": 1640790635740, "tick_direction": 1, "price": 0.0055, "mark_price": 0.00512935, "iv": 69.8, "instrument_name": "BTC-31DEC21-50000-C", "index_price": 48020.38, "direction": "buy", "amount": 12.0}, {"trade_seq": 5853, "trade_id": "196988444", "timestamp": 1640790635740, "tick_direction": 1, "price": 0.0055, "mark_price": 0.00512935, "iv": 69.8, "instrument_name": "BTC-31DEC21-50000-C", "index_price": 48020.38, "direction": "buy", "amount": 5.0}, {"trade_seq": 5852, "trade_id": "196988443", "timestamp": 1640790635740, "tick_direction": 1, "price": 0.0055, "mark_price": 0.00512935, "iv": 69.8, "instrument_name": "BTC-31DEC21-50000-C", "index_price": 48020.38, "direction": "buy", "amount": 3.5}, {"trade_seq": 5851, "trade_id": "196988442", "timestamp": 1640790635740, "tick_direction": 1, "price": 0.0055, "mark_price": 0.00512935, "iv": 69.8, "instrument_name": "BTC-31DEC21-50000-C", "index_price": 48020.38, "direction": "buy", "amount": 0.2}, {"trade_seq": 5850, "trade_id": "196988441", "timestamp": 1640790635740, "tick_direction": 1, "price": 0.0055, "mark_price": 0.00512935, "iv": 69.8, "instrument_name": "BTC-31DEC21-50000-C", "index_price": 48020.38, "direction": "buy", "amount": 1.0}, {"trade_seq": 5849, "trade_id": "196988440", "timestamp": 1640790635740, "tick_direction": 1, "price": 0.0055, "mark_price": 0.00512935, "iv": 69.8, "instrument_name": "BTC-31DEC21-50000-C", "index_price": 48020.38, "direction": "buy", "amount": 2.0}, {"trade_seq": 5848, "trade_id": "196988439", "timestamp": 1640790635740, "tick_direction": 0, "price": 0.0055, "mark_price": 0.00512935, "iv": 69.8, "instrument_name": "BTC-31DEC21-50000-C", "index_price": 48020.38, "direction": "buy", "amount": 0.5}, {"trade_seq": 5847, "trade_id": "196988132", "timestamp": 1640790540521, "tick_direction": 1, "price": 0.005, "mark_price": 0.00506273, "iv": 67.69, "instrument_name": "BTC-31DEC21-50000-C", "index_price": 47997.49, "direction": "sell", "amount": 2.0}, {"trade_seq": 5846, "trade_id": "196988002", "timestamp": 1640790490933, "tick_direction": 0, "price": 0.005, "mark_price": 0.00493759, "iv": 68.34, "instrument_name": "BTC-31DEC21-50000-C", "index_price": 47966.23, "direction": "sell", "amount": 0.1}, {"trade_seq": 5845, "trade_id": "196982523", "timestamp": 1640788871122, "tick_direction": 0, "price": 0.0045, "mark_price": 0.00444111, "iv": 67.87, "instrument_name": "BTC-31DEC21-50000-C", "index_price": 47835.39, "direction": "buy", "amount": 0.3}, {"trade_seq": 5844, "trade_id": "196981432", "timestamp": 1640788753385, "tick_direction": 0, "price": 0.004, "mark_price": 0.00403253, "iv": 67.59, "instrument_name": "BTC-31DEC21-50000-C", "index_price": 47703.71, "direction": "sell", "amount": 1.0}, {"trade_seq": 5843, "trade_id": "196977700", "timestamp": 1640788026621, "tick_direction": 3, "price": 0.003, "mark_price": 0.00316214, "iv": 67.3, "instrument_name": "BTC-31DEC21-50000-C", "index_price": 47396.8, "direction": "sell", "amount": 0.1}, {"trade_seq": 5842, "trade_id": "196977521", "timestamp": 1640787774348, "tick_direction": 2, "price": 0.003, "mark_price": 0.00293954, "iv": 68.9, "instrument_name": "BTC-31DEC21-50000-C", "index_price": 47323.76, "direction": "buy", "amount": 1.0}, {"trade_seq": 5841, "trade_id": "196973861", "timestamp": 1640786368112, "tick_direction": 1, "price": 0.0035, "mark_price": 0.00346534, "iv": 70.38, "instrument_name": "BTC-31DEC21-50000-C", "index_price": 47394.88, "direction": "buy", "amount": 1.0}, {"trade_seq": 5840, "trade_id": "196973572", "timestamp": 1640786286465, "tick_direction": 1, "price": 0.0035, "mark_price": 0.00353931, "iv": 70.0, "instrument_name": "BTC-31DEC21-50000-C", "index_price": 47401.98, "direction": "sell", "amount": 2.0}, {"trade_seq": 5839, "trade_id": "196971713", "timestamp": 1640785949733, "tick_direction": 0, "price": 0.0035, "mark_price": 0.00309531, "iv": 73.79, "instrument_name": "BTC-31DEC21-50000-C", "index_price": 47203.78, "direction": "buy", "amount": 0.1}, {"trade_seq": 5838, "trade_id": "196970703", "timestamp": 1640785807020, "tick_direction": 1, "price": 0.0025, "mark_price": 0.00252246, "iv": 70.1, "instrument_name": "BTC-31DEC21-50000-C", "index_price": 47008.34, "direction": "sell", "amount": 2.3}, {"trade_seq": 5837, "trade_id": "196970702", "timestamp": 1640785807020, "tick_direction": 1, "price": 0.0025, "mark_price": 0.00252246, "iv": 70.1, "instrument_name": "BTC-31DEC21-50000-C", "index_price": 47008.34, "direction": "sell", "amount": 2.5}, {"trade_seq": 5836, "trade_id": "196970701", "timestamp": 1640785807020, "tick_direction": 1, "price": 0.0025, "mark_price": 0.00252246, "iv": 70.1, "instrument_name": "BTC-31DEC21-50000-C", "index_price": 47008.34, "direction": "sell", "amount": 0.2}, {"trade_seq": 5835, "trade_id": "196968046", "timestamp": 1640785364764, "tick_direction": 1, "price": 0.0025, "mark_price": 0.00211549, "iv": 73.03, "instrument_name": "BTC-31DEC21-50000-C", "index_price": 46844.56, "direction": "buy", "amount": 4.7}, {"trade_seq": 5834, "trade_id": "196968045", "timestamp": 1640785364764, "tick_direction": 1, "price": 0.0025, "mark_price": 0.00211549, "iv": 73.03, "instrument_name": "BTC-31DEC21-50000-C", "index_price": 46844.56, "direction": "buy", "amount": 0.1}, {"trade_seq": 5833, "trade_id": "196968044", "timestamp": 1640785364764, "tick_direction": 0, "price": 0.0025, "mark_price": 0.00211549, "iv": 73.03, "instrument_name": "BTC-31DEC21-50000-C", "index_price": 46844.56, "direction": "buy", "amount": 0.2}, {"trade_seq": 5832, "trade_id": "196966713", "timestamp": 1640784711517, "tick_direction": 2, "price": 0.0015, "mark_price": 0.00211179, "iv": 65.42, "instrument_name": "BTC-31DEC21-50000-C", "index_price": 46767.77, "direction": "sell", "amount": 0.2}, {"trade_seq": 5831, "trade_id": "196964556", "timestamp": 1640784367416, "tick_direction": 2, "price": 0.002, "mark_price": 0.00208636, "iv": 71.0, "instrument_name": "BTC-31DEC21-50000-C", "index_price": 46711.22, "direction": "sell", "amount": 0.1}, {"trade_seq": 5830, "trade_id": "196961119", "timestamp": 1640783530262, "tick_direction": 1, "price": 0.0025, "mark_price": 0.00223841, "iv": 71.59, "instrument_name": "BTC-31DEC21-50000-C", "index_price": 46907.6, "direction": "buy", "amount": 1.0}, {"trade_seq": 5829, "trade_id": "196961013", "timestamp": 1640783464414, "tick_direction": 1, "price": 0.0025, "mark_price": 0.00227968, "iv": 71.25, "instrument_name": "BTC-31DEC21-50000-C", "index_price": 46919.62, "direction": "buy", "amount": 0.9}, {"trade_seq": 5828, "trade_id": "196961012", "timestamp": 1640783464414, "tick_direction": 0, "price": 0.0025, "mark_price": 0.00227968, "iv": 71.25, "instrument_name": "BTC-31DEC21-50000-C", "index_price": 46919.62, "direction": "buy", "amount": 4.1}, {"trade_seq": 5827, "trade_id": "196960494", "timestamp": 1640783309333, "tick_direction": 3, "price": 0.002, "mark_price": 0.00224821, "iv": 67.39, "instrument_name": "BTC-31DEC21-50000-C", "index_price": 46921.62, "direction": "sell", "amount": 0.2}, {"trade_seq": 5826, "trade_id": "196955156", "timestamp": 1640781631806, "tick_direction": 3, "price": 0.002, "mark_price": 0.00213584, "iv": 67.9, "instrument_name": "BTC-31DEC21-50000-C", "index_price": 46861.05, "direction": "sell", "amount": 4.8}, {"trade_seq": 5825, "trade_id": "196955154", "timestamp": 1640781627895, "tick_direction": 3, "price": 0.002, "mark_price": 0.00213865, "iv": 67.86, "instrument_name": "BTC-31DEC21-50000-C", "index_price": 46861.83, "direction": "sell", "amount": 2.4}, {"trade_seq": 5824, "trade_id": "196955153", "timestamp": 1640781627895, "tick_direction": 3, "price": 0.002, "mark_price": 0.00213865, "iv": 67.86, "instrument_name": "BTC-31DEC21-50000-C", "index_price": 46861.83, "direction": "sell", "amount": 0.2}, {"trade_seq": 5823, "trade_id": "196955152", "timestamp": 1640781627895, "tick_direction": 3, "price": 0.002, "mark_price": 0.00213865, "iv": 67.86, "instrument_name": "BTC-31DEC21-50000-C", "index_price": 46861.83, "direction": "sell", "amount": 2.4}, {"trade_seq": 5822, "trade_id": "196955149", "timestamp": 1640781624369, "tick_direction": 2, "price": 0.002, "mark_price": 0.00213299, "iv": 67.87, "instrument_name": "BTC-31DEC21-50000-C", "index_price": 46861.38, "direction": "sell", "amount": 5.0}, {"trade_seq": 5821, "trade_id": "196951076", "timestamp": 1640780795653, "tick_direction": 3, "price": 0.0025, "mark_price": 0.00226792, "iv": 72.52, "instrument_name": "BTC-31DEC21-50000-C", "index_price": 46813.68, "direction": "buy", "amount": 0.1}, {"trade_seq": 5820, "trade_id": "196946666", "timestamp": 1640779967213, "tick_direction": 3, "price": 0.0025, "mark_price": 0.00204435, "iv": 71.79, "instrument_name": "BTC-31DEC21-50000-C", "index_price": 46856.14, "direction": "sell", "amount": 0.3}, {"trade_seq": 5819, "trade_id": "196946660", "timestamp": 1640779967064, "tick_direction": 3, "price": 0.0025, "mark_price": 0.00199852, "iv": 71.79, "instrument_name": "BTC-31DEC21-50000-C", "index_price": 46856.14, "direction": "sell", "amount": 0.3}, {"trade_seq": 5818, "trade_id": "196946646", "timestamp": 1640779966765, "tick_direction": 3, "price": 0.0025, "mark_price": 0.00199852, "iv": 71.79, "instrument_name": "BTC-31DEC21-50000-C", "index_price": 46856.14, "direction": "sell", "amount": 0.3}, {"trade_seq": 5817, "trade_id": "196946642", "timestamp": 1640779966671, "tick_direction": 3, "price": 0.0025, "mark_price": 0.00199852, "iv": 71.79, "instrument_name": "BTC-31DEC21-50000-C", "index_price": 46856.14, "direction": "sell", "amount": 0.3}, {"trade_seq": 5816, "trade_id": "196946589", "timestamp": 1640779966174, "tick_direction": 3, "price": 0.0025, "mark_price": 0.00199852, "iv": 72.19, "instrument_name": "BTC-31DEC21-50000-C", "index_price": 46835.65, "direction": "sell", "amount": 1.2}, {"trade_seq": 5815, "trade_id": "196946347", "timestamp": 1640779963262, "tick_direction": 3, "price": 0.0025, "mark_price": 0.00216909, "iv": 71.9, "instrument_name": "BTC-31DEC21-50000-C", "index_price": 46846.86, "direction": "sell", "amount": 20.0}, {"trade_seq": 5814, "trade_id": "196946266", "timestamp": 1640779962203, "tick_direction": 3, "price": 0.0025, "mark_price": 0.00217596, "iv": 70.6, "instrument_name": "BTC-31DEC21-50000-C", "index_price": 46914.13, "direction": "sell", "amount": 4.2}, {"trade_seq": 5813, "trade_id": "196946265", "timestamp": 1640779962203, "tick_direction": 2, "price": 0.0025, "mark_price": 0.00217596, "iv": 70.6, "instrument_name": "BTC-31DEC21-50000-C", "index_price": 46914.13, "direction": "sell", "amount": 1.0}, {"trade_seq": 5812, "trade_id": "196944163", "timestamp": 1640779759223, "tick_direction": 2, "price": 0.003, "mark_price": 0.00223353, "iv": 71.65, "instrument_name": "BTC-31DEC21-50000-C", "index_price": 47057.16, "direction": "buy", "amount": 0.1}, {"trade_seq": 5811, "trade_id": "196940835", "timestamp": 1640779686170, "tick_direction": 3, "price": 0.0035, "mark_price": 0.00322836, "iv": 67.02, "instrument_name": "BTC-31DEC21-50000-C", "index_price": 47485.39, "direction": "sell", "amount": 1.8}, {"trade_seq": 5810, "trade_id": "196940726", "timestamp": 1640779675300, "tick_direction": 3, "price": 0.0035, "mark_price": 0.00327152, "iv": 67.11, "instrument_name": "BTC-31DEC21-50000-C", "index_price": 47482.88, "direction": "sell", "amount": 4.2}, {"trade_seq": 5809, "trade_id": "196940683", "timestamp": 1640779673979, "tick_direction": 3, "price": 0.0035, "mark_price": 0.00326929, "iv": 66.6, "instrument_name": "BTC-31DEC21-50000-C", "index_price": 47521.25, "direction": "sell", "amount": 0.2}, {"trade_seq": 5808, "trade_id": "196940681", "timestamp": 1640779673937, "tick_direction": 3, "price": 0.0035, "mark_price": 0.00326929, "iv": 66.6, "instrument_name": "BTC-31DEC21-50000-C", "index_price": 47521.25, "direction": "sell", "amount": 1.4}, {"trade_seq": 5807, "trade_id": "196940671", "timestamp": 1640779673753, "tick_direction": 3, "price": 0.0035, "mark_price": 0.00326929, "iv": 66.6, "instrument_name": "BTC-31DEC21-50000-C", "index_price": 47521.25, "direction": "sell", "amount": 1.7}, {"trade_seq": 5806, "trade_id": "196937626", "timestamp": 1640777431723, "tick_direction": 3, "price": 0.0035, "mark_price": 0.00387314, "iv": 64.45, "instrument_name": "BTC-31DEC21-50000-C", "index_price": 47606.94, "direction": "sell", "amount": 0.1}, {"trade_seq": 5805, "trade_id": "196937023", "timestamp": 1640776918018, "tick_direction": 2, "price": 0.0035, "mark_price": 0.00358716, "iv": 65.16, "instrument_name": "BTC-31DEC21-50000-C", "index_price": 47567.89, "direction": "sell", "amount": 0.4}, {"trade_seq": 5804, "trade_id": "196935450", "timestamp": 1640775203057, "tick_direction": 3, "price": 0.004, "mark_price": 0.00407184, "iv": 65.77, "instrument_name": "BTC-31DEC21-50000-C", "index_price": 47673.63, "direction": "sell", "amount": 1.0}, {"trade_seq": 5803, "trade_id": "196934542", "timestamp": 1640774561319, "tick_direction": 3, "price": 0.004, "mark_price": 0.00419279, "iv": 63.26, "instrument_name": "BTC-31DEC21-50000-C", "index_price": 47795.98, "direction": "sell", "amount": 0.2}, {"trade_seq": 5802, "trade_id": "196934534", "timestamp": 1640774549376, "tick_direction": 2, "price": 0.004, "mark_price": 0.0041947, "iv": 63.24, "instrument_name": "BTC-31DEC21-50000-C", "index_price": 47795.62, "direction": "sell", "amount": 0.1}, {"trade_seq": 5801, "trade_id": "196930383", "timestamp": 1640771700897, "tick_direction": 1, "price": 0.0055, "mark_price": 0.00543917, "iv": 64.65, "instrument_name": "BTC-31DEC21-50000-C", "index_price": 48059.27, "direction": "sell", "amount": 0.1}, {"trade_seq": 5800, "trade_id": "196930382", "timestamp": 1640771700894, "tick_direction": 0, "price": 0.0055, "mark_price": 0.00543917, "iv": 64.65, "instrument_name": "BTC-31DEC21-50000-C", "index_price": 48059.27, "direction": "sell", "amount": 1.3}, {"trade_seq": 5799, "trade_id": "196927349", "timestamp": 1640771221623, "tick_direction": 1, "price": 0.004, "mark_price": 0.00396081, "iv": 64.3, "instrument_name": "BTC-31DEC21-50000-C", "index_price": 47688.73, "direction": "buy", "amount": 15.1}, {"trade_seq": 5798, "trade_id": "196927348", "timestamp": 1640771221618, "tick_direction": 1, "price": 0.004, "mark_price": 0.00396081, "iv": 64.3, "instrument_name": "BTC-31DEC21-50000-C", "index_price": 47688.73, "direction": "buy", "amount": 3.4}, {"trade_seq": 5797, "trade_id": "196927234", "timestamp": 1640771219023, "tick_direction": 1, "price": 0.004, "mark_price": 0.00394982, "iv": 64.38, "instrument_name": "BTC-31DEC21-50000-C", "index_price": 47685.5, "direction": "buy", "amount": 18.0}, {"trade_seq": 5796, "trade_id": "196927149", "timestamp": 1640771209004, "tick_direction": 1, "price": 0.004, "mark_price": 0.00386799, "iv": 64.87, "instrument_name": "BTC-31DEC21-50000-C", "index_price": 47660.08, "direction": "buy", "amount": 10.0}, {"trade_seq": 5795, "trade_id": "196927148", "timestamp": 1640771208983, "tick_direction": 1, "price": 0.004, "mark_price": 0.00386799, "iv": 64.87, "instrument_name": "BTC-31DEC21-50000-C", "index_price": 47660.08, "direction": "buy", "amount": 18.0}, {"trade_seq": 5794, "trade_id": "196926138", "timestamp": 1640770640272, "tick_direction": 1, "price": 0.004, "mark_price": 0.00393198, "iv": 65.73, "instrument_name": "BTC-31DEC21-50000-C", "index_price": 47625.42, "direction": "buy", "amount": 7.9}, {"trade_seq": 5793, "trade_id": "196926056", "timestamp": 1640770623746, "tick_direction": 0, "price": 0.004, "mark_price": 0.00380152, "iv": 66.45, "instrument_name": "BTC-31DEC21-50000-C", "index_price": 47596.55, "direction": "buy", "amount": 2.0}, {"trade_seq": 5792, "trade_id": "196925787", "timestamp": 1640770459680, "tick_direction": 3, "price": 0.0035, "mark_price": 0.0038089, "iv": 63.76, "instrument_name": "BTC-31DEC21-50000-C", "index_price": 47567.47, "direction": "sell", "amount": 0.1}, {"trade_seq": 5791, "trade_id": "196924604", "timestamp": 1640769723822, "tick_direction": 2, "price": 0.0035, "mark_price": 0.00382496, "iv": 65.62, "instrument_name": "BTC-31DEC21-50000-C", "index_price": 47461.12, "direction": "sell", "amount": 0.1}, {"trade_seq": 5790, "trade_id": "196924347", "timestamp": 1640769680082, "tick_direction": 3, "price": 0.004, "mark_price": 0.00385066, "iv": 68.6, "instrument_name": "BTC-31DEC21-50000-C", "index_price": 47446.91, "direction": "buy", "amount": 0.1}, {"trade_seq": 5789, "trade_id": "196924245", "timestamp": 1640769663908, "tick_direction": 3, "price": 0.004, "mark_price": 0.00379714, "iv": 68.75, "instrument_name": "BTC-31DEC21-50000-C", "index_price": 47441.67, "direction": "buy", "amount": 1.5}, {"trade_seq": 5788, "trade_id": "196924197", "timestamp": 1640769638681, "tick_direction": 3, "price": 0.004, "mark_price": 0.00384714, "iv": 68.6, "instrument_name": "BTC-31DEC21-50000-C", "index_price": 47456.31, "direction": "buy", "amount": 3.0}, {"trade_seq": 5787, "trade_id": "196924150", "timestamp": 1640769619049, "tick_direction": 3, "price": 0.004, "mark_price": 0.00394251, "iv": 68.1, "instrument_name": "BTC-31DEC21-50000-C", "index_price": 47480.27, "direction": "buy", "amount": 21.0}, {"trade_seq": 5786, "trade_id": "196923118", "timestamp": 1640769427824, "tick_direction": 2, "price": 0.004, "mark_price": 0.00434302, "iv": 66.58, "instrument_name": "BTC-31DEC21-50000-C", "index_price": 47554.87, "direction": "buy", "amount": 0.1}, {"trade_seq": 5785, "trade_id": "196922178", "timestamp": 1640769304563, "tick_direction": 3, "price": 0.0045, "mark_price": 0.00504904, "iv": 66.99, "instrument_name": "BTC-31DEC21-50000-C", "index_price": 47678.94, "direction": "buy", "amount": 8.0}, {"trade_seq": 5784, "trade_id": "196922154", "timestamp": 1640769301065, "tick_direction": 3, "price": 0.0045, "mark_price": 0.00500685, "iv": 67.23, "instrument_name": "BTC-31DEC21-50000-C", "index_price": 47674.77, "direction": "buy", "amount": 9.6}, {"trade_seq": 5783, "trade_id": "196922133", "timestamp": 1640769299625, "tick_direction": 3, "price": 0.0045, "mark_price": 0.00499717, "iv": 67.31, "instrument_name": "BTC-31DEC21-50000-C", "index_price": 47664.92, "direction": "buy", "amount": 3.3}, {"trade_seq": 5782, "trade_id": "196922117", "timestamp": 1640769298690, "tick_direction": 3, "price": 0.0045, "mark_price": 0.00493772, "iv": 67.36, "instrument_name": "BTC-31DEC21-50000-C", "index_price": 47661.8, "direction": "buy", "amount": 8.7}, {"trade_seq": 5781, "trade_id": "196922114", "timestamp": 1640769298308, "tick_direction": 3, "price": 0.0045, "mark_price": 0.00493772, "iv": 67.62, "instrument_name": "BTC-31DEC21-50000-C", "index_price": 47661.8, "direction": "buy", "amount": 8.7}, {"trade_seq": 5780, "trade_id": "196922088", "timestamp": 1640769295419, "tick_direction": 3, "price": 0.0045, "mark_price": 0.00493193, "iv": 67.68, "instrument_name": "BTC-31DEC21-50000-C", "index_price": 47649.07, "direction": "sell", "amount": 0.4}, {"trade_seq": 5779, "trade_id": "196922087", "timestamp": 1640769295419, "tick_direction": 3, "price": 0.0045, "mark_price": 0.00493193, "iv": 67.68, "instrument_name": "BTC-31DEC21-50000-C", "index_price": 47649.07, "direction": "sell", "amount": 7.2}, {"trade_seq": 5778, "trade_id": "196922086", "timestamp": 1640769295419, "tick_direction": 3, "price": 0.0045, "mark_price": 0.00493193, "iv": 67.68, "instrument_name": "BTC-31DEC21-50000-C", "index_price": 47649.07, "direction": "sell", "amount": 30.0}, {"trade_seq": 5777, "trade_id": "196922085", "timestamp": 1640769295419, "tick_direction": 2, "price": 0.0045, "mark_price": 0.00493193, "iv": 67.68, "instrument_name": "BTC-31DEC21-50000-C", "index_price": 47649.07, "direction": "sell", "amount": 0.7}, {"trade_seq": 5776, "trade_id": "196922007", "timestamp": 1640769273872, "tick_direction": 0, "price": 0.005, "mark_price": 0.00498953, "iv": 70.14, "instrument_name": "BTC-31DEC21-50000-C", "index_price": 47657.21, "direction": "sell", "amount": 0.4}, {"trade_seq": 5775, "trade_id": "196920921", "timestamp": 1640768307333, "tick_direction": 2, "price": 0.0045, "mark_price": 0.00510115, "iv": 65.82, "instrument_name": "BTC-31DEC21-50000-C", "index_price": 47732.66, "direction": "sell", "amount": 0.1}, {"trade_seq": 5774, "trade_id": "196920740", "timestamp": 1640768131732, "tick_direction": 2, "price": 0.005, "mark_price": 0.00533271, "iv": 67.29, "instrument_name": "BTC-31DEC21-50000-C", "index_price": 47784.38, "direction": "sell", "amount": 0.5}, {"trade_seq": 5773, "trade_id": "196920697", "timestamp": 1640768121136, "tick_direction": 1, "price": 0.0055, "mark_price": 0.00520771, "iv": 70.42, "instrument_name": "BTC-31DEC21-50000-C", "index_price": 47759.75, "direction": "buy", "amount": 1.1}, {"trade_seq": 5772, "trade_id": "196920696", "timestamp": 1640768121136, "tick_direction": 1, "price": 0.0055, "mark_price": 0.00520771, "iv": 70.42, "instrument_name": "BTC-31DEC21-50000-C", "index_price": 47759.75, "direction": "buy", "amount": 11.2}, {"trade_seq": 5771, "trade_id": "196920695", "timestamp": 1640768121136, "tick_direction": 1, "price": 0.0055, "mark_price": 0.00520771, "iv": 70.42, "instrument_name": "BTC-31DEC21-50000-C", "index_price": 47759.75, "direction": "buy", "amount": 0.4}, {"trade_seq": 5770, "trade_id": "196920694", "timestamp": 1640768121136, "tick_direction": 1, "price": 0.0055, "mark_price": 0.00520771, "iv": 70.42, "instrument_name": "BTC-31DEC21-50000-C", "index_price": 47759.75, "direction": "buy", "amount": 0.2}, {"trade_seq": 5769, "trade_id": "196920693", "timestamp": 1640768121136, "tick_direction": 0, "price": 0.0055, "mark_price": 0.00520771, "iv": 70.42, "instrument_name": "BTC-31DEC21-50000-C", "index_price": 47759.75, "direction": "buy", "amount": 4.1}, {"trade_seq": 5768, "trade_id": "196920557", "timestamp": 1640767985513, "tick_direction": 2, "price": 0.005, "mark_price": 0.00526467, "iv": 67.94, "instrument_name": "BTC-31DEC21-50000-C", "index_price": 47760.24, "direction": "sell", "amount": 0.5}, {"trade_seq": 5767, "trade_id": "196920379", "timestamp": 1640767787456, "tick_direction": 1, "price": 0.0055, "mark_price": 0.00530101, "iv": 69.61, "instrument_name": "BTC-31DEC21-50000-C", "index_price": 47785.73, "direction": "sell", "amount": 2.0}, {"trade_seq": 5766, "trade_id": "196920354", "timestamp": 1640767777555, "tick_direction": 1, "price": 0.0055, "mark_price": 0.00522532, "iv": 69.95, "instrument_name": "BTC-31DEC21-50000-C", "index_price": 47776.4, "direction": "sell", "amount": 3.8}, {"trade_seq": 5765, "trade_id": "196920353", "timestamp": 1640767777514, "tick_direction": 1, "price": 0.0055, "mark_price": 0.00522532, "iv": 69.95, "instrument_name": "BTC-31DEC21-50000-C", "index_price": 47776.4, "direction": "buy", "amount": 0.2}, {"trade_seq": 5764, "trade_id": "196920352", "timestamp": 1640767777514, "tick_direction": 1, "price": 0.0055, "mark_price": 0.00522532, "iv": 69.95, "instrument_name": "BTC-31DEC21-50000-C", "index_price": 47776.4, "direction": "buy", "amount": 1.0}, {"trade_seq": 5763, "trade_id": "196920351", "timestamp": 1640767777514, "tick_direction": 1, "price": 0.0055, "mark_price": 0.00522532, "iv": 69.95, "instrument_name": "BTC-31DEC21-50000-C", "index_price": 47776.4, "direction": "buy", "amount": 3.2}, {"trade_seq": 5762, "trade_id": "196920350", "timestamp": 1640767777514, "tick_direction": 1, "price": 0.0055, "mark_price": 0.00522532, "iv": 69.95, "instrument_name": "BTC-31DEC21-50000-C", "index_price": 47776.4, "direction": "buy", "amount": 2.0}, {"trade_seq": 5761, "trade_id": "196920349", "timestamp": 1640767777514, "tick_direction": 1, "price": 0.0055, "mark_price": 0.00522532, "iv": 69.95, "instrument_name": "BTC-31DEC21-50000-C", "index_price": 47776.4, "direction": "buy", "amount": 12.0}, {"trade_seq": 5760, "trade_id": "196920348", "timestamp": 1640767777514, "tick_direction": 1, "price": 0.0055, "mark_price": 0.00522532, "iv": 69.95, "instrument_name": "BTC-31DEC21-50000-C", "index_price": 47776.4, "direction": "buy", "amount": 0.4}, {"trade_seq": 5759, "trade_id": "196920347", "timestamp": 1640767777514, "tick_direction": 1, "price": 0.0055, "mark_price": 0.00522532, "iv": 69.95, "instrument_name": "BTC-31DEC21-50000-C", "index_price": 47776.4, "direction": "buy", "amount": 0.5}, {"trade_seq": 5758, "trade_id": "196920346", "timestamp": 1640767777514, "tick_direction": 0, "price": 0.0055, "mark_price": 0.00522532, "iv": 69.95, "instrument_name": "BTC-31DEC21-50000-C", "index_price": 47776.4, "direction": "buy", "amount": 1.0}, {"trade_seq": 5757, "trade_id": "196920205", "timestamp": 1640767701245, "tick_direction": 1, "price": 0.005, "mark_price": 0.00539219, "iv": 66.83, "instrument_name": "BTC-31DEC21-50000-C", "index_price": 47808.52, "direction": "sell", "amount": 0.1}, {"trade_seq": 5756, "trade_id": "196919378", "timestamp": 1640766905628, "tick_direction": 1, "price": 0.005, "mark_price": 0.00486091, "iv": 68.35, "instrument_name": "BTC-31DEC21-50000-C", "index_price": 47725.11, "direction": "buy", "amount": 1.0}, {"trade_seq": 5755, "trade_id": "196919377", "timestamp": 1640766905628, "tick_direction": 1, "price": 0.005, "mark_price": 0.00486091, "iv": 68.35, "instrument_name": "BTC-31DEC21-50000-C", "index_price": 47725.11, "direction": "buy", "amount": 12.0}, {"trade_seq": 5754, "trade_id": "196919376", "timestamp": 1640766905628, "tick_direction": 1, "price": 0.005, "mark_price": 0.00486091, "iv": 68.35, "instrument_name": "BTC-31DEC21-50000-C", "index_price": 47725.11, "direction": "buy", "amount": 0.3}, {"trade_seq": 5753, "trade_id": "196919292", "timestamp": 1640766766438, "tick_direction": 0, "price": 0.005, "mark_price": 0.00487044, "iv": 68.62, "instrument_name": "BTC-31DEC21-50000-C", "index_price": 47698.88, "direction": "buy", "amount": 0.2}, {"trade_seq": 5752, "trade_id": "196919286", "timestamp": 1640766753365, "tick_direction": 3, "price": 0.0045, "mark_price": 0.00492024, "iv": 65.97, "instrument_name": "BTC-31DEC21-50000-C", "index_price": 47703.75, "direction": "sell", "amount": 1.0}, {"trade_seq": 5751, "trade_id": "196918480", "timestamp": 1640765990800, "tick_direction": 3, "price": 0.0045, "mark_price": 0.00479629, "iv": 65.63, "instrument_name": "BTC-31DEC21-50000-C", "index_price": 47716.77, "direction": "sell", "amount": 0.2}, {"trade_seq": 5750, "trade_id": "196918323", "timestamp": 1640765779894, "tick_direction": 3, "price": 0.0045, "mark_price": 0.00470868, "iv": 66.13, "instrument_name": "BTC-31DEC21-50000-C", "index_price": 47693.49, "direction": "sell", "amount": 1.0}, {"trade_seq": 5749, "trade_id": "196918266", "timestamp": 1640765705573, "tick_direction": 3, "price": 0.0045, "mark_price": 0.0048199, "iv": 65.8, "instrument_name": "BTC-31DEC21-50000-C", "index_price": 47711.48, "direction": "sell", "amount": 0.3}, {"trade_seq": 5748, "trade_id": "196917815", "timestamp": 1640765332668, "tick_direction": 3, "price": 0.0045, "mark_price": 0.00484207, "iv": 66.29, "instrument_name": "BTC-31DEC21-50000-C", "index_price": 47673.56, "direction": "sell", "amount": 0.1}, {"trade_seq": 5747, "trade_id": "196917682", "timestamp": 1640765238657, "tick_direction": 3, "price": 0.0045, "mark_price": 0.00484504, "iv": 66.48, "instrument_name": "BTC-31DEC21-50000-C", "index_price": 47667.68, "direction": "sell", "amount": 0.1}, {"trade_seq": 5746, "trade_id": "196917515", "timestamp": 1640765090619, "tick_direction": 3, "price": 0.0045, "mark_price": 0.00492928, "iv": 66.47, "instrument_name": "BTC-31DEC21-50000-C", "index_price": 47661.67, "direction": "sell", "amount": 0.1}, {"trade_seq": 5745, "trade_id": "196917395", "timestamp": 1640765040628, "tick_direction": 3, "price": 0.0045, "mark_price": 0.00494543, "iv": 66.65, "instrument_name": "BTC-31DEC21-50000-C", "index_price": 47648.25, "direction": "sell", "amount": 0.1}, {"trade_seq": 5744, "trade_id": "196917238", "timestamp": 1640764947607, "tick_direction": 3, "price": 0.0045, "mark_price": 0.00481486, "iv": 67.61, "instrument_name": "BTC-31DEC21-50000-C", "index_price": 47602.98, "direction": "sell", "amount": 0.1}, {"trade_seq": 5743, "trade_id": "196916936", "timestamp": 1640764809044, "tick_direction": 3, "price": 0.0045, "mark_price": 0.0047266, "iv": 68.13, "instrument_name": "BTC-31DEC21-50000-C", "index_price": 47568.1, "direction": "sell", "amount": 0.2}, {"trade_seq": 5742, "trade_id": "196915229", "timestamp": 1640763870494, "tick_direction": 3, "price": 0.0045, "mark_price": 0.00465762, "iv": 67.43, "instrument_name": "BTC-31DEC21-50000-C", "index_price": 47614.98, "direction": "sell", "amount": 3.0}, {"trade_seq": 5741, "trade_id": "196915227", "timestamp": 1640763868281, "tick_direction": 2, "price": 0.0045, "mark_price": 0.00465748, "iv": 67.42, "instrument_name": "BTC-31DEC21-50000-C", "index_price": 47615.22, "direction": "sell", "amount": 3.0}, {"trade_seq": 5740, "trade_id": "196914284", "timestamp": 1640763153655, "tick_direction": 3, "price": 0.005, "mark_price": 0.00483603, "iv": 69.08, "instrument_name": "BTC-31DEC21-50000-C", "index_price": 47649.47, "direction": "sell", "amount": 2.2}, {"trade_seq": 5739, "trade_id": "196913399", "timestamp": 1640762398495, "tick_direction": 3, "price": 0.005, "mark_price": 0.00509476, "iv": 68.54, "instrument_name": "BTC-31DEC21-50000-C", "index_price": 47674.8, "direction": "sell", "amount": 0.9}, {"trade_seq": 5738, "trade_id": "196913055", "timestamp": 1640762091553, "tick_direction": 2, "price": 0.005, "mark_price": 0.00500259, "iv": 68.37, "instrument_name": "BTC-31DEC21-50000-C", "index_price": 47673.49, "direction": "sell", "amount": 1.6}, {"trade_seq": 5737, "trade_id": "196910456", "timestamp": 1640760403223, "tick_direction": 2, "price": 0.0055, "mark_price": 0.00544255, "iv": 67.21, "instrument_name": "BTC-31DEC21-50000-C", "index_price": 47848.27, "direction": "sell", "amount": 0.1}, {"trade_seq": 5736, "trade_id": "196908665", "timestamp": 1640759184714, "tick_direction": 1, "price": 0.006, "mark_price": 0.00550083, "iv": 67.45, "instrument_name": "BTC-31DEC21-50000-C", "index_price": 47949.83, "direction": "buy", "amount": 0.7}, {"trade_seq": 5735, "trade_id": "196908664", "timestamp": 1640759184714, "tick_direction": 1, "price": 0.006, "mark_price": 0.00550083, "iv": 67.45, "instrument_name": "BTC-31DEC21-50000-C", "index_price": 47949.83, "direction": "buy", "amount": 0.3}, {"trade_seq": 5734, "trade_id": "196908643", "timestamp": 1640759168076, "tick_direction": 1, "price": 0.006, "mark_price": 0.00548425, "iv": 67.46, "instrument_name": "BTC-31DEC21-50000-C", "index_price": 47948.28, "direction": "buy", "amount": 0.2}, {"trade_seq": 5733, "trade_id": "196908642", "timestamp": 1640759168076, "tick_direction": 1, "price": 0.006, "mark_price": 0.00548425, "iv": 67.46, "instrument_name": "BTC-31DEC21-50000-C", "index_price": 47948.28, "direction": "buy", "amount": 0.5}, {"trade_seq": 5732, "trade_id": "196908641", "timestamp": 1640759168076, "tick_direction": 0, "price": 0.006, "mark_price": 0.00548425, "iv": 67.46, "instrument_name": "BTC-31DEC21-50000-C", "index_price": 47948.28, "direction": "buy", "amount": 0.3}, {"trade_seq": 5731, "trade_id": "196906637", "timestamp": 1640757684104, "tick_direction": 0, "price": 0.0055, "mark_price": 0.00535134, "iv": 65.23, "instrument_name": "BTC-31DEC21-50000-C", "index_price": 47921.93, "direction": "buy", "amount": 0.3}, {"trade_seq": 5730, "trade_id": "196905830", "timestamp": 1640756639239, "tick_direction": 2, "price": 0.005, "mark_price": 0.0050579, "iv": 65.36, "instrument_name": "BTC-31DEC21-50000-C", "index_price": 47788.83, "direction": "sell", "amount": 2.5}, {"trade_seq": 5729, "trade_id": "196904638", "timestamp": 1640755690714, "tick_direction": 3, "price": 0.0055, "mark_price": 0.0055477, "iv": 66.39, "instrument_name": "BTC-31DEC21-50000-C", "index_price": 47844.62, "direction": "sell", "amount": 0.2}, {"trade_seq": 5728, "trade_id": "196903600", "timestamp": 1640754859006, "tick_direction": 3, "price": 0.0055, "mark_price": 0.00584692, "iv": 65.53, "instrument_name": "BTC-31DEC21-50000-C", "index_price": 47877.86, "direction": "sell", "amount": 0.2}, {"trade_seq": 5727, "trade_id": "196903097", "timestamp": 1640754225780, "tick_direction": 2, "price": 0.0055, "mark_price": 0.00566988, "iv": 66.86, "instrument_name": "BTC-31DEC21-50000-C", "index_price": 47800.48, "direction": "sell", "amount": 0.6}, {"trade_seq": 5726, "trade_id": "196898818", "timestamp": 1640751241563, "tick_direction": 2, "price": 0.006, "mark_price": 0.00622654, "iv": 65.49, "instrument_name": "BTC-31DEC21-50000-C", "index_price": 47952.42, "direction": "sell", "amount": 2.0}, {"trade_seq": 5725, "trade_id": "196898665", "timestamp": 1640751153480, "tick_direction": 1, "price": 0.0065, "mark_price": 0.00633101, "iv": 67.35, "instrument_name": "BTC-31DEC21-50000-C", "index_price": 47988.39, "direction": "sell", "amount": 0.7}, {"trade_seq": 5724, "trade_id": "196898654", "timestamp": 1640751148700, "tick_direction": 1, "price": 0.0065, "mark_price": 0.00637444, "iv": 67.22, "instrument_name": "BTC-31DEC21-50000-C", "index_price": 47994.29, "direction": "sell", "amount": 1.2}, {"trade_seq": 5723, "trade_id": "196898650", "timestamp": 1640751147637, "tick_direction": 1, "price": 0.0065, "mark_price": 0.00638472, "iv": 67.12, "instrument_name": "BTC-31DEC21-50000-C", "index_price": 47999.6, "direction": "sell", "amount": 1.2}, {"trade_seq": 5722, "trade_id": "196898641", "timestamp": 1640751144224, "tick_direction": 0, "price": 0.0065, "mark_price": 0.00640055, "iv": 66.98, "instrument_name": "BTC-31DEC21-50000-C", "index_price": 48007.91, "direction": "sell", "amount": 1.9}, {"trade_seq": 5721, "trade_id": "196895797", "timestamp": 1640748819113, "tick_direction": 3, "price": 0.006, "mark_price": 0.00581402, "iv": 65.76, "instrument_name": "BTC-31DEC21-50000-C", "index_price": 47939.72, "direction": "sell", "amount": 1.0}, {"trade_seq": 5720, "trade_id": "196895796", "timestamp": 1640748819111, "tick_direction": 2, "price": 0.006, "mark_price": 0.00581402, "iv": 65.76, "instrument_name": "BTC-31DEC21-50000-C", "index_price": 47939.72, "direction": "buy", "amount": 5.0}, {"trade_seq": 5719, "trade_id": "196893681", "timestamp": 1640747514246, "tick_direction": 0, "price": 0.0065, "mark_price": 0.00644092, "iv": 64.02, "instrument_name": "BTC-31DEC21-50000-C", "index_price": 48135.04, "direction": "buy", "amount": 0.1}, {"trade_seq": 5718, "trade_id": "196891712", "timestamp": 1640745999200, "tick_direction": 0, "price": 0.006, "mark_price": 0.00588044, "iv": 65.04, "instrument_name": "BTC-31DEC21-50000-C", "index_price": 47945.23, "direction": "buy", "amount": 0.1}, {"trade_seq": 5717, "trade_id": "196891152", "timestamp": 1640745434810, "tick_direction": 3, "price": 0.0055, "mark_price": 0.00563594, "iv": 63.69, "instrument_name": "BTC-31DEC21-50000-C", "index_price": 47894.93, "direction": "buy", "amount": 0.5}, {"trade_seq": 5716, "trade_id": "196890841", "timestamp": 1640744989856, "tick_direction": 2, "price": 0.0055, "mark_price": 0.00568735, "iv": 63.54, "instrument_name": "BTC-31DEC21-50000-C", "index_price": 47908.03, "direction": "sell", "amount": 0.3}, {"trade_seq": 5715, "trade_id": "196889347", "timestamp": 1640743147597, "tick_direction": 3, "price": 0.006, "mark_price": 0.00507884, "iv": 69.11, "instrument_name": "BTC-31DEC21-50000-C", "index_price": 47722.15, "direction": "buy", "amount": 1.0}, {"trade_seq": 5714, "trade_id": "196888797", "timestamp": 1640742310210, "tick_direction": 3, "price": 0.006, "mark_price": 0.00578697, "iv": 66.08, "instrument_name": "BTC-31DEC21-50000-C", "index_price": 47859.01, "direction": "buy", "amount": 2.0}, {"trade_seq": 5713, "trade_id": "196881904", "timestamp": 1640736876547, "tick_direction": 3, "price": 0.006, "mark_price": 0.0060645, "iv": 65.99, "instrument_name": "BTC-31DEC21-50000-C", "index_price": 47812.25, "direction": "buy", "amount": 5.7}, {"trade_seq": 5712, "trade_id": "196879498", "timestamp": 1640735566271, "tick_direction": 3, "price": 0.006, "mark_price": 0.00599558, "iv": 68.59, "instrument_name": "BTC-31DEC21-50000-C", "index_price": 47653.72, "direction": "sell", "amount": 1.9}, {"trade_seq": 5711, "trade_id": "196879369", "timestamp": 1640735397496, "tick_direction": 2, "price": 0.006, "mark_price": 0.0061572, "iv": 67.43, "instrument_name": "BTC-31DEC21-50000-C", "index_price": 47716.21, "direction": "sell", "amount": 0.1}, {"trade_seq": 5710, "trade_id": "196878773", "timestamp": 1640734288516, "tick_direction": 0, "price": 0.0065, "mark_price": 0.00641508, "iv": 68.66, "instrument_name": "BTC-31DEC21-50000-C", "index_price": 47752.68, "direction": "buy", "amount": 0.1}, {"trade_seq": 5709, "trade_id": "196877987", "timestamp": 1640733037122, "tick_direction": 1, "price": 0.006, "mark_price": 0.0059471, "iv": 68.9, "instrument_name": "BTC-31DEC21-50000-C", "index_price": 47600.32, "direction": "sell", "amount": 0.5}, {"trade_seq": 5708, "trade_id": "196877959", "timestamp": 1640733036552, "tick_direction": 1, "price": 0.006, "mark_price": 0.0059471, "iv": 68.85, "instrument_name": "BTC-31DEC21-50000-C", "index_price": 47609.27, "direction": "sell", "amount": 1.5}, {"trade_seq": 5707, "trade_id": "196877909", "timestamp": 1640732997099, "tick_direction": 1, "price": 0.006, "mark_price": 0.00585674, "iv": 69.01, "instrument_name": "BTC-31DEC21-50000-C", "index_price": 47603.3, "direction": "sell", "amount": 1.8}, {"trade_seq": 5706, "trade_id": "196877902", "timestamp": 1640732987522, "tick_direction": 0, "price": 0.006, "mark_price": 0.00590973, "iv": 68.71, "instrument_name": "BTC-31DEC21-50000-C", "index_price": 47620.8, "direction": "sell", "amount": 1.2}, {"trade_seq": 5705, "trade_id": "196876827", "timestamp": 1640732278776, "tick_direction": 3, "price": 0.0055, "mark_price": 0.00596816, "iv": 66.19, "instrument_name": "BTC-31DEC21-50000-C", "index_price": 47650.63, "direction": "sell", "amount": 0.5}, {"trade_seq": 5704, "trade_id": "196876825", "timestamp": 1640732277008, "tick_direction": 3, "price": 0.0055, "mark_price": 0.00596715, "iv": 66.18, "instrument_name": "BTC-31DEC21-50000-C", "index_price": 47651.29, "direction": "sell", "amount": 0.5}, {"trade_seq": 5703, "trade_id": "196876824", "timestamp": 1640732275395, "tick_direction": 3, "price": 0.0055, "mark_price": 0.00597031, "iv": 66.17, "instrument_name": "BTC-31DEC21-50000-C", "index_price": 47650.81, "direction": "sell", "amount": 0.5}, {"trade_seq": 5702, "trade_id": "196876822", "timestamp": 1640732273633, "tick_direction": 2, "price": 0.0055, "mark_price": 0.00597217, "iv": 66.16, "instrument_name": "BTC-31DEC21-50000-C", "index_price": 47651.91, "direction": "sell", "amount": 0.5}, {"trade_seq": 5701, "trade_id": "196876804", "timestamp": 1640732242668, "tick_direction": 0, "price": 0.006, "mark_price": 0.00593427, "iv": 68.56, "instrument_name": "BTC-31DEC21-50000-C", "index_price": 47641.36, "direction": "buy", "amount": 2.3}, {"trade_seq": 5700, "trade_id": "196875878", "timestamp": 1640731795538, "tick_direction": 1, "price": 0.0055, "mark_price": 0.00592909, "iv": 66.6, "instrument_name": "BTC-31DEC21-50000-C", "index_price": 47608.88, "direction": "sell", "amount": 0.5}, {"trade_seq": 5699, "trade_id": "196875535", "timestamp": 1640731509741, "tick_direction": 0, "price": 0.0055, "mark_price": 0.0056038, "iv": 68.49, "instrument_name": "BTC-31DEC21-50000-C", "index_price": 47499.91, "direction": "buy", "amount": 1.0}, {"trade_seq": 5698, "trade_id": "196874777", "timestamp": 1640731012143, "tick_direction": 3, "price": 0.005, "mark_price": 0.00500547, "iv": 68.65, "instrument_name": "BTC-31DEC21-50000-C", "index_price": 47352.36, "direction": "sell", "amount": 3.7}, {"trade_seq": 5697, "trade_id": "196874776", "timestamp": 1640731012143, "tick_direction": 3, "price": 0.005, "mark_price": 0.00500547, "iv": 68.65, "instrument_name": "BTC-31DEC21-50000-C", "index_price": 47352.36, "direction": "sell", "amount": 15.0}, {"trade_seq": 5696, "trade_id": "196874775", "timestamp": 1640731012143, "tick_direction": 3, "price": 0.005, "mark_price": 0.00500547, "iv": 68.65, "instrument_name": "BTC-31DEC21-50000-C", "index_price": 47352.36, "direction": "sell", "amount": 0.2}, {"trade_seq": 5695, "trade_id": "196874774", "timestamp": 1640731012143, "tick_direction": 3, "price": 0.005, "mark_price": 0.00500547, "iv": 68.65, "instrument_name": "BTC-31DEC21-50000-C", "index_price": 47352.36, "direction": "sell", "amount": 0.1}, {"trade_seq": 5694, "trade_id": "196874773", "timestamp": 1640731012143, "tick_direction": 2, "price": 0.005, "mark_price": 0.00500547, "iv": 68.65, "instrument_name": "BTC-31DEC21-50000-C", "index_price": 47352.36, "direction": "sell", "amount": 1.0}, {"trade_seq": 5693, "trade_id": "196871622", "timestamp": 1640728124165, "tick_direction": 3, "price": 0.0065, "mark_price": 0.00642048, "iv": 69.99, "instrument_name": "BTC-31DEC21-50000-C", "index_price": 47616.08, "direction": "sell", "amount": 0.2}, {"trade_seq": 5692, "trade_id": "196871621", "timestamp": 1640728123941, "tick_direction": 2, "price": 0.0065, "mark_price": 0.00642048, "iv": 69.99, "instrument_name": "BTC-31DEC21-50000-C", "index_price": 47623.83, "direction": "sell", "amount": 1.2}, {"trade_seq": 5691, "trade_id": "196870165", "timestamp": 1640726989580, "tick_direction": 0, "price": 0.007, "mark_price": 0.00681913, "iv": 69.23, "instrument_name": "BTC-31DEC21-50000-C", "index_price": 47775.97, "direction": "buy", "amount": 0.1}, {"trade_seq": 5690, "trade_id": "196868116", "timestamp": 1640724931103, "tick_direction": 2, "price": 0.0065, "mark_price": 0.00701776, "iv": 65.81, "instrument_name": "BTC-31DEC21-50000-C", "index_price": 47837.6, "direction": "sell", "amount": 1.0}, {"trade_seq": 5689, "trade_id": "196865553", "timestamp": 1640722936407, "tick_direction": 2, "price": 0.007, "mark_price": 0.00739662, "iv": 66.85, "instrument_name": "BTC-31DEC21-50000-C", "index_price": 47864.95, "direction": "sell", "amount": 0.2}, {"trade_seq": 5688, "trade_id": "196865522", "timestamp": 1640722900516, "tick_direction": 0, "price": 0.0075, "mark_price": 0.00736414, "iv": 69.08, "instrument_name": "BTC-31DEC21-50000-C", "index_price": 47857.82, "direction": "buy", "amount": 1.0}, {"trade_seq": 5687, "trade_id": "196864848", "timestamp": 1640722403367, "tick_direction": 3, "price": 0.0065, "mark_price": 0.00717531, "iv": 67.19, "instrument_name": "BTC-31DEC21-50000-C", "index_price": 47709.61, "direction": "sell", "amount": 0.3}, {"trade_seq": 5686, "trade_id": "196864847", "timestamp": 1640722403367, "tick_direction": 3, "price": 0.0065, "mark_price": 0.00717531, "iv": 67.19, "instrument_name": "BTC-31DEC21-50000-C", "index_price": 47709.61, "direction": "sell", "amount": 11.9}, {"trade_seq": 5685, "trade_id": "196864846", "timestamp": 1640722403367, "tick_direction": 3, "price": 0.0065, "mark_price": 0.00717531, "iv": 67.19, "instrument_name": "BTC-31DEC21-50000-C", "index_price": 47709.61, "direction": "sell", "amount": 22.5}, {"trade_seq": 5684, "trade_id": "196864845", "timestamp": 1640722403367, "tick_direction": 3, "price": 0.0065, "mark_price": 0.00717531, "iv": 67.19, "instrument_name": "BTC-31DEC21-50000-C", "index_price": 47709.61, "direction": "sell", "amount": 0.2}, {"trade_seq": 5683, "trade_id": "196864844", "timestamp": 1640722403367, "tick_direction": 2, "price": 0.0065, "mark_price": 0.00717531, "iv": 67.19, "instrument_name": "BTC-31DEC21-50000-C", "index_price": 47709.61, "direction": "sell", "amount": 0.1}, {"trade_seq": 5682, "trade_id": "196864542", "timestamp": 1640722221452, "tick_direction": 1, "price": 0.0075, "mark_price": 0.00704689, "iv": 71.77, "instrument_name": "BTC-31DEC21-50000-C", "index_price": 47692.34, "direction": "buy", "amount": 1.0}, {"trade_seq": 5681, "trade_id": "196864538", "timestamp": 1640722214949, "tick_direction": 0, "price": 0.0075, "mark_price": 0.00703723, "iv": 71.82, "instrument_name": "BTC-31DEC21-50000-C", "index_price": 47691.98, "direction": "buy", "amount": 3.0}, {"trade_seq": 5680, "trade_id": "196864524", "timestamp": 1640722165465, "tick_direction": 0, "price": 0.007, "mark_price": 0.00706873, "iv": 69.55, "instrument_name": "BTC-31DEC21-50000-C", "index_price": 47693.67, "direction": "sell", "amount": 0.1}, {"trade_seq": 5679, "trade_id": "196858496", "timestamp": 1640718673691, "tick_direction": 3, "price": 0.006, "mark_price": 0.00632421, "iv": 68.79, "instrument_name": "BTC-31DEC21-50000-C", "index_price": 47477.57, "direction": "buy", "amount": 0.1}, {"trade_seq": 5678, "trade_id": "196858484", "timestamp": 1640718667187, "tick_direction": 3, "price": 0.006, "mark_price": 0.00623631, "iv": 69.29, "instrument_name": "BTC-31DEC21-50000-C", "index_price": 47466.29, "direction": "buy", "amount": 5.0}, {"trade_seq": 5677, "trade_id": "196858483", "timestamp": 1640718666554, "tick_direction": 3, "price": 0.006, "mark_price": 0.00620459, "iv": 69.29, "instrument_name": "BTC-31DEC21-50000-C", "index_price": 47466.29, "direction": "buy", "amount": 5.0}, {"trade_seq": 5676, "trade_id": "196858482", "timestamp": 1640718666542, "tick_direction": 3, "price": 0.006, "mark_price": 0.00620459, "iv": 69.29, "instrument_name": "BTC-31DEC21-50000-C", "index_price": 47466.29, "direction": "buy", "amount": 1.7}, {"trade_seq": 5675, "trade_id": "196858481", "timestamp": 1640718666525, "tick_direction": 3, "price": 0.006, "mark_price": 0.00620459, "iv": 69.29, "instrument_name": "BTC-31DEC21-50000-C", "index_price": 47466.29, "direction": "buy", "amount": 2.2}, {"trade_seq": 5674, "trade_id": "196858477", "timestamp": 1640718665261, "tick_direction": 3, "price": 0.006, "mark_price": 0.00619837, "iv": 69.47, "instrument_name": "BTC-31DEC21-50000-C", "index_price": 47442.16, "direction": "buy", "amount": 3.6}, {"trade_seq": 5673, "trade_id": "196858474", "timestamp": 1640718664584, "tick_direction": 3, "price": 0.006, "mark_price": 0.00614372, "iv": 69.62, "instrument_name": "BTC-31DEC21-50000-C", "index_price": 47442.16, "direction": "buy", "amount": 1.6}, {"trade_seq": 5672, "trade_id": "196858473", "timestamp": 1640718664537, "tick_direction": 3, "price": 0.006, "mark_price": 0.00614372, "iv": 69.62, "instrument_name": "BTC-31DEC21-50000-C", "index_price": 47442.16, "direction": "sell", "amount": 3.4}, {"trade_seq": 5671, "trade_id": "196858472", "timestamp": 1640718664537, "tick_direction": 3, "price": 0.006, "mark_price": 0.00614372, "iv": 69.62, "instrument_name": "BTC-31DEC21-50000-C", "index_price": 47442.16, "direction": "sell", "amount": 2.4}, {"trade_seq": 5670, "trade_id": "196857762", "timestamp": 1640718590275, "tick_direction": 3, "price": 0.006, "mark_price": 0.00584815, "iv": 70.84, "instrument_name": "BTC-31DEC21-50000-C", "index_price": 47364.56, "direction": "sell", "amount": 0.7}, {"trade_seq": 5669, "trade_id": "196857750", "timestamp": 1640718589910, "tick_direction": 3, "price": 0.006, "mark_price": 0.00584706, "iv": 70.84, "instrument_name": "BTC-31DEC21-50000-C", "index_price": 47364.56, "direction": "sell", "amount": 0.1}, {"trade_seq": 5668, "trade_id": "196857749", "timestamp": 1640718589889, "tick_direction": 2, "price": 0.006, "mark_price": 0.00584706, "iv": 70.84, "instrument_name": "BTC-31DEC21-50000-C", "index_price": 47371.99, "direction": "sell", "amount": 1.2}, {"trade_seq": 5667, "trade_id": "196854105", "timestamp": 1640717964992, "tick_direction": 0, "price": 0.0075, "mark_price": 0.00732202, "iv": 69.01, "instrument_name": "BTC-31DEC21-50000-C", "index_price": 47809.67, "direction": "buy", "amount": 1.5}, {"trade_seq": 5666, "trade_id": "196853652", "timestamp": 1640717693666, "tick_direction": 2, "price": 0.0065, "mark_price": 0.00687755, "iv": 67.11, "instrument_name": "BTC-31DEC21-50000-C", "index_price": 47708.9, "direction": "sell", "amount": 0.1}, {"trade_seq": 5665, "trade_id": "196851990", "timestamp": 1640716928772, "tick_direction": 3, "price": 0.0075, "mark_price": 0.00742071, "iv": 67.69, "instrument_name": "BTC-31DEC21-50000-C", "index_price": 47884.34, "direction": "buy", "amount": 2.0}, {"trade_seq": 5664, "trade_id": "196851326", "timestamp": 1640716454713, "tick_direction": 3, "price": 0.0075, "mark_price": 0.00833538, "iv": 66.25, "instrument_name": "BTC-31DEC21-50000-C", "index_price": 47947.89, "direction": "sell", "amount": 15.0}, {"trade_seq": 5663, "trade_id": "196851325", "timestamp": 1640716454713, "tick_direction": 3, "price": 0.0075, "mark_price": 0.00833538, "iv": 66.25, "instrument_name": "BTC-31DEC21-50000-C", "index_price": 47947.89, "direction": "sell", "amount": 0.4}, {"trade_seq": 5662, "trade_id": "196851324", "timestamp": 1640716454713, "tick_direction": 3, "price": 0.0075, "mark_price": 0.00833538, "iv": 66.25, "instrument_name": "BTC-31DEC21-50000-C", "index_price": 47947.89, "direction": "sell", "amount": 0.1}, {"trade_seq": 5661, "trade_id": "196851323", "timestamp": 1640716454713, "tick_direction": 3, "price": 0.0075, "mark_price": 0.00833538, "iv": 66.25, "instrument_name": "BTC-31DEC21-50000-C", "index_price": 47947.89, "direction": "sell", "amount": 11.7}, {"trade_seq": 5660, "trade_id": "196851322", "timestamp": 1640716454713, "tick_direction": 3, "price": 0.0075, "mark_price": 0.00833538, "iv": 66.25, "instrument_name": "BTC-31DEC21-50000-C", "index_price": 47947.89, "direction": "sell", "amount": 23.0}, {"trade_seq": 5659, "trade_id": "196851321", "timestamp": 1640716454713, "tick_direction": 2, "price": 0.0075, "mark_price": 0.00833538, "iv": 66.25, "instrument_name": "BTC-31DEC21-50000-C", "index_price": 47947.89, "direction": "sell", "amount": 8.1}, {"trade_seq": 5658, "trade_id": "196851300", "timestamp": 1640716444654, "tick_direction": 3, "price": 0.008, "mark_price": 0.00834011, "iv": 68.16, "instrument_name": "BTC-31DEC21-50000-C", "index_price": 47945.09, "direction": "buy", "amount": 2.0}, {"trade_seq": 5657, "trade_id": "196851299", "timestamp": 1640716444651, "tick_direction": 3, "price": 0.008, "mark_price": 0.00834011, "iv": 68.16, "instrument_name": "BTC-31DEC21-50000-C", "index_price": 47945.09, "direction": "sell", "amount": 4.7}, {"trade_seq": 5656, "trade_id": "196851292", "timestamp": 1640716441384, "tick_direction": 3, "price": 0.008, "mark_price": 0.00833174, "iv": 68.17, "instrument_name": "BTC-31DEC21-50000-C", "index_price": 47944.19, "direction": "sell", "amount": 3.6}, {"trade_seq": 5655, "trade_id": "196851291", "timestamp": 1640716441384, "tick_direction": 3, "price": 0.008, "mark_price": 0.00833174, "iv": 68.17, "instrument_name": "BTC-31DEC21-50000-C", "index_price": 47944.19, "direction": "sell", "amount": 6.0}, {"trade_seq": 5654, "trade_id": "196849160", "timestamp": 1640715066945, "tick_direction": 2, "price": 0.008, "mark_price": 0.00780929, "iv": 70.46, "instrument_name": "BTC-31DEC21-50000-C", "index_price": 47825.61, "direction": "sell", "amount": 0.1}, {"trade_seq": 5653, "trade_id": "196846897", "timestamp": 1640714310744, "tick_direction": 0, "price": 0.0085, "mark_price": 0.00798213, "iv": 70.3, "instrument_name": "BTC-31DEC21-50000-C", "index_price": 47929.57, "direction": "buy", "amount": 0.4}, {"trade_seq": 5652, "trade_id": "196840627", "timestamp": 1640712848191, "tick_direction": 2, "price": 0.0074, "mark_price": 0.00736194, "iv": 66.8, "instrument_name": "BTC-31DEC21-50000-C", "index_price": 47874.14, "direction": "sell", "block_trade_id": "28337", "amount": 200.0}, {"trade_seq": 5651, "trade_id": "196838841", "timestamp": 1640712708780, "tick_direction": 3, "price": 0.0075, "mark_price": 0.00737731, "iv": 66.89, "instrument_name": "BTC-31DEC21-50000-C", "index_price": 47901.74, "direction": "sell", "amount": 0.1}, {"trade_seq": 5650, "trade_id": "196838840", "timestamp": 1640712708780, "tick_direction": 2, "price": 0.0075, "mark_price": 0.00737731, "iv": 66.89, "instrument_name": "BTC-31DEC21-50000-C", "index_price": 47901.74, "direction": "sell", "amount": 1.0}, {"trade_seq": 5649, "trade_id": "196838315", "timestamp": 1640712703141, "tick_direction": 3, "price": 0.008, "mark_price": 0.00802224, "iv": 66.3, "instrument_name": "BTC-31DEC21-50000-C", "index_price": 48010.8, "direction": "sell", "amount": 0.1}, {"trade_seq": 5648, "trade_id": "196838291", "timestamp": 1640712703022, "tick_direction": 2, "price": 0.008, "mark_price": 0.00802224, "iv": 66.3, "instrument_name": "BTC-31DEC21-50000-C", "index_price": 48010.8, "direction": "sell", "amount": 1.9}, {"trade_seq": 5647, "trade_id": "196838005", "timestamp": 1640712653631, "tick_direction": 3, "price": 0.0085, "mark_price": 0.00828039, "iv": 67.03, "instrument_name": "BTC-31DEC21-50000-C", "index_price": 48084.69, "direction": "buy", "amount": 9.3}, {"trade_seq": 5646, "trade_id": "196837993", "timestamp": 1640712639394, "tick_direction": 2, "price": 0.0085, "mark_price": 0.00832917, "iv": 66.81, "instrument_name": "BTC-31DEC21-50000-C", "index_price": 48091.17, "direction": "buy", "amount": 0.1}, {"trade_seq": 5645, "trade_id": "196834344", "timestamp": 1640711569531, "tick_direction": 3, "price": 0.0095, "mark_price": 0.00981967, "iv": 64.31, "instrument_name": "BTC-31DEC21-50000-C", "index_price": 48385.0, "direction": "sell", "amount": 3.3}, {"trade_seq": 5644, "trade_id": "196834343", "timestamp": 1640711569531, "tick_direction": 3, "price": 0.0095, "mark_price": 0.00981967, "iv": 64.31, "instrument_name": "BTC-31DEC21-50000-C", "index_price": 48385.0, "direction": "sell", "amount": 3.5}, {"trade_seq": 5643, "trade_id": "196834342", "timestamp": 1640711569531, "tick_direction": 2, "price": 0.0095, "mark_price": 0.00981967, "iv": 64.31, "instrument_name": "BTC-31DEC21-50000-C", "index_price": 48385.0, "direction": "sell", "amount": 3.2}, {"trade_seq": 5642, "trade_id": "196833307", "timestamp": 1640710900956, "tick_direction": 1, "price": 0.0105, "mark_price": 0.01074022, "iv": 63.91, "instrument_name": "BTC-31DEC21-50000-C", "index_price": 48583.12, "direction": "sell", "amount": 3.9}, {"trade_seq": 5641, "trade_id": "196831460", "timestamp": 1640710247005, "tick_direction": 0, "price": 0.0105, "mark_price": 0.01079841, "iv": 63.2, "instrument_name": "BTC-31DEC21-50000-C", "index_price": 48606.8, "direction": "sell", "amount": 0.1}, {"trade_seq": 5640, "trade_id": "196827833", "timestamp": 1640709125923, "tick_direction": 0, "price": 0.01, "mark_price": 0.01024126, "iv": 64.48, "instrument_name": "BTC-31DEC21-50000-C", "index_price": 48450.77, "direction": "buy", "amount": 1.0}, {"trade_seq": 5639, "trade_id": "196825317", "timestamp": 1640708873742, "tick_direction": 2, "price": 0.009, "mark_price": 0.00919806, "iv": 65.59, "instrument_name": "BTC-31DEC21-50000-C", "index_price": 48194.56, "direction": "sell", "amount": 0.1}, {"trade_seq": 5638, "trade_id": "196824525", "timestamp": 1640708785122, "tick_direction": 3, "price": 0.01, "mark_price": 0.01042965, "iv": 64.88, "instrument_name": "BTC-31DEC21-50000-C", "index_price": 48418.15, "direction": "sell", "amount": 0.1}, {"trade_seq": 5637, "trade_id": "196823425", "timestamp": 1640708661709, "tick_direction": 3, "price": 0.01, "mark_price": 0.0096134, "iv": 67.93, "instrument_name": "BTC-31DEC21-50000-C", "index_price": 48271.96, "direction": "sell", "amount": 0.9}, {"trade_seq": 5636, "trade_id": "196823424", "timestamp": 1640708661709, "tick_direction": 3, "price": 0.01, "mark_price": 0.0096134, "iv": 67.93, "instrument_name": "BTC-31DEC21-50000-C", "index_price": 48271.96, "direction": "sell", "amount": 0.9}, {"trade_seq": 5635, "trade_id": "196823395", "timestamp": 1640708660938, "tick_direction": 3, "price": 0.01, "mark_price": 0.00961357, "iv": 67.72, "instrument_name": "BTC-31DEC21-50000-C", "index_price": 48273.68, "direction": "sell", "amount": 1.1}, {"trade_seq": 5634, "trade_id": "196823389", "timestamp": 1640708660861, "tick_direction": 3, "price": 0.01, "mark_price": 0.00961357, "iv": 67.72, "instrument_name": "BTC-31DEC21-50000-C", "index_price": 48273.68, "direction": "sell", "amount": 0.1}, {"trade_seq": 5633, "trade_id": "196823386", "timestamp": 1640708660822, "tick_direction": 3, "price": 0.01, "mark_price": 0.00961357, "iv": 67.72, "instrument_name": "BTC-31DEC21-50000-C", "index_price": 48273.68, "direction": "sell", "amount": 3.4}, {"trade_seq": 5632, "trade_id": "196823385", "timestamp": 1640708660822, "tick_direction": 2, "price": 0.01, "mark_price": 0.00961357, "iv": 67.72, "instrument_name": "BTC-31DEC21-50000-C", "index_price": 48273.68, "direction": "sell", "amount": 2.0}, {"trade_seq": 5631, "trade_id": "196822749", "timestamp": 1640708600379, "tick_direction": 2, "price": 0.0105, "mark_price": 0.01031458, "iv": 66.68, "instrument_name": "BTC-31DEC21-50000-C", "index_price": 48424.19, "direction": "sell", "amount": 0.1}, {"trade_seq": 5630, "trade_id": "196821283", "timestamp": 1640708192366, "tick_direction": 3, "price": 0.011, "mark_price": 0.01150426, "iv": 64.07, "instrument_name": "BTC-31DEC21-50000-C", "index_price": 48617.12, "direction": "sell", "amount": 1.9}, {"trade_seq": 5629, "trade_id": "196821282", "timestamp": 1640708192366, "tick_direction": 2, "price": 0.011, "mark_price": 0.01150426, "iv": 64.07, "instrument_name": "BTC-31DEC21-50000-C", "index_price": 48617.12, "direction": "sell", "amount": 0.1}, {"trade_seq": 5628, "trade_id": "196820192", "timestamp": 1640707984937, "tick_direction": 3, "price": 0.0115, "mark_price": 0.01156311, "iv": 65.85, "instrument_name": "BTC-31DEC21-50000-C", "index_price": 48608.58, "direction": "sell", "amount": 1.1}, {"trade_seq": 5627, "trade_id": "196820171", "timestamp": 1640707984574, "tick_direction": 2, "price": 0.0115, "mark_price": 0.01156311, "iv": 65.85, "instrument_name": "BTC-31DEC21-50000-C", "index_price": 48608.58, "direction": "sell", "amount": 5.9}, {"trade_seq": 5626, "trade_id": "196816260", "timestamp": 1640706906655, "tick_direction": 2, "price": 0.0135, "mark_price": 0.01372269, "iv": 64.06, "instrument_name": "BTC-31DEC21-50000-C", "index_price": 48979.5, "direction": "buy", "amount": 0.3}, {"trade_seq": 5625, "trade_id": "196813144", "timestamp": 1640705477721, "tick_direction": 1, "price": 0.0145, "mark_price": 0.01457148, "iv": 63.84, "instrument_name": "BTC-31DEC21-50000-C", "index_price": 49104.29, "direction": "buy", "amount": 0.6}, {"trade_seq": 5624, "trade_id": "196813132", "timestamp": 1640705475060, "tick_direction": 1, "price": 0.0145, "mark_price": 0.01457866, "iv": 63.86, "instrument_name": "BTC-31DEC21-50000-C", "index_price": 49102.68, "direction": "buy", "amount": 5.0}, {"trade_seq": 5623, "trade_id": "196813102", "timestamp": 1640705466302, "tick_direction": 1, "price": 0.0145, "mark_price": 0.01458636, "iv": 63.84, "instrument_name": "BTC-31DEC21-50000-C", "index_price": 49098.78, "direction": "buy", "amount": 2.6}, {"trade_seq": 5622, "trade_id": "196813076", "timestamp": 1640705456971, "tick_direction": 1, "price": 0.0145, "mark_price": 0.01446421, "iv": 64.28, "instrument_name": "BTC-31DEC21-50000-C", "index_price": 49088.48, "direction": "buy", "amount": 0.4}, {"trade_seq": 5621, "trade_id": "196813074", "timestamp": 1640705456832, "tick_direction": 0, "price": 0.0145, "mark_price": 0.01446421, "iv": 64.28, "instrument_name": "BTC-31DEC21-50000-C", "index_price": 49088.48, "direction": "buy", "amount": 1.4}, {"trade_seq": 5620, "trade_id": "196812108", "timestamp": 1640704930410, "tick_direction": 1, "price": 0.014, "mark_price": 0.01399232, "iv": 64.51, "instrument_name": "BTC-31DEC21-50000-C", "index_price": 49021.3, "direction": "buy", "amount": 6.3}, {"trade_seq": 5619, "trade_id": "196811976", "timestamp": 1640704865830, "tick_direction": 1, "price": 0.014, "mark_price": 0.01390271, "iv": 64.94, "instrument_name": "BTC-31DEC21-50000-C", "index_price": 48992.45, "direction": "buy", "amount": 1.0}, {"trade_seq": 5618, "trade_id": "196811965", "timestamp": 1640704864494, "tick_direction": 0, "price": 0.014, "mark_price": 0.01382279, "iv": 65.15, "instrument_name": "BTC-31DEC21-50000-C", "index_price": 48982.42, "direction": "buy", "amount": 2.7}, {"trade_seq": 5617, "trade_id": "196811328", "timestamp": 1640704767507, "tick_direction": 2, "price": 0.0135, "mark_price": 0.01362954, "iv": 64.25, "instrument_name": "BTC-31DEC21-50000-C", "index_price": 48946.2, "direction": "sell", "amount": 2.6}, {"trade_seq": 5616, "trade_id": "196809219", "timestamp": 1640704439386, "tick_direction": 3, "price": 0.014, "mark_price": 0.0141743, "iv": 64.2, "instrument_name": "BTC-31DEC21-50000-C", "index_price": 49017.7, "direction": "buy", "amount": 2.9}, {"trade_seq": 5615, "trade_id": "196809218", "timestamp": 1640704439382, "tick_direction": 2, "price": 0.014, "mark_price": 0.0141743, "iv": 64.2, "instrument_name": "BTC-31DEC21-50000-C", "index_price": 49017.7, "direction": "sell", "amount": 2.1}, {"trade_seq": 5614, "trade_id": "196804750", "timestamp": 1640703457971, "tick_direction": 1, "price": 0.0145, "mark_price": 0.01458262, "iv": 64.77, "instrument_name": "BTC-31DEC21-50000-C", "index_price": 49068.2, "direction": "buy", "amount": 0.8}, {"trade_seq": 5613, "trade_id": "196804749", "timestamp": 1640703457939, "tick_direction": 1, "price": 0.0145, "mark_price": 0.0145711, "iv": 64.77, "instrument_name": "BTC-31DEC21-50000-C", "index_price": 49068.2, "direction": "buy", "amount": 0.6}, {"trade_seq": 5612, "trade_id": "196804746", "timestamp": 1640703457916, "tick_direction": 1, "price": 0.0145, "mark_price": 0.0145711, "iv": 64.77, "instrument_name": "BTC-31DEC21-50000-C", "index_price": 49068.2, "direction": "buy", "amount": 0.8}, {"trade_seq": 5611, "trade_id": "196804737", "timestamp": 1640703457810, "tick_direction": 0, "price": 0.0145, "mark_price": 0.0145711, "iv": 64.77, "instrument_name": "BTC-31DEC21-50000-C", "index_price": 49062.87, "direction": "buy", "amount": 19.2}, {"trade_seq": 5610, "trade_id": "196804711", "timestamp": 1640703449410, "tick_direction": 0, "price": 0.014, "mark_price": 0.01458023, "iv": 63.29, "instrument_name": "BTC-31DEC21-50000-C", "index_price": 49054.67, "direction": "sell", "amount": 1.0}, {"trade_seq": 5609, "trade_id": "196803955", "timestamp": 1640703146260, "tick_direction": 1, "price": 0.0135, "mark_price": 0.01344012, "iv": 65.24, "instrument_name": "BTC-31DEC21-50000-C", "index_price": 48895.37, "direction": "buy", "amount": 0.1}, {"trade_seq": 5608, "trade_id": "196803636", "timestamp": 1640703070681, "tick_direction": 0, "price": 0.0135, "mark_price": 0.01355606, "iv": 65.57, "instrument_name": "BTC-31DEC21-50000-C", "index_price": 48887.81, "direction": "sell", "amount": 0.6}, {"trade_seq": 5607, "trade_id": "196799658", "timestamp": 1640702417533, "tick_direction": 1, "price": 0.0125, "mark_price": 0.01222527, "iv": 66.37, "instrument_name": "BTC-31DEC21-50000-C", "index_price": 48688.47, "direction": "buy", "amount": 0.9}, {"trade_seq": 5606, "trade_id": "196799655", "timestamp": 1640702417439, "tick_direction": 1, "price": 0.0125, "mark_price": 0.0119812, "iv": 66.37, "instrument_name": "BTC-31DEC21-50000-C", "index_price": 48688.47, "direction": "buy", "amount": 0.1}, {"trade_seq": 5605, "trade_id": "196799652", "timestamp": 1640702417379, "tick_direction": 0, "price": 0.0125, "mark_price": 0.0119812, "iv": 66.37, "instrument_name": "BTC-31DEC21-50000-C", "index_price": 48688.47, "direction": "buy", "amount": 1.7}, {"trade_seq": 5604, "trade_id": "196796508", "timestamp": 1640702354798, "tick_direction": 2, "price": 0.011, "mark_price": 0.01031355, "iv": 67.49, "instrument_name": "BTC-31DEC21-50000-C", "index_price": 48458.49, "direction": "sell", "amount": 0.3}, {"trade_seq": 5603, "trade_id": "196796020", "timestamp": 1640702348909, "tick_direction": 2, "price": 0.012, "mark_price": 0.01170701, "iv": 66.14, "instrument_name": "BTC-31DEC21-50000-C", "index_price": 48638.08, "direction": "sell", "amount": 2.0}, {"trade_seq": 5602, "trade_id": "196794437", "timestamp": 1640702165679, "tick_direction": 3, "price": 0.0135, "mark_price": 0.01362911, "iv": 64.59, "instrument_name": "BTC-31DEC21-50000-C", "index_price": 48940.19, "direction": "sell", "amount": 0.5}, {"trade_seq": 5601, "trade_id": "196792213", "timestamp": 1640701154398, "tick_direction": 3, "price": 0.0135, "mark_price": 0.0141489, "iv": 63.3, "instrument_name": "BTC-31DEC21-50000-C", "index_price": 48978.47, "direction": "sell", "amount": 5.0}, {"trade_seq": 5600, "trade_id": "196792212", "timestamp": 1640701154398, "tick_direction": 3, "price": 0.0135, "mark_price": 0.0141489, "iv": 63.3, "instrument_name": "BTC-31DEC21-50000-C", "index_price": 48978.47, "direction": "sell", "amount": 2.9}, {"trade_seq": 5599, "trade_id": "196792211", "timestamp": 1640701154398, "tick_direction": 2, "price": 0.0135, "mark_price": 0.0141489, "iv": 63.3, "instrument_name": "BTC-31DEC21-50000-C", "index_price": 48978.47, "direction": "sell", "amount": 2.1}, {"trade_seq": 5598, "trade_id": "196785630", "timestamp": 1640698472638, "tick_direction": 2, "price": 0.015, "mark_price": 0.01506644, "iv": 65.15, "instrument_name": "BTC-31DEC21-50000-C", "index_price": 49108.7, "direction": "sell", "amount": 4.3}, {"trade_seq": 5597, "trade_id": "196780283", "timestamp": 1640695473124, "tick_direction": 1, "price": 0.016, "mark_price": 0.01618863, "iv": 63.97, "instrument_name": "BTC-31DEC21-50000-C", "index_price": 49261.14, "direction": "sell", "amount": 2.1}, {"trade_seq": 5596, "trade_id": "196780276", "timestamp": 1640695462829, "tick_direction": 1, "price": 0.016, "mark_price": 0.01617828, "iv": 63.98, "instrument_name": "BTC-31DEC21-50000-C", "index_price": 49262.14, "direction": "sell", "amount": 2.0}, {"trade_seq": 5595, "trade_id": "196777901", "timestamp": 1640693738446, "tick_direction": 1, "price": 0.016, "mark_price": 0.01568733, "iv": 65.41, "instrument_name": "BTC-31DEC21-50000-C", "index_price": 49193.8, "direction": "buy", "amount": 0.1}, {"trade_seq": 5594, "trade_id": "196777900", "timestamp": 1640693738446, "tick_direction": 1, "price": 0.016, "mark_price": 0.01568733, "iv": 65.41, "instrument_name": "BTC-31DEC21-50000-C", "index_price": 49193.8, "direction": "buy", "amount": 0.2}, {"trade_seq": 5593, "trade_id": "196777899", "timestamp": 1640693738437, "tick_direction": 0, "price": 0.016, "mark_price": 0.01568733, "iv": 65.41, "instrument_name": "BTC-31DEC21-50000-C", "index_price": 49193.8, "direction": "buy", "amount": 0.8}, {"trade_seq": 5592, "trade_id": "196777665", "timestamp": 1640693543057, "tick_direction": 2, "price": 0.0155, "mark_price": 0.01520607, "iv": 65.39, "instrument_name": "BTC-31DEC21-50000-C", "index_price": 49126.09, "direction": "buy", "amount": 0.1}, {"trade_seq": 5591, "trade_id": "196777291", "timestamp": 1640693088881, "tick_direction": 1, "price": 0.016, "mark_price": 0.01569127, "iv": 65.22, "instrument_name": "BTC-31DEC21-50000-C", "index_price": 49198.0, "direction": "buy", "amount": 0.1}, {"trade_seq": 5590, "trade_id": "196777280", "timestamp": 1640693067966, "tick_direction": 0, "price": 0.016, "mark_price": 0.01562928, "iv": 65.39, "instrument_name": "BTC-31DEC21-50000-C", "index_price": 49191.53, "direction": "buy", "amount": 0.1}, {"trade_seq": 5589, "trade_id": "196777210", "timestamp": 1640693038866, "tick_direction": 2, "price": 0.0155, "mark_price": 0.01548568, "iv": 64.34, "instrument_name": "BTC-31DEC21-50000-C", "index_price": 49170.03, "direction": "buy", "amount": 0.2}, {"trade_seq": 5588, "trade_id": "196775928", "timestamp": 1640692105062, "tick_direction": 1, "price": 0.016, "mark_price": 0.01534905, "iv": 65.29, "instrument_name": "BTC-31DEC21-50000-C", "index_price": 49182.09, "direction": "sell", "amount": 2.9}, {"trade_seq": 5587, "trade_id": "196775926", "timestamp": 1640692105057, "tick_direction": 1, "price": 0.016, "mark_price": 0.01534905, "iv": 65.29, "instrument_name": "BTC-31DEC21-50000-C", "index_price": 49182.09, "direction": "sell", "amount": 9.6}, {"trade_seq": 5586, "trade_id": "196775925", "timestamp": 1640692105055, "tick_direction": 1, "price": 0.016, "mark_price": 0.01534905, "iv": 65.29, "instrument_name": "BTC-31DEC21-50000-C", "index_price": 49182.09, "direction": "sell", "amount": 18.8}, {"trade_seq": 5585, "trade_id": "196775924", "timestamp": 1640692105053, "tick_direction": 1, "price": 0.016, "mark_price": 0.01534905, "iv": 65.29, "instrument_name": "BTC-31DEC21-50000-C", "index_price": 49182.09, "direction": "sell", "amount": 5.8}, {"trade_seq": 5584, "trade_id": "196775923", "timestamp": 1640692105049, "tick_direction": 1, "price": 0.016, "mark_price": 0.01534905, "iv": 65.29, "instrument_name": "BTC-31DEC21-50000-C", "index_price": 49182.09, "direction": "buy", "amount": 0.4}, {"trade_seq": 5583, "trade_id": "196775922", "timestamp": 1640692105049, "tick_direction": 1, "price": 0.016, "mark_price": 0.01534905, "iv": 65.29, "instrument_name": "BTC-31DEC21-50000-C", "index_price": 49182.09, "direction": "buy", "amount": 9.9}, {"trade_seq": 5582, "trade_id": "196775921", "timestamp": 1640692105049, "tick_direction": 1, "price": 0.016, "mark_price": 0.01534905, "iv": 65.29, "instrument_name": "BTC-31DEC21-50000-C", "index_price": 49182.09, "direction": "buy", "amount": 0.1}, {"trade_seq": 5581, "trade_id": "196775920", "timestamp": 1640692105049, "tick_direction": 1, "price": 0.016, "mark_price": 0.01534905, "iv": 65.29, "instrument_name": "BTC-31DEC21-50000-C", "index_price": 49182.09, "direction": "buy", "amount": 1.7}, {"trade_seq": 5580, "trade_id": "196775869", "timestamp": 1640692092199, "tick_direction": 1, "price": 0.016, "mark_price": 0.01534958, "iv": 65.29, "instrument_name": "BTC-31DEC21-50000-C", "index_price": 49182.08, "direction": "sell", "amount": 11.5}, {"trade_seq": 5579, "trade_id": "196775868", "timestamp": 1640692092198, "tick_direction": 1, "price": 0.016, "mark_price": 0.01534958, "iv": 65.29, "instrument_name": "BTC-31DEC21-50000-C", "index_price": 49182.08, "direction": "sell", "amount": 6.2}, {"trade_seq": 5578, "trade_id": "196775867", "timestamp": 1640692092195, "tick_direction": 1, "price": 0.016, "mark_price": 0.01534958, "iv": 65.29, "instrument_name": "BTC-31DEC21-50000-C", "index_price": 49182.08, "direction": "buy", "amount": 12.8}, {"trade_seq": 5577, "trade_id": "196775866", "timestamp": 1640692092195, "tick_direction": 1, "price": 0.016, "mark_price": 0.01534958, "iv": 65.29, "instrument_name": "BTC-31DEC21-50000-C", "index_price": 49182.08, "direction": "buy", "amount": 0.4}, {"trade_seq": 5576, "trade_id": "196775865", "timestamp": 1640692092195, "tick_direction": 1, "price": 0.016, "mark_price": 0.01534958, "iv": 65.29, "instrument_name": "BTC-31DEC21-50000-C", "index_price": 49182.08, "direction": "buy", "amount": 0.2}, {"trade_seq": 5575, "trade_id": "196775864", "timestamp": 1640692092195, "tick_direction": 1, "price": 0.016, "mark_price": 0.01534958, "iv": 65.29, "instrument_name": "BTC-31DEC21-50000-C", "index_price": 49182.08, "direction": "buy", "amount": 2.5}, {"trade_seq": 5574, "trade_id": "196775863", "timestamp": 1640692092195, "tick_direction": 1, "price": 0.016, "mark_price": 0.01534958, "iv": 65.29, "instrument_name": "BTC-31DEC21-50000-C", "index_price": 49182.08, "direction": "buy", "amount": 5.6}, {"trade_seq": 5573, "trade_id": "196775862", "timestamp": 1640692092195, "tick_direction": 1, "price": 0.016, "mark_price": 0.01534958, "iv": 65.29, "instrument_name": "BTC-31DEC21-50000-C", "index_price": 49182.08, "direction": "buy", "amount": 18.8}, {"trade_seq": 5572, "trade_id": "196775861", "timestamp": 1640692092195, "tick_direction": 0, "price": 0.016, "mark_price": 0.01534958, "iv": 65.29, "instrument_name": "BTC-31DEC21-50000-C", "index_price": 49182.08, "direction": "buy", "amount": 2.0}, {"trade_seq": 5571, "trade_id": "196775852", "timestamp": 1640692081187, "tick_direction": 0, "price": 0.0155, "mark_price": 0.01533558, "iv": 63.82, "instrument_name": "BTC-31DEC21-50000-C", "index_price": 49182.1, "direction": "sell", "amount": 1.7}, {"trade_seq": 5570, "trade_id": "196773010", "timestamp": 1640689708541, "tick_direction": 3, "price": 0.014, "mark_price": 0.01436578, "iv": 64.07, "instrument_name": "BTC-31DEC21-50000-C", "index_price": 48964.85, "direction": "sell", "amount": 3.2}, {"trade_seq": 5569, "trade_id": "196773009", "timestamp": 1640689708541, "tick_direction": 2, "price": 0.014, "mark_price": 0.01436578, "iv": 64.07, "instrument_name": "BTC-31DEC21-50000-C", "index_price": 48964.85, "direction": "sell", "amount": 0.1}, {"trade_seq": 5568, "trade_id": "196773004", "timestamp": 1640689707563, "tick_direction": 3, "price": 0.0145, "mark_price": 0.01438136, "iv": 65.27, "instrument_name": "BTC-31DEC21-50000-C", "index_price": 48975.15, "direction": "sell", "amount": 1.3}, {"trade_seq": 5567, "trade_id": "196773003", "timestamp": 1640689707548, "tick_direction": 3, "price": 0.0145, "mark_price": 0.01438136, "iv": 65.27, "instrument_name": "BTC-31DEC21-50000-C", "index_price": 48975.15, "direction": "sell", "amount": 18.6}, {"trade_seq": 5566, "trade_id": "196772999", "timestamp": 1640689707087, "tick_direction": 3, "price": 0.0145, "mark_price": 0.01438136, "iv": 65.27, "instrument_name": "BTC-31DEC21-50000-C", "index_price": 48975.15, "direction": "sell", "amount": 0.4}, {"trade_seq": 5565, "trade_id": "196772937", "timestamp": 1640689706302, "tick_direction": 3, "price": 0.0145, "mark_price": 0.01437988, "iv": 65.22, "instrument_name": "BTC-31DEC21-50000-C", "index_price": 48977.24, "direction": "sell", "amount": 6.4}, {"trade_seq": 5564, "trade_id": "196772936", "timestamp": 1640689706300, "tick_direction": 3, "price": 0.0145, "mark_price": 0.01437988, "iv": 65.22, "instrument_name": "BTC-31DEC21-50000-C", "index_price": 48977.24, "direction": "sell", "amount": 25.0}, {"trade_seq": 5563, "trade_id": "196772934", "timestamp": 1640689705940, "tick_direction": 3, "price": 0.0145, "mark_price": 0.01437988, "iv": 65.22, "instrument_name": "BTC-31DEC21-50000-C", "index_price": 48977.24, "direction": "sell", "amount": 1.8}, {"trade_seq": 5562, "trade_id": "196772912", "timestamp": 1640689698734, "tick_direction": 3, "price": 0.0145, "mark_price": 0.01449973, "iv": 64.84, "instrument_name": "BTC-31DEC21-50000-C", "index_price": 48998.26, "direction": "sell", "amount": 0.4}, {"trade_seq": 5561, "trade_id": "196772834", "timestamp": 1640689637171, "tick_direction": 3, "price": 0.0145, "mark_price": 0.01445835, "iv": 64.8, "instrument_name": "BTC-31DEC21-50000-C", "index_price": 49005.26, "direction": "sell", "amount": 0.4}, {"trade_seq": 5560, "trade_id": "196772818", "timestamp": 1640689616846, "tick_direction": 3, "price": 0.0145, "mark_price": 0.01446579, "iv": 64.65, "instrument_name": "BTC-31DEC21-50000-C", "index_price": 49014.96, "direction": "sell", "amount": 0.4}, {"trade_seq": 5559, "trade_id": "196772794", "timestamp": 1640689585018, "tick_direction": 3, "price": 0.0145, "mark_price": 0.01445662, "iv": 64.58, "instrument_name": "BTC-31DEC21-50000-C", "index_price": 49015.12, "direction": "sell", "amount": 4.0}, {"trade_seq": 5558, "trade_id": "196772776", "timestamp": 1640689569920, "tick_direction": 3, "price": 0.0145, "mark_price": 0.01445025, "iv": 64.54, "instrument_name": "BTC-31DEC21-50000-C", "index_price": 49017.79, "direction": "sell", "amount": 0.4}