{"trades": [{"trade_seq": 439, "trade_id": "136730142", "timestamp": 1616006602045, "tick_direction": 3, "price": 0.0005, "mark_price": 2.402e-05, "iv": 181.43, "instrument_name": "BTC-26MAR21-120000-C", "index_price": 57294.27, "direction": "buy", "amount": 28.0}, {"trade_seq": 438, "trade_id": "136730141", "timestamp": 1616006602045, "tick_direction": 3, "price": 0.0005, "mark_price": 2.402e-05, "iv": 181.43, "instrument_name": "BTC-26MAR21-120000-C", "index_price": 57294.27, "direction": "buy", "amount": 2.0}, {"trade_seq": 437, "trade_id": "136186031", "timestamp": 1615823743125, "tick_direction": 3, "price": 0.0005, "mark_price": 0.00071771, "iv": 165.85, "instrument_name": "BTC-26MAR21-120000-C", "index_price": 56188.25, "direction": "sell", "amount": 29.0}, {"trade_seq": 436, "trade_id": "136160072", "timestamp": 1615819585635, "tick_direction": 3, "price": 0.0005, "mark_price": 0.00071563, "iv": 162.71, "instrument_name": "BTC-26MAR21-120000-C", "index_price": 57031.55, "direction": "sell", "amount": 0.5}, {"trade_seq": 435, "trade_id": "136127145", "timestamp": 1615813808798, "tick_direction": 3, "price": 0.0005, "mark_price": 0.00073317, "iv": 163.41, "instrument_name": "BTC-26MAR21-120000-C", "index_price": 56639.21, "direction": "sell", "amount": 16.1}, {"trade_seq": 434, "trade_id": "135986127", "timestamp": 1615796957527, "tick_direction": 3, "price": 0.0005, "mark_price": 0.00013236, "iv": 156.53, "instrument_name": "BTC-26MAR21-120000-C", "index_price": 58282.81, "direction": "sell", "amount": 1.3}, {"trade_seq": 433, "trade_id": "135980386", "timestamp": 1615795868326, "tick_direction": 3, "price": 0.0005, "mark_price": 7.253e-05, "iv": 156.77, "instrument_name": "BTC-26MAR21-120000-C", "index_price": 58215.92, "direction": "sell", "amount": 1.3}, {"trade_seq": 432, "trade_id": "135766613", "timestamp": 1615721706179, "tick_direction": 3, "price": 0.0005, "mark_price": 0.00071811, "iv": 144.43, "instrument_name": "BTC-26MAR21-120000-C", "index_price": 59848.37, "direction": "sell", "amount": 10.0}, {"trade_seq": 431, "trade_id": "135766601", "timestamp": 1615721704227, "tick_direction": 3, "price": 0.0005, "mark_price": 0.00071839, "iv": 144.42, "instrument_name": "BTC-26MAR21-120000-C", "index_price": 59845.43, "direction": "sell", "amount": 10.0}, {"trade_seq": 430, "trade_id": "135766589", "timestamp": 1615721702552, "tick_direction": 3, "price": 0.0005, "mark_price": 0.00071839, "iv": 144.42, "instrument_name": "BTC-26MAR21-120000-C", "index_price": 59847.11, "direction": "sell", "amount": 10.0}, {"trade_seq": 429, "trade_id": "135766575", "timestamp": 1615721681721, "tick_direction": 2, "price": 0.0005, "mark_price": 0.00072, "iv": 144.39, "instrument_name": "BTC-26MAR21-120000-C", "index_price": 59849.5, "direction": "sell", "amount": 30.0}, {"trade_seq": 428, "trade_id": "135701005", "timestamp": 1615686566758, "tick_direction": 3, "price": 0.001, "mark_price": 0.00073229, "iv": 149.18, "instrument_name": "BTC-26MAR21-120000-C", "index_price": 61144.66, "direction": "buy", "amount": 40.0}, {"trade_seq": 427, "trade_id": "135589845", "timestamp": 1615647587985, "tick_direction": 3, "price": 0.001, "mark_price": 0.00091351, "iv": 150.36, "instrument_name": "BTC-26MAR21-120000-C", "index_price": 59792.81, "direction": "buy", "amount": 0.1}, {"trade_seq": 426, "trade_id": "135589630", "timestamp": 1615647558375, "tick_direction": 3, "price": 0.001, "mark_price": 0.00090768, "iv": 150.39, "instrument_name": "BTC-26MAR21-120000-C", "index_price": 59781.44, "direction": "sell", "amount": 0.4}, {"trade_seq": 425, "trade_id": "135532416", "timestamp": 1615634201997, "tick_direction": 3, "price": 0.001, "mark_price": 0.00028364, "iv": 150.32, "instrument_name": "BTC-26MAR21-120000-C", "index_price": 59654.23, "direction": "buy", "amount": 1.2}, {"trade_seq": 424, "trade_id": "135531708", "timestamp": 1615633979346, "tick_direction": 3, "price": 0.001, "mark_price": 0.000269, "iv": 150.57, "instrument_name": "BTC-26MAR21-120000-C", "index_price": 59570.23, "direction": "buy", "amount": 0.1}, {"trade_seq": 423, "trade_id": "135531707", "timestamp": 1615633979167, "tick_direction": 3, "price": 0.001, "mark_price": 0.000269, "iv": 150.57, "instrument_name": "BTC-26MAR21-120000-C", "index_price": 59570.23, "direction": "buy", "amount": 0.1}, {"trade_seq": 422, "trade_id": "135531706", "timestamp": 1615633978950, "tick_direction": 3, "price": 0.001, "mark_price": 0.000269, "iv": 150.57, "instrument_name": "BTC-26MAR21-120000-C", "index_price": 59570.23, "direction": "buy", "amount": 0.2}, {"trade_seq": 421, "trade_id": "135531705", "timestamp": 1615633978716, "tick_direction": 2, "price": 0.001, "mark_price": 0.000269, "iv": 150.55, "instrument_name": "BTC-26MAR21-120000-C", "index_price": 59568.72, "direction": "buy", "amount": 0.5}, {"trade_seq": 420, "trade_id": "135512043", "timestamp": 1615631164503, "tick_direction": 0, "price": 0.0015, "mark_price": 0.00025118, "iv": 158.41, "instrument_name": "BTC-26MAR21-120000-C", "index_price": 59410.02, "direction": "buy", "amount": 2.1}, {"trade_seq": 419, "trade_id": "135439186", "timestamp": 1615600078078, "tick_direction": 2, "price": 0.001, "mark_price": 0.00089176, "iv": 159.81, "instrument_name": "BTC-26MAR21-120000-C", "index_price": 56231.77, "direction": "sell", "amount": 10.0}, {"trade_seq": 418, "trade_id": "135350403", "timestamp": 1615566152690, "tick_direction": 0, "price": 0.0015, "mark_price": 0.00069291, "iv": 161.5, "instrument_name": "BTC-26MAR21-120000-C", "index_price": 57378.35, "direction": "buy", "amount": 0.1}, {"trade_seq": 417, "trade_id": "135318700", "timestamp": 1615559649101, "tick_direction": 2, "price": 0.0005, "mark_price": 0.0008998, "iv": 146.03, "instrument_name": "BTC-26MAR21-120000-C", "index_price": 56052.57, "direction": "sell", "amount": 29.0}, {"trade_seq": 416, "trade_id": "135315862", "timestamp": 1615558863255, "tick_direction": 3, "price": 0.001, "mark_price": 0.00077956, "iv": 158.95, "instrument_name": "BTC-26MAR21-120000-C", "index_price": 55639.97, "direction": "sell", "amount": 17.0}, {"trade_seq": 415, "trade_id": "135315861", "timestamp": 1615558863254, "tick_direction": 3, "price": 0.001, "mark_price": 0.00077956, "iv": 158.95, "instrument_name": "BTC-26MAR21-120000-C", "index_price": 55639.97, "direction": "sell", "amount": 23.0}, {"trade_seq": 414, "trade_id": "135315403", "timestamp": 1615558644184, "tick_direction": 3, "price": 0.001, "mark_price": 0.00070702, "iv": 159.35, "instrument_name": "BTC-26MAR21-120000-C", "index_price": 55502.61, "direction": "sell", "amount": 19.5}, {"trade_seq": 413, "trade_id": "135315402", "timestamp": 1615558644182, "tick_direction": 3, "price": 0.001, "mark_price": 0.00070702, "iv": 159.35, "instrument_name": "BTC-26MAR21-120000-C", "index_price": 55502.61, "direction": "buy", "amount": 0.5}, {"trade_seq": 412, "trade_id": "135277068", "timestamp": 1615550666228, "tick_direction": 3, "price": 0.001, "mark_price": 0.00121215, "iv": 155.88, "instrument_name": "BTC-26MAR21-120000-C", "index_price": 56352.93, "direction": "sell", "amount": 29.2}, {"trade_seq": 411, "trade_id": "135251982", "timestamp": 1615541973117, "tick_direction": 3, "price": 0.001, "mark_price": 0.00122185, "iv": 154.8, "instrument_name": "BTC-26MAR21-120000-C", "index_price": 56564.13, "direction": "sell", "amount": 30.0}, {"trade_seq": 410, "trade_id": "135251981", "timestamp": 1615541971355, "tick_direction": 3, "price": 0.001, "mark_price": 0.00121964, "iv": 154.83, "instrument_name": "BTC-26MAR21-120000-C", "index_price": 56556.83, "direction": "sell", "amount": 10.4}, {"trade_seq": 409, "trade_id": "135251980", "timestamp": 1615541971350, "tick_direction": 3, "price": 0.001, "mark_price": 0.00121964, "iv": 154.83, "instrument_name": "BTC-26MAR21-120000-C", "index_price": 56556.83, "direction": "sell", "amount": 10.4}, {"trade_seq": 408, "trade_id": "135234544", "timestamp": 1615536956676, "tick_direction": 3, "price": 0.001, "mark_price": 0.00133727, "iv": 154.61, "instrument_name": "BTC-26MAR21-120000-C", "index_price": 56480.41, "direction": "sell", "amount": 9.8}, {"trade_seq": 407, "trade_id": "135234527", "timestamp": 1615536954030, "tick_direction": 3, "price": 0.001, "mark_price": 0.001344, "iv": 154.56, "instrument_name": "BTC-26MAR21-120000-C", "index_price": 56489.09, "direction": "sell", "amount": 10.0}, {"trade_seq": 406, "trade_id": "135234465", "timestamp": 1615536951222, "tick_direction": 3, "price": 0.001, "mark_price": 0.00134662, "iv": 154.49, "instrument_name": "BTC-26MAR21-120000-C", "index_price": 56505.67, "direction": "sell", "amount": 10.0}, {"trade_seq": 405, "trade_id": "135234460", "timestamp": 1615536949689, "tick_direction": 3, "price": 0.001, "mark_price": 0.00134716, "iv": 154.48, "instrument_name": "BTC-26MAR21-120000-C", "index_price": 56511.07, "direction": "sell", "amount": 10.0}, {"trade_seq": 404, "trade_id": "135234457", "timestamp": 1615536948211, "tick_direction": 3, "price": 0.001, "mark_price": 0.00134739, "iv": 154.49, "instrument_name": "BTC-26MAR21-120000-C", "index_price": 56508.34, "direction": "sell", "amount": 10.0}, {"trade_seq": 403, "trade_id": "135234454", "timestamp": 1615536947008, "tick_direction": 3, "price": 0.001, "mark_price": 0.00134834, "iv": 154.48, "instrument_name": "BTC-26MAR21-120000-C", "index_price": 56506.86, "direction": "sell", "amount": 10.0}, {"trade_seq": 402, "trade_id": "135234450", "timestamp": 1615536945302, "tick_direction": 3, "price": 0.001, "mark_price": 0.00134926, "iv": 154.48, "instrument_name": "BTC-26MAR21-120000-C", "index_price": 56506.31, "direction": "sell", "amount": 10.0}, {"trade_seq": 401, "trade_id": "135234443", "timestamp": 1615536943640, "tick_direction": 3, "price": 0.001, "mark_price": 0.00135012, "iv": 154.47, "instrument_name": "BTC-26MAR21-120000-C", "index_price": 56507.5, "direction": "sell", "amount": 10.0}, {"trade_seq": 400, "trade_id": "135230809", "timestamp": 1615536356104, "tick_direction": 3, "price": 0.001, "mark_price": 0.00124558, "iv": 154.51, "instrument_name": "BTC-26MAR21-120000-C", "index_price": 56407.71, "direction": "sell", "amount": 0.1}, {"trade_seq": 399, "trade_id": "135230731", "timestamp": 1615536344987, "tick_direction": 3, "price": 0.001, "mark_price": 0.00123736, "iv": 154.63, "instrument_name": "BTC-26MAR21-120000-C", "index_price": 56402.93, "direction": "sell", "amount": 0.1}, {"trade_seq": 398, "trade_id": "135202305", "timestamp": 1615527678533, "tick_direction": 3, "price": 0.001, "mark_price": 0.00148024, "iv": 152.2, "instrument_name": "BTC-26MAR21-120000-C", "index_price": 57012.68, "direction": "sell", "amount": 54.6}, {"trade_seq": 397, "trade_id": "135201310", "timestamp": 1615527226837, "tick_direction": 3, "price": 0.001, "mark_price": 0.00146098, "iv": 152.93, "instrument_name": "BTC-26MAR21-120000-C", "index_price": 56800.52, "direction": "sell", "amount": 0.7}, {"trade_seq": 396, "trade_id": "135201309", "timestamp": 1615527226777, "tick_direction": 3, "price": 0.001, "mark_price": 0.00146098, "iv": 152.93, "instrument_name": "BTC-26MAR21-120000-C", "index_price": 56800.52, "direction": "sell", "amount": 0.7}, {"trade_seq": 395, "trade_id": "135201308", "timestamp": 1615527226731, "tick_direction": 3, "price": 0.001, "mark_price": 0.00146098, "iv": 152.93, "instrument_name": "BTC-26MAR21-120000-C", "index_price": 56800.52, "direction": "sell", "amount": 0.2}, {"trade_seq": 394, "trade_id": "135201307", "timestamp": 1615527226677, "tick_direction": 3, "price": 0.001, "mark_price": 0.00146098, "iv": 152.93, "instrument_name": "BTC-26MAR21-120000-C", "index_price": 56800.52, "direction": "sell", "amount": 0.8}, {"trade_seq": 393, "trade_id": "135201306", "timestamp": 1615527224623, "tick_direction": 3, "price": 0.001, "mark_price": 0.00146099, "iv": 152.93, "instrument_name": "BTC-26MAR21-120000-C", "index_price": 56799.54, "direction": "sell", "amount": 0.1}, {"trade_seq": 392, "trade_id": "135201305", "timestamp": 1615527224557, "tick_direction": 3, "price": 0.001, "mark_price": 0.00146099, "iv": 152.93, "instrument_name": "BTC-26MAR21-120000-C", "index_price": 56799.54, "direction": "sell", "amount": 0.2}, {"trade_seq": 391, "trade_id": "135201304", "timestamp": 1615527224512, "tick_direction": 3, "price": 0.001, "mark_price": 0.00146099, "iv": 152.93, "instrument_name": "BTC-26MAR21-120000-C", "index_price": 56799.54, "direction": "sell", "amount": 0.3}, {"trade_seq": 390, "trade_id": "135201303", "timestamp": 1615527224454, "tick_direction": 2, "price": 0.001, "mark_price": 0.00146099, "iv": 152.93, "instrument_name": "BTC-26MAR21-120000-C", "index_price": 56799.54, "direction": "sell", "amount": 0.8}, {"trade_seq": 389, "trade_id": "135196864", "timestamp": 1615524065461, "tick_direction": 1, "price": 0.0015, "mark_price": 0.00124114, "iv": 160.74, "instrument_name": "BTC-26MAR21-120000-C", "index_price": 56720.37, "direction": "sell", "amount": 2.1}, {"trade_seq": 388, "trade_id": "135196863", "timestamp": 1615524065458, "tick_direction": 0, "price": 0.0015, "mark_price": 0.00124114, "iv": 160.74, "instrument_name": "BTC-26MAR21-120000-C", "index_price": 56720.37, "direction": "buy", "amount": 1.0}, {"trade_seq": 387, "trade_id": "135167311", "timestamp": 1615510519618, "tick_direction": 1, "price": 0.001, "mark_price": 0.00114652, "iv": 149.85, "instrument_name": "BTC-26MAR21-120000-C", "index_price": 57423.91, "direction": "sell", "amount": 0.5}, {"trade_seq": 386, "trade_id": "135159958", "timestamp": 1615508975944, "tick_direction": 1, "price": 0.001, "mark_price": 0.00066303, "iv": 150.57, "instrument_name": "BTC-26MAR21-120000-C", "index_price": 57042.0, "direction": "buy", "amount": 1.1}, {"trade_seq": 385, "trade_id": "135142345", "timestamp": 1615505010634, "tick_direction": 1, "price": 0.001, "mark_price": 0.00079073, "iv": 146.89, "instrument_name": "BTC-26MAR21-120000-C", "index_price": 58111.35, "direction": "buy", "amount": 0.1}, {"trade_seq": 384, "trade_id": "135142342", "timestamp": 1615505008284, "tick_direction": 1, "price": 0.001, "mark_price": 0.00079063, "iv": 146.89, "instrument_name": "BTC-26MAR21-120000-C", "index_price": 58112.76, "direction": "buy", "amount": 0.1}, {"trade_seq": 383, "trade_id": "135142341", "timestamp": 1615505008212, "tick_direction": 1, "price": 0.001, "mark_price": 0.00079063, "iv": 146.89, "instrument_name": "BTC-26MAR21-120000-C", "index_price": 58112.21, "direction": "buy", "amount": 0.1}, {"trade_seq": 382, "trade_id": "135142340", "timestamp": 1615505008165, "tick_direction": 1, "price": 0.001, "mark_price": 0.00079063, "iv": 146.89, "instrument_name": "BTC-26MAR21-120000-C", "index_price": 58112.21, "direction": "buy", "amount": 0.1}, {"trade_seq": 381, "trade_id": "135142339", "timestamp": 1615505008155, "tick_direction": 1, "price": 0.001, "mark_price": 0.00079063, "iv": 146.89, "instrument_name": "BTC-26MAR21-120000-C", "index_price": 58112.21, "direction": "sell", "amount": 0.5}, {"trade_seq": 380, "trade_id": "135141129", "timestamp": 1615504711184, "tick_direction": 0, "price": 0.001, "mark_price": 0.0006671, "iv": 147.88, "instrument_name": "BTC-26MAR21-120000-C", "index_price": 57830.54, "direction": "buy", "amount": 0.1}, {"trade_seq": 379, "trade_id": "135108025", "timestamp": 1615493725456, "tick_direction": 3, "price": 0.0005, "mark_price": 0.00069233, "iv": 139.14, "instrument_name": "BTC-26MAR21-120000-C", "index_price": 56903.18, "direction": "sell", "amount": 0.5}, {"trade_seq": 378, "trade_id": "135060925", "timestamp": 1615478329749, "tick_direction": 3, "price": 0.0005, "mark_price": 0.00048836, "iv": 140.03, "instrument_name": "BTC-26MAR21-120000-C", "index_price": 56391.34, "direction": "sell", "amount": 29.0}, {"trade_seq": 377, "trade_id": "135059422", "timestamp": 1615477754277, "tick_direction": 2, "price": 0.0005, "mark_price": 0.00067842, "iv": 140.72, "instrument_name": "BTC-26MAR21-120000-C", "index_price": 56121.55, "direction": "sell", "amount": 29.0}, {"trade_seq": 376, "trade_id": "134840748", "timestamp": 1615404881272, "tick_direction": 0, "price": 0.001, "mark_price": 0.00039032, "iv": 144.71, "instrument_name": "BTC-26MAR21-120000-C", "index_price": 57102.06, "direction": "buy", "amount": 0.2}, {"trade_seq": 375, "trade_id": "134797432", "timestamp": 1615392381608, "tick_direction": 3, "price": 0.0005, "mark_price": 0.00071872, "iv": 135.29, "instrument_name": "BTC-26MAR21-120000-C", "index_price": 56441.08, "direction": "sell", "amount": 29.0}, {"trade_seq": 374, "trade_id": "134629339", "timestamp": 1615336855186, "tick_direction": 2, "price": 0.0005, "mark_price": 0.00024466, "iv": 134.6, "instrument_name": "BTC-26MAR21-120000-C", "index_price": 55698.21, "direction": "sell", "amount": 0.2}, {"trade_seq": 373, "trade_id": "134540892", "timestamp": 1615298594932, "tick_direction": 0, "price": 0.001, "mark_price": 0.00020818, "iv": 146.46, "instrument_name": "BTC-26MAR21-120000-C", "index_price": 54582.3, "direction": "buy", "amount": 0.2}, {"trade_seq": 372, "trade_id": "134411944", "timestamp": 1615247349118, "tick_direction": 3, "price": 0.0005, "mark_price": 0.00010835, "iv": 139.77, "instrument_name": "BTC-26MAR21-120000-C", "index_price": 52261.91, "direction": "buy", "amount": 10.0}, {"trade_seq": 371, "trade_id": "134405239", "timestamp": 1615243355974, "tick_direction": 3, "price": 0.0005, "mark_price": 0.00012961, "iv": 141.26, "instrument_name": "BTC-26MAR21-120000-C", "index_price": 51697.76, "direction": "sell", "amount": 10.0}, {"trade_seq": 370, "trade_id": "134405024", "timestamp": 1615243014308, "tick_direction": 3, "price": 0.0005, "mark_price": 0.00010885, "iv": 140.97, "instrument_name": "BTC-26MAR21-120000-C", "index_price": 51776.75, "direction": "buy", "amount": 5.0}, {"trade_seq": 369, "trade_id": "134369669", "timestamp": 1615223329252, "tick_direction": 3, "price": 0.0005, "mark_price": 0.00048517, "iv": 143.08, "instrument_name": "BTC-26MAR21-120000-C", "index_price": 50828.4, "direction": "sell", "amount": 28.0}, {"trade_seq": 368, "trade_id": "134369664", "timestamp": 1615223323883, "tick_direction": 3, "price": 0.0005, "mark_price": 0.00048352, "iv": 143.1, "instrument_name": "BTC-26MAR21-120000-C", "index_price": 50821.62, "direction": "sell", "amount": 2.0}, {"trade_seq": 367, "trade_id": "134369658", "timestamp": 1615223312883, "tick_direction": 3, "price": 0.0005, "mark_price": 0.00048162, "iv": 143.09, "instrument_name": "BTC-26MAR21-120000-C", "index_price": 50814.99, "direction": "sell", "amount": 3.0}, {"trade_seq": 366, "trade_id": "134364004", "timestamp": 1615220635992, "tick_direction": 3, "price": 0.0005, "mark_price": 0.00014182, "iv": 142.33, "instrument_name": "BTC-26MAR21-120000-C", "index_price": 51034.63, "direction": "sell", "amount": 1.0}, {"trade_seq": 365, "trade_id": "134363343", "timestamp": 1615220161627, "tick_direction": 3, "price": 0.0005, "mark_price": 0.00010332, "iv": 142.85, "instrument_name": "BTC-26MAR21-120000-C", "index_price": 50855.92, "direction": "buy", "amount": 1.2}, {"trade_seq": 364, "trade_id": "134327592", "timestamp": 1615209550357, "tick_direction": 3, "price": 0.0005, "mark_price": 0.00012844, "iv": 143.11, "instrument_name": "BTC-26MAR21-120000-C", "index_price": 50637.68, "direction": "buy", "amount": 5.0}, {"trade_seq": 363, "trade_id": "134325056", "timestamp": 1615208070209, "tick_direction": 3, "price": 0.0005, "mark_price": 0.00051765, "iv": 144.15, "instrument_name": "BTC-26MAR21-120000-C", "index_price": 50274.96, "direction": "sell", "amount": 1.0}, {"trade_seq": 362, "trade_id": "134252874", "timestamp": 1615175636280, "tick_direction": 3, "price": 0.0005, "mark_price": 0.00072132, "iv": 141.35, "instrument_name": "BTC-26MAR21-120000-C", "index_price": 50591.14, "direction": "sell", "amount": 33.0}, {"trade_seq": 361, "trade_id": "134218345", "timestamp": 1615162181985, "tick_direction": 2, "price": 0.0005, "mark_price": 0.00024812, "iv": 138.7, "instrument_name": "BTC-26MAR21-120000-C", "index_price": 51227.28, "direction": "sell", "amount": 1.0}, {"trade_seq": 360, "trade_id": "134198798", "timestamp": 1615153189049, "tick_direction": 1, "price": 0.001, "mark_price": 0.00022785, "iv": 152.23, "instrument_name": "BTC-26MAR21-120000-C", "index_price": 50226.48, "direction": "sell", "amount": 1.0}, {"trade_seq": 359, "trade_id": "134198797", "timestamp": 1615153189047, "tick_direction": 0, "price": 0.001, "mark_price": 0.00022785, "iv": 152.23, "instrument_name": "BTC-26MAR21-120000-C", "index_price": 50226.48, "direction": "buy", "amount": 1.0}, {"trade_seq": 358, "trade_id": "134102254", "timestamp": 1615103738707, "tick_direction": 3, "price": 0.0005, "mark_price": 0.00030149, "iv": 140.15, "instrument_name": "BTC-26MAR21-120000-C", "index_price": 49853.41, "direction": "sell", "amount": 4.0}, {"trade_seq": 357, "trade_id": "134094421", "timestamp": 1615096480788, "tick_direction": 3, "price": 0.0005, "mark_price": 0.00069186, "iv": 141.53, "instrument_name": "BTC-26MAR21-120000-C", "index_price": 49310.91, "direction": "sell", "amount": 33.0}, {"trade_seq": 356, "trade_id": "134023453", "timestamp": 1615053180562, "tick_direction": 3, "price": 0.0005, "mark_price": 0.00071285, "iv": 143.24, "instrument_name": "BTC-26MAR21-120000-C", "index_price": 48122.96, "direction": "sell", "amount": 29.0}, {"trade_seq": 355, "trade_id": "134023452", "timestamp": 1615053180562, "tick_direction": 3, "price": 0.0005, "mark_price": 0.00071285, "iv": 143.24, "instrument_name": "BTC-26MAR21-120000-C", "index_price": 48122.96, "direction": "sell", "amount": 0.4}, {"trade_seq": 354, "trade_id": "134005889", "timestamp": 1615046409239, "tick_direction": 3, "price": 0.0005, "mark_price": 0.00044862, "iv": 145.46, "instrument_name": "BTC-26MAR21-120000-C", "index_price": 47312.83, "direction": "sell", "amount": 0.5}, {"trade_seq": 353, "trade_id": "134004855", "timestamp": 1615046073172, "tick_direction": 3, "price": 0.0005, "mark_price": 0.00040731, "iv": 144.78, "instrument_name": "BTC-26MAR21-120000-C", "index_price": 47546.11, "direction": "sell", "amount": 0.5}, {"trade_seq": 352, "trade_id": "133949889", "timestamp": 1615004951713, "tick_direction": 3, "price": 0.0005, "mark_price": 0.00089331, "iv": 141.02, "instrument_name": "BTC-26MAR21-120000-C", "index_price": 48203.73, "direction": "sell", "amount": 1.6}, {"trade_seq": 351, "trade_id": "133949888", "timestamp": 1615004951713, "tick_direction": 3, "price": 0.0005, "mark_price": 0.00089331, "iv": 141.02, "instrument_name": "BTC-26MAR21-120000-C", "index_price": 48203.73, "direction": "sell", "amount": 0.1}, {"trade_seq": 350, "trade_id": "133949887", "timestamp": 1615004951713, "tick_direction": 2, "price": 0.0005, "mark_price": 0.00089331, "iv": 141.02, "instrument_name": "BTC-26MAR21-120000-C", "index_price": 48203.73, "direction": "sell", "amount": 0.3}, {"trade_seq": 349, "trade_id": "133875994", "timestamp": 1614965464817, "tick_direction": 3, "price": 0.001, "mark_price": 0.00074134, "iv": 151.11, "instrument_name": "BTC-26MAR21-120000-C", "index_price": 47970.72, "direction": "buy", "amount": 1.0}, {"trade_seq": 348, "trade_id": "133841006", "timestamp": 1614958729974, "tick_direction": 3, "price": 0.001, "mark_price": 0.00072388, "iv": 150.53, "instrument_name": "BTC-26MAR21-120000-C", "index_price": 48100.4, "direction": "buy", "amount": 0.1}, {"trade_seq": 347, "trade_id": "133815661", "timestamp": 1614953578364, "tick_direction": 3, "price": 0.001, "mark_price": 0.00091875, "iv": 149.9, "instrument_name": "BTC-26MAR21-120000-C", "index_price": 48244.2, "direction": "sell", "amount": 0.5}, {"trade_seq": 346, "trade_id": "133800899", "timestamp": 1614950378038, "tick_direction": 2, "price": 0.001, "mark_price": 0.00129271, "iv": 150.81, "instrument_name": "BTC-26MAR21-120000-C", "index_price": 47828.02, "direction": "sell", "amount": 33.0}, {"trade_seq": 345, "trade_id": "133795998", "timestamp": 1614948339330, "tick_direction": 0, "price": 0.0015, "mark_price": 0.00126633, "iv": 158.3, "instrument_name": "BTC-26MAR21-120000-C", "index_price": 47697.38, "direction": "buy", "amount": 6.0}, {"trade_seq": 344, "trade_id": "133698097", "timestamp": 1614911496421, "tick_direction": 3, "price": 0.001, "mark_price": 0.00124, "iv": 151.95, "instrument_name": "BTC-26MAR21-120000-C", "index_price": 46834.32, "direction": "sell", "amount": 0.5}, {"trade_seq": 343, "trade_id": "133689888", "timestamp": 1614908157525, "tick_direction": 3, "price": 0.001, "mark_price": 0.00124179, "iv": 152.3, "instrument_name": "BTC-26MAR21-120000-C", "index_price": 46606.13, "direction": "sell", "amount": 0.1}, {"trade_seq": 342, "trade_id": "133641612", "timestamp": 1614898919795, "tick_direction": 3, "price": 0.001, "mark_price": 0.00136096, "iv": 147.13, "instrument_name": "BTC-26MAR21-120000-C", "index_price": 48238.27, "direction": "sell", "amount": 0.1}, {"trade_seq": 341, "trade_id": "133551785", "timestamp": 1614877574520, "tick_direction": 3, "price": 0.001, "mark_price": 0.00102708, "iv": 142.1, "instrument_name": "BTC-26MAR21-120000-C", "index_price": 49779.6, "direction": "sell", "amount": 1.0}, {"trade_seq": 340, "trade_id": "133551668", "timestamp": 1614877534280, "tick_direction": 3, "price": 0.001, "mark_price": 0.00100762, "iv": 142.16, "instrument_name": "BTC-26MAR21-120000-C", "index_price": 49754.73, "direction": "sell", "amount": 1.0}, {"trade_seq": 339, "trade_id": "133551025", "timestamp": 1614877340252, "tick_direction": 3, "price": 0.001, "mark_price": 0.00094589, "iv": 142.05, "instrument_name": "BTC-26MAR21-120000-C", "index_price": 49803.17, "direction": "sell", "amount": 1.0}, {"trade_seq": 338, "trade_id": "133548630", "timestamp": 1614876600074, "tick_direction": 3, "price": 0.001, "mark_price": 0.00072655, "iv": 141.62, "instrument_name": "BTC-26MAR21-120000-C", "index_price": 49917.67, "direction": "buy", "amount": 0.7}, {"trade_seq": 337, "trade_id": "133538818", "timestamp": 1614873863133, "tick_direction": 3, "price": 0.001, "mark_price": 0.00091212, "iv": 142.23, "instrument_name": "BTC-26MAR21-120000-C", "index_price": 49623.49, "direction": "buy", "amount": 0.1}, {"trade_seq": 336, "trade_id": "133538791", "timestamp": 1614873840362, "tick_direction": 3, "price": 0.001, "mark_price": 0.00092175, "iv": 142.21, "instrument_name": "BTC-26MAR21-120000-C", "index_price": 49647.99, "direction": "buy", "amount": 0.1}, {"trade_seq": 335, "trade_id": "133538761", "timestamp": 1614873815367, "tick_direction": 3, "price": 0.001, "mark_price": 0.00092422, "iv": 142.31, "instrument_name": "BTC-26MAR21-120000-C", "index_price": 49610.0, "direction": "buy", "amount": 0.1}, {"trade_seq": 334, "trade_id": "133534974", "timestamp": 1614872980933, "tick_direction": 2, "price": 0.001, "mark_price": 0.00128354, "iv": 141.88, "instrument_name": "BTC-26MAR21-120000-C", "index_price": 49744.53, "direction": "sell", "amount": 0.1}, {"trade_seq": 333, "trade_id": "133519581", "timestamp": 1614869720198, "tick_direction": 3, "price": 0.0015, "mark_price": 0.00087392, "iv": 149.5, "instrument_name": "BTC-26MAR21-120000-C", "index_price": 49498.87, "direction": "buy", "amount": 0.1}, {"trade_seq": 332, "trade_id": "133441280", "timestamp": 1614847018036, "tick_direction": 3, "price": 0.0015, "mark_price": 0.00122735, "iv": 145.87, "instrument_name": "BTC-26MAR21-120000-C", "index_price": 50410.39, "direction": "buy", "amount": 0.1}, {"trade_seq": 331, "trade_id": "133441279", "timestamp": 1614847017909, "tick_direction": 2, "price": 0.0015, "mark_price": 0.00122735, "iv": 145.87, "instrument_name": "BTC-26MAR21-120000-C", "index_price": 50410.39, "direction": "buy", "amount": 0.4}, {"trade_seq": 330, "trade_id": "133326322", "timestamp": 1614805484223, "tick_direction": 1, "price": 0.002, "mark_price": 0.00161077, "iv": 148.5, "instrument_name": "BTC-26MAR21-120000-C", "index_price": 50576.09, "direction": "sell", "amount": 0.2}, {"trade_seq": 329, "trade_id": "133320451", "timestamp": 1614802591278, "tick_direction": 0, "price": 0.002, "mark_price": 0.00195026, "iv": 147.36, "instrument_name": "BTC-26MAR21-120000-C", "index_price": 50935.16, "direction": "sell", "amount": 0.1}, {"trade_seq": 328, "trade_id": "133174863", "timestamp": 1614761769102, "tick_direction": 0, "price": 0.0018, "mark_price": 0.0016943, "iv": 143.76, "instrument_name": "BTC-26MAR21-120000-C", "index_price": 50972.93, "direction": "buy", "block_trade_id": "8660", "amount": 30.0}, {"trade_seq": 327, "trade_id": "133032454", "timestamp": 1614701818791, "tick_direction": 3, "price": 0.0015, "mark_price": 0.00172249, "iv": 145.55, "instrument_name": "BTC-26MAR21-120000-C", "index_price": 48516.51, "direction": "sell", "amount": 0.1}, {"trade_seq": 326, "trade_id": "133032337", "timestamp": 1614701775117, "tick_direction": 2, "price": 0.0015, "mark_price": 0.00170895, "iv": 145.67, "instrument_name": "BTC-26MAR21-120000-C", "index_price": 48483.1, "direction": "sell", "amount": 0.1}, {"trade_seq": 325, "trade_id": "133025949", "timestamp": 1614699459478, "tick_direction": 1, "price": 0.002, "mark_price": 0.00173246, "iv": 150.24, "instrument_name": "BTC-26MAR21-120000-C", "index_price": 48688.5, "direction": "buy", "amount": 1.0}, {"trade_seq": 324, "trade_id": "133025797", "timestamp": 1614699368829, "tick_direction": 1, "price": 0.002, "mark_price": 0.00174458, "iv": 150.1, "instrument_name": "BTC-26MAR21-120000-C", "index_price": 48740.85, "direction": "buy", "amount": 1.0}, {"trade_seq": 323, "trade_id": "132969299", "timestamp": 1614675829986, "tick_direction": 1, "price": 0.002, "mark_price": 0.00145947, "iv": 148.2, "instrument_name": "BTC-26MAR21-120000-C", "index_price": 49021.55, "direction": "buy", "amount": 0.1}, {"trade_seq": 322, "trade_id": "132969298", "timestamp": 1614675828718, "tick_direction": 1, "price": 0.002, "mark_price": 0.00146148, "iv": 148.18, "instrument_name": "BTC-26MAR21-120000-C", "index_price": 49020.38, "direction": "buy", "amount": 0.1}, {"trade_seq": 321, "trade_id": "132969289", "timestamp": 1614675824949, "tick_direction": 1, "price": 0.002, "mark_price": 0.00145819, "iv": 148.22, "instrument_name": "BTC-26MAR21-120000-C", "index_price": 49027.61, "direction": "buy", "amount": 0.1}, {"trade_seq": 320, "trade_id": "132969282", "timestamp": 1614675824429, "tick_direction": 1, "price": 0.002, "mark_price": 0.00145794, "iv": 148.22, "instrument_name": "BTC-26MAR21-120000-C", "index_price": 49017.38, "direction": "buy", "amount": 0.1}, {"trade_seq": 319, "trade_id": "132968400", "timestamp": 1614675369618, "tick_direction": 1, "price": 0.002, "mark_price": 0.00145745, "iv": 148.29, "instrument_name": "BTC-26MAR21-120000-C", "index_price": 49002.83, "direction": "buy", "amount": 0.1}, {"trade_seq": 318, "trade_id": "132968245", "timestamp": 1614675303583, "tick_direction": 1, "price": 0.002, "mark_price": 0.00144731, "iv": 148.43, "instrument_name": "BTC-26MAR21-120000-C", "index_price": 48936.36, "direction": "buy", "amount": 0.1}, {"trade_seq": 317, "trade_id": "132968239", "timestamp": 1614675303288, "tick_direction": 1, "price": 0.002, "mark_price": 0.00144731, "iv": 148.43, "instrument_name": "BTC-26MAR21-120000-C", "index_price": 48936.36, "direction": "buy", "amount": 0.1}, {"trade_seq": 316, "trade_id": "132968235", "timestamp": 1614675299005, "tick_direction": 0, "price": 0.002, "mark_price": 0.00144875, "iv": 148.42, "instrument_name": "BTC-26MAR21-120000-C", "index_price": 48938.54, "direction": "buy", "amount": 0.1}, {"trade_seq": 315, "trade_id": "132961207", "timestamp": 1614672250449, "tick_direction": 2, "price": 0.0015, "mark_price": 0.00145757, "iv": 144.49, "instrument_name": "BTC-26MAR21-120000-C", "index_price": 48452.16, "direction": "buy", "block_trade_id": "8627", "amount": 30.0}, {"trade_seq": 314, "trade_id": "132944250", "timestamp": 1614665965231, "tick_direction": 0, "price": 0.002, "mark_price": 0.00143144, "iv": 149.55, "instrument_name": "BTC-26MAR21-120000-C", "index_price": 48387.76, "direction": "buy", "amount": 0.1}, {"trade_seq": 313, "trade_id": "132840922", "timestamp": 1614631710607, "tick_direction": 3, "price": 0.0015, "mark_price": 0.0017687, "iv": 143.38, "instrument_name": "BTC-26MAR21-120000-C", "index_price": 48348.56, "direction": "sell", "amount": 0.5}, {"trade_seq": 312, "trade_id": "132840835", "timestamp": 1614631668466, "tick_direction": 3, "price": 0.0015, "mark_price": 0.00176502, "iv": 143.45, "instrument_name": "BTC-26MAR21-120000-C", "index_price": 48316.14, "direction": "sell", "amount": 0.5}, {"trade_seq": 311, "trade_id": "132840825", "timestamp": 1614631653680, "tick_direction": 3, "price": 0.0015, "mark_price": 0.00176476, "iv": 143.46, "instrument_name": "BTC-26MAR21-120000-C", "index_price": 48326.42, "direction": "sell", "amount": 0.5}, {"trade_seq": 310, "trade_id": "132840735", "timestamp": 1614631616206, "tick_direction": 3, "price": 0.0015, "mark_price": 0.00176018, "iv": 143.52, "instrument_name": "BTC-26MAR21-120000-C", "index_price": 48298.81, "direction": "sell", "amount": 0.3}, {"trade_seq": 309, "trade_id": "132840733", "timestamp": 1614631613617, "tick_direction": 2, "price": 0.0015, "mark_price": 0.00175894, "iv": 143.54, "instrument_name": "BTC-26MAR21-120000-C", "index_price": 48293.46, "direction": "sell", "amount": 0.3}, {"trade_seq": 308, "trade_id": "132831055", "timestamp": 1614628379153, "tick_direction": 2, "price": 0.002, "mark_price": 0.00177145, "iv": 148.36, "instrument_name": "BTC-26MAR21-120000-C", "index_price": 48421.75, "direction": "buy", "amount": 0.1}, {"trade_seq": 307, "trade_id": "132773281", "timestamp": 1614612471304, "tick_direction": 0, "price": 0.0025, "mark_price": 0.00178, "iv": 150.89, "instrument_name": "BTC-26MAR21-120000-C", "index_price": 48888.62, "direction": "buy", "amount": 0.2}, {"trade_seq": 306, "trade_id": "132773280", "timestamp": 1614612471304, "tick_direction": 1, "price": 0.002, "mark_price": 0.00178, "iv": 146.55, "instrument_name": "BTC-26MAR21-120000-C", "index_price": 48888.62, "direction": "buy", "amount": 0.8}, {"trade_seq": 305, "trade_id": "132759934", "timestamp": 1614609195607, "tick_direction": 1, "price": 0.002, "mark_price": 0.00181368, "iv": 147.2, "instrument_name": "BTC-26MAR21-120000-C", "index_price": 48545.13, "direction": "buy", "amount": 0.1}, {"trade_seq": 304, "trade_id": "132759930", "timestamp": 1614609194397, "tick_direction": 0, "price": 0.002, "mark_price": 0.0018172, "iv": 147.19, "instrument_name": "BTC-26MAR21-120000-C", "index_price": 48545.42, "direction": "buy", "amount": 0.1}, {"trade_seq": 303, "trade_id": "132753994", "timestamp": 1614607325888, "tick_direction": 3, "price": 0.0015, "mark_price": 0.00162593, "iv": 144.26, "instrument_name": "BTC-26MAR21-120000-C", "index_price": 47727.25, "direction": "sell", "amount": 0.7}, {"trade_seq": 302, "trade_id": "132753993", "timestamp": 1614607325846, "tick_direction": 3, "price": 0.0015, "mark_price": 0.00162593, "iv": 144.26, "instrument_name": "BTC-26MAR21-120000-C", "index_price": 47727.25, "direction": "sell", "amount": 0.7}, {"trade_seq": 301, "trade_id": "132753991", "timestamp": 1614607325746, "tick_direction": 3, "price": 0.0015, "mark_price": 0.00162593, "iv": 144.26, "instrument_name": "BTC-26MAR21-120000-C", "index_price": 47727.25, "direction": "sell", "amount": 0.8}, {"trade_seq": 300, "trade_id": "132753990", "timestamp": 1614607325723, "tick_direction": 2, "price": 0.0015, "mark_price": 0.00162593, "iv": 144.26, "instrument_name": "BTC-26MAR21-120000-C", "index_price": 47727.25, "direction": "buy", "amount": 0.8}, {"trade_seq": 299, "trade_id": "132692328", "timestamp": 1614588909416, "tick_direction": 0, "price": 0.002, "mark_price": 0.00145357, "iv": 150.26, "instrument_name": "BTC-26MAR21-120000-C", "index_price": 47207.61, "direction": "buy", "amount": 0.1}, {"trade_seq": 298, "trade_id": "132461918", "timestamp": 1614519657279, "tick_direction": 1, "price": 0.0015, "mark_price": 0.0009018, "iv": 150.38, "instrument_name": "BTC-26MAR21-120000-C", "index_price": 44554.74, "direction": "buy", "amount": 0.1}, {"trade_seq": 297, "trade_id": "132461917", "timestamp": 1614519649989, "tick_direction": 1, "price": 0.0015, "mark_price": 0.00090161, "iv": 150.39, "instrument_name": "BTC-26MAR21-120000-C", "index_price": 44554.14, "direction": "buy", "amount": 0.1}, {"trade_seq": 296, "trade_id": "132461916", "timestamp": 1614519642894, "tick_direction": 1, "price": 0.0015, "mark_price": 0.00090143, "iv": 150.39, "instrument_name": "BTC-26MAR21-120000-C", "index_price": 44555.84, "direction": "buy", "amount": 0.1}, {"trade_seq": 295, "trade_id": "132461915", "timestamp": 1614519638170, "tick_direction": 0, "price": 0.0015, "mark_price": 0.00089991, "iv": 150.41, "instrument_name": "BTC-26MAR21-120000-C", "index_price": 44551.15, "direction": "buy", "amount": 0.1}, {"trade_seq": 294, "trade_id": "132446757", "timestamp": 1614513881108, "tick_direction": 2, "price": 0.001, "mark_price": 0.00124315, "iv": 141.15, "instrument_name": "BTC-26MAR21-120000-C", "index_price": 45401.65, "direction": "sell", "amount": 2.0}, {"trade_seq": 293, "trade_id": "132389282", "timestamp": 1614493106560, "tick_direction": 1, "price": 0.0015, "mark_price": 0.00102415, "iv": 150.62, "instrument_name": "BTC-26MAR21-120000-C", "index_price": 44312.06, "direction": "buy", "amount": 0.1}, {"trade_seq": 292, "trade_id": "132389281", "timestamp": 1614493106407, "tick_direction": 1, "price": 0.0015, "mark_price": 0.00102415, "iv": 150.62, "instrument_name": "BTC-26MAR21-120000-C", "index_price": 44312.06, "direction": "buy", "amount": 0.1}, {"trade_seq": 291, "trade_id": "132389280", "timestamp": 1614493106255, "tick_direction": 1, "price": 0.0015, "mark_price": 0.00102335, "iv": 150.62, "instrument_name": "BTC-26MAR21-120000-C", "index_price": 44312.06, "direction": "buy", "amount": 0.1}, {"trade_seq": 290, "trade_id": "132389279", "timestamp": 1614493106113, "tick_direction": 1, "price": 0.0015, "mark_price": 0.00102335, "iv": 150.62, "instrument_name": "BTC-26MAR21-120000-C", "index_price": 44312.06, "direction": "buy", "amount": 0.1}, {"trade_seq": 289, "trade_id": "132389278", "timestamp": 1614493104187, "tick_direction": 1, "price": 0.0015, "mark_price": 0.00102367, "iv": 150.62, "instrument_name": "BTC-26MAR21-120000-C", "index_price": 44307.25, "direction": "buy", "amount": 0.1}, {"trade_seq": 288, "trade_id": "132389277", "timestamp": 1614493103938, "tick_direction": 1, "price": 0.0015, "mark_price": 0.00102367, "iv": 150.62, "instrument_name": "BTC-26MAR21-120000-C", "index_price": 44307.25, "direction": "buy", "amount": 0.1}, {"trade_seq": 287, "trade_id": "132389276", "timestamp": 1614493103788, "tick_direction": 1, "price": 0.0015, "mark_price": 0.00102367, "iv": 150.62, "instrument_name": "BTC-26MAR21-120000-C", "index_price": 44307.25, "direction": "buy", "amount": 0.1}, {"trade_seq": 286, "trade_id": "132389275", "timestamp": 1614493103640, "tick_direction": 1, "price": 0.0015, "mark_price": 0.00102367, "iv": 150.62, "instrument_name": "BTC-26MAR21-120000-C", "index_price": 44308.16, "direction": "buy", "amount": 0.1}, {"trade_seq": 285, "trade_id": "132389274", "timestamp": 1614493103431, "tick_direction": 0, "price": 0.0015, "mark_price": 0.00102367, "iv": 150.62, "instrument_name": "BTC-26MAR21-120000-C", "index_price": 44308.16, "direction": "buy", "amount": 0.1}, {"trade_seq": 284, "trade_id": "132245784", "timestamp": 1614441982521, "tick_direction": 3, "price": 0.001, "mark_price": 0.00073329, "iv": 134.79, "instrument_name": "BTC-26MAR21-120000-C", "index_price": 46717.49, "direction": "buy", "amount": 0.1}, {"trade_seq": 283, "trade_id": "132245783", "timestamp": 1614441982367, "tick_direction": 3, "price": 0.001, "mark_price": 0.00073317, "iv": 134.79, "instrument_name": "BTC-26MAR21-120000-C", "index_price": 46717.49, "direction": "buy", "amount": 0.1}, {"trade_seq": 282, "trade_id": "132245781", "timestamp": 1614441976506, "tick_direction": 3, "price": 0.001, "mark_price": 0.0007357, "iv": 134.74, "instrument_name": "BTC-26MAR21-120000-C", "index_price": 46724.97, "direction": "buy", "amount": 0.1}, {"trade_seq": 281, "trade_id": "132245770", "timestamp": 1614441963482, "tick_direction": 2, "price": 0.001, "mark_price": 0.00073821, "iv": 134.71, "instrument_name": "BTC-26MAR21-120000-C", "index_price": 46752.9, "direction": "buy", "amount": 0.1}, {"trade_seq": 280, "trade_id": "132179154", "timestamp": 1614413249082, "tick_direction": 1, "price": 0.0015, "mark_price": 0.0010129, "iv": 139.19, "instrument_name": "BTC-26MAR21-120000-C", "index_price": 47213.57, "direction": "buy", "amount": 0.1}, {"trade_seq": 279, "trade_id": "132179153", "timestamp": 1614413246942, "tick_direction": 1, "price": 0.0015, "mark_price": 0.00101179, "iv": 139.19, "instrument_name": "BTC-26MAR21-120000-C", "index_price": 47213.73, "direction": "buy", "amount": 0.1}, {"trade_seq": 278, "trade_id": "132179152", "timestamp": 1614413246751, "tick_direction": 1, "price": 0.0015, "mark_price": 0.00101179, "iv": 139.19, "instrument_name": "BTC-26MAR21-120000-C", "index_price": 47212.03, "direction": "buy", "amount": 0.1}, {"trade_seq": 277, "trade_id": "132179151", "timestamp": 1614413246693, "tick_direction": 1, "price": 0.0015, "mark_price": 0.00101179, "iv": 139.19, "instrument_name": "BTC-26MAR21-120000-C", "index_price": 47212.03, "direction": "buy", "amount": 0.2}, {"trade_seq": 276, "trade_id": "132179150", "timestamp": 1614413245487, "tick_direction": 1, "price": 0.0015, "mark_price": 0.00101132, "iv": 139.19, "instrument_name": "BTC-26MAR21-120000-C", "index_price": 47212.82, "direction": "buy", "amount": 0.1}, {"trade_seq": 275, "trade_id": "132179149", "timestamp": 1614413245184, "tick_direction": 0, "price": 0.0015, "mark_price": 0.00101132, "iv": 139.19, "instrument_name": "BTC-26MAR21-120000-C", "index_price": 47212.82, "direction": "buy", "amount": 0.2}, {"trade_seq": 274, "trade_id": "132163258", "timestamp": 1614408807729, "tick_direction": 2, "price": 0.001, "mark_price": 0.00117885, "iv": 130.26, "instrument_name": "BTC-26MAR21-120000-C", "index_price": 48048.36, "direction": "sell", "amount": 25.0}, {"trade_seq": 273, "trade_id": "132117831", "timestamp": 1614387187070, "tick_direction": 1, "price": 0.0015, "mark_price": 0.00094005, "iv": 137.61, "instrument_name": "BTC-26MAR21-120000-C", "index_price": 47400.01, "direction": "buy", "amount": 0.1}, {"trade_seq": 272, "trade_id": "132117799", "timestamp": 1614387155297, "tick_direction": 1, "price": 0.0015, "mark_price": 0.0009428, "iv": 137.61, "instrument_name": "BTC-26MAR21-120000-C", "index_price": 47407.43, "direction": "buy", "amount": 0.1}, {"trade_seq": 271, "trade_id": "132061076", "timestamp": 1614371516476, "tick_direction": 1, "price": 0.0015, "mark_price": 0.0011802, "iv": 140.49, "instrument_name": "BTC-26MAR21-120000-C", "index_price": 46171.1, "direction": "buy", "amount": 0.2}, {"trade_seq": 270, "trade_id": "132034299", "timestamp": 1614364316368, "tick_direction": 0, "price": 0.0015, "mark_price": 0.00090269, "iv": 136.98, "instrument_name": "BTC-26MAR21-120000-C", "index_price": 47530.84, "direction": "buy", "amount": 0.2}, {"trade_seq": 269, "trade_id": "131695358", "timestamp": 1614307461131, "tick_direction": 3, "price": 0.001, "mark_price": 0.00099453, "iv": 128.7, "instrument_name": "BTC-26MAR21-120000-C", "index_price": 47674.2, "direction": "sell", "amount": 6.6}, {"trade_seq": 268, "trade_id": "131695357", "timestamp": 1614307461127, "tick_direction": 3, "price": 0.001, "mark_price": 0.00099453, "iv": 128.7, "instrument_name": "BTC-26MAR21-120000-C", "index_price": 47674.2, "direction": "sell", "amount": 14.0}, {"trade_seq": 267, "trade_id": "131686129", "timestamp": 1614306082857, "tick_direction": 2, "price": 0.001, "mark_price": 0.00072897, "iv": 130.43, "instrument_name": "BTC-26MAR21-120000-C", "index_price": 46915.33, "direction": "buy", "amount": 0.1}, {"trade_seq": 266, "trade_id": "131482260", "timestamp": 1614272349568, "tick_direction": 1, "price": 0.0015, "mark_price": 0.00090979, "iv": 125.94, "instrument_name": "BTC-26MAR21-120000-C", "index_price": 50728.07, "direction": "buy", "amount": 0.8}, {"trade_seq": 265, "trade_id": "131408352", "timestamp": 1614255685081, "tick_direction": 0, "price": 0.0015, "mark_price": 0.0009525, "iv": 126.54, "instrument_name": "BTC-26MAR21-120000-C", "index_price": 50277.72, "direction": "buy", "amount": 10.0}, {"trade_seq": 264, "trade_id": "131378336", "timestamp": 1614246901825, "tick_direction": 3, "price": 0.001, "mark_price": 0.00135115, "iv": 123.22, "instrument_name": "BTC-26MAR21-120000-C", "index_price": 49189.33, "direction": "sell", "amount": 9.3}, {"trade_seq": 263, "trade_id": "131378335", "timestamp": 1614246901825, "tick_direction": 3, "price": 0.001, "mark_price": 0.00135115, "iv": 123.22, "instrument_name": "BTC-26MAR21-120000-C", "index_price": 49189.33, "direction": "sell", "amount": 0.7}, {"trade_seq": 262, "trade_id": "131367196", "timestamp": 1614245166104, "tick_direction": 3, "price": 0.001, "mark_price": 0.00118557, "iv": 123.77, "instrument_name": "BTC-26MAR21-120000-C", "index_price": 48933.53, "direction": "sell", "amount": 1.0}, {"trade_seq": 261, "trade_id": "131367051", "timestamp": 1614245152143, "tick_direction": 2, "price": 0.001, "mark_price": 0.00117499, "iv": 123.89, "instrument_name": "BTC-26MAR21-120000-C", "index_price": 48879.83, "direction": "sell", "amount": 1.0}, {"trade_seq": 260, "trade_id": "131236984", "timestamp": 1614197126919, "tick_direction": 3, "price": 0.0015, "mark_price": 0.00130289, "iv": 127.46, "instrument_name": "BTC-26MAR21-120000-C", "index_price": 49213.36, "direction": "buy", "amount": 0.8}, {"trade_seq": 259, "trade_id": "131236556", "timestamp": 1614196961418, "tick_direction": 3, "price": 0.0015, "mark_price": 0.00132534, "iv": 127.51, "instrument_name": "BTC-26MAR21-120000-C", "index_price": 49187.11, "direction": "buy", "amount": 1.2}, {"trade_seq": 258, "trade_id": "131234532", "timestamp": 1614196363345, "tick_direction": 3, "price": 0.0015, "mark_price": 0.00142315, "iv": 127.9, "instrument_name": "BTC-26MAR21-120000-C", "index_price": 49035.61, "direction": "buy", "amount": 0.1}, {"trade_seq": 257, "trade_id": "131234529", "timestamp": 1614196361679, "tick_direction": 3, "price": 0.0015, "mark_price": 0.00142346, "iv": 127.91, "instrument_name": "BTC-26MAR21-120000-C", "index_price": 49035.77, "direction": "buy", "amount": 0.2}, {"trade_seq": 256, "trade_id": "131234523", "timestamp": 1614196359642, "tick_direction": 3, "price": 0.0015, "mark_price": 0.00142535, "iv": 127.9, "instrument_name": "BTC-26MAR21-120000-C", "index_price": 49034.88, "direction": "buy", "amount": 0.1}, {"trade_seq": 255, "trade_id": "131234522", "timestamp": 1614196359524, "tick_direction": 3, "price": 0.0015, "mark_price": 0.00142535, "iv": 127.9, "instrument_name": "BTC-26MAR21-120000-C", "index_price": 49034.88, "direction": "buy", "amount": 0.2}, {"trade_seq": 254, "trade_id": "131234519", "timestamp": 1614196356505, "tick_direction": 3, "price": 0.0015, "mark_price": 0.00142628, "iv": 127.9, "instrument_name": "BTC-26MAR21-120000-C", "index_price": 49037.54, "direction": "buy", "amount": 0.1}, {"trade_seq": 253, "trade_id": "131234518", "timestamp": 1614196356383, "tick_direction": 3, "price": 0.0015, "mark_price": 0.00142628, "iv": 127.9, "instrument_name": "BTC-26MAR21-120000-C", "index_price": 49037.54, "direction": "buy", "amount": 0.2}, {"trade_seq": 252, "trade_id": "131234488", "timestamp": 1614196341387, "tick_direction": 3, "price": 0.0015, "mark_price": 0.00141971, "iv": 128.04, "instrument_name": "BTC-26MAR21-120000-C", "index_price": 48992.36, "direction": "buy", "amount": 0.1}, {"trade_seq": 251, "trade_id": "131234466", "timestamp": 1614196332589, "tick_direction": 3, "price": 0.0015, "mark_price": 0.00142162, "iv": 128.05, "instrument_name": "BTC-26MAR21-120000-C", "index_price": 48989.39, "direction": "buy", "amount": 0.1}, {"trade_seq": 250, "trade_id": "131234463", "timestamp": 1614196329584, "tick_direction": 3, "price": 0.0015, "mark_price": 0.0014207, "iv": 128.08, "instrument_name": "BTC-26MAR21-120000-C", "index_price": 48978.04, "direction": "buy", "amount": 0.1}, {"trade_seq": 249, "trade_id": "131234457", "timestamp": 1614196329436, "tick_direction": 3, "price": 0.0015, "mark_price": 0.00142109, "iv": 128.08, "instrument_name": "BTC-26MAR21-120000-C", "index_price": 48978.04, "direction": "buy", "amount": 0.1}, {"trade_seq": 248, "trade_id": "131234397", "timestamp": 1614196317625, "tick_direction": 3, "price": 0.0015, "mark_price": 0.00143028, "iv": 128.02, "instrument_name": "BTC-26MAR21-120000-C", "index_price": 48993.49, "direction": "buy", "amount": 0.1}, {"trade_seq": 247, "trade_id": "131234320", "timestamp": 1614196300920, "tick_direction": 3, "price": 0.0015, "mark_price": 0.00144845, "iv": 127.91, "instrument_name": "BTC-26MAR21-120000-C", "index_price": 49043.56, "direction": "buy", "amount": 0.1}, {"trade_seq": 246, "trade_id": "131234318", "timestamp": 1614196298544, "tick_direction": 3, "price": 0.0015, "mark_price": 0.00144806, "iv": 127.92, "instrument_name": "BTC-26MAR21-120000-C", "index_price": 49041.54, "direction": "buy", "amount": 0.1}, {"trade_seq": 245, "trade_id": "131234314", "timestamp": 1614196298021, "tick_direction": 3, "price": 0.0015, "mark_price": 0.00144884, "iv": 127.92, "instrument_name": "BTC-26MAR21-120000-C", "index_price": 49041.54, "direction": "buy", "amount": 0.1}, {"trade_seq": 244, "trade_id": "131234313", "timestamp": 1614196297866, "tick_direction": 3, "price": 0.0015, "mark_price": 0.00144884, "iv": 127.92, "instrument_name": "BTC-26MAR21-120000-C", "index_price": 49039.16, "direction": "buy", "amount": 0.1}, {"trade_seq": 243, "trade_id": "131234262", "timestamp": 1614196286802, "tick_direction": 3, "price": 0.0015, "mark_price": 0.00145777, "iv": 127.88, "instrument_name": "BTC-26MAR21-120000-C", "index_price": 49051.2, "direction": "buy", "amount": 0.1}, {"trade_seq": 242, "trade_id": "131234261", "timestamp": 1614196286680, "tick_direction": 3, "price": 0.0015, "mark_price": 0.00145777, "iv": 127.88, "instrument_name": "BTC-26MAR21-120000-C", "index_price": 49051.2, "direction": "buy", "amount": 0.1}, {"trade_seq": 241, "trade_id": "131234248", "timestamp": 1614196284904, "tick_direction": 3, "price": 0.0015, "mark_price": 0.00145906, "iv": 127.88, "instrument_name": "BTC-26MAR21-120000-C", "index_price": 49057.79, "direction": "buy", "amount": 0.2}, {"trade_seq": 240, "trade_id": "131234230", "timestamp": 1614196281993, "tick_direction": 3, "price": 0.0015, "mark_price": 0.00146526, "iv": 127.86, "instrument_name": "BTC-26MAR21-120000-C", "index_price": 49055.18, "direction": "buy", "amount": 0.2}, {"trade_seq": 239, "trade_id": "131234223", "timestamp": 1614196280741, "tick_direction": 3, "price": 0.0015, "mark_price": 0.00147136, "iv": 127.77, "instrument_name": "BTC-26MAR21-120000-C", "index_price": 49075.15, "direction": "buy", "amount": 0.1}, {"trade_seq": 238, "trade_id": "131234217", "timestamp": 1614196280557, "tick_direction": 3, "price": 0.0015, "mark_price": 0.00147136, "iv": 127.77, "instrument_name": "BTC-26MAR21-120000-C", "index_price": 49075.15, "direction": "buy", "amount": 0.1}, {"trade_seq": 237, "trade_id": "131234216", "timestamp": 1614196280507, "tick_direction": 3, "price": 0.0015, "mark_price": 0.00147136, "iv": 127.77, "instrument_name": "BTC-26MAR21-120000-C", "index_price": 49075.15, "direction": "buy", "amount": 0.4}, {"trade_seq": 236, "trade_id": "131222706", "timestamp": 1614192654925, "tick_direction": 3, "price": 0.0015, "mark_price": 0.00172143, "iv": 125.99, "instrument_name": "BTC-26MAR21-120000-C", "index_price": 49794.83, "direction": "sell", "amount": 2.3}, {"trade_seq": 235, "trade_id": "131222705", "timestamp": 1614192654925, "tick_direction": 3, "price": 0.0015, "mark_price": 0.00172143, "iv": 125.99, "instrument_name": "BTC-26MAR21-120000-C", "index_price": 49794.83, "direction": "sell", "amount": 2.0}, {"trade_seq": 234, "trade_id": "131222704", "timestamp": 1614192654925, "tick_direction": 2, "price": 0.0015, "mark_price": 0.00172143, "iv": 125.99, "instrument_name": "BTC-26MAR21-120000-C", "index_price": 49794.83, "direction": "sell", "amount": 0.7}, {"trade_seq": 233, "trade_id": "131201619", "timestamp": 1614183077369, "tick_direction": 3, "price": 0.002, "mark_price": 0.00222274, "iv": 130.36, "instrument_name": "BTC-26MAR21-120000-C", "index_price": 49767.36, "direction": "sell", "amount": 3.6}, {"trade_seq": 232, "trade_id": "131198137", "timestamp": 1614182444079, "tick_direction": 3, "price": 0.002, "mark_price": 0.00233091, "iv": 130.19, "instrument_name": "BTC-26MAR21-120000-C", "index_price": 49816.92, "direction": "sell", "amount": 0.1}, {"trade_seq": 231, "trade_id": "131198117", "timestamp": 1614182441980, "tick_direction": 3, "price": 0.002, "mark_price": 0.00233339, "iv": 130.16, "instrument_name": "BTC-26MAR21-120000-C", "index_price": 49832.99, "direction": "sell", "amount": 0.1}, {"trade_seq": 230, "trade_id": "131198107", "timestamp": 1614182440616, "tick_direction": 3, "price": 0.002, "mark_price": 0.00233527, "iv": 130.14, "instrument_name": "BTC-26MAR21-120000-C", "index_price": 49833.97, "direction": "sell", "amount": 0.1}, {"trade_seq": 229, "trade_id": "131198030", "timestamp": 1614182432001, "tick_direction": 2, "price": 0.002, "mark_price": 0.00233806, "iv": 130.14, "instrument_name": "BTC-26MAR21-120000-C", "index_price": 49840.82, "direction": "sell", "amount": 0.1}, {"trade_seq": 228, "trade_id": "131163425", "timestamp": 1614175135296, "tick_direction": 1, "price": 0.0025, "mark_price": 0.00271775, "iv": 134.86, "instrument_name": "BTC-26MAR21-120000-C", "index_price": 49431.28, "direction": "sell", "amount": 4.0}, {"trade_seq": 227, "trade_id": "131124664", "timestamp": 1614167751890, "tick_direction": 1, "price": 0.0025, "mark_price": 0.00273214, "iv": 132.28, "instrument_name": "BTC-26MAR21-120000-C", "index_price": 50372.16, "direction": "sell", "amount": 0.1}, {"trade_seq": 226, "trade_id": "131124663", "timestamp": 1614167751824, "tick_direction": 1, "price": 0.0025, "mark_price": 0.00273214, "iv": 132.28, "instrument_name": "BTC-26MAR21-120000-C", "index_price": 50372.16, "direction": "sell", "amount": 0.3}, {"trade_seq": 225, "trade_id": "131124653", "timestamp": 1614167749458, "tick_direction": 1, "price": 0.0025, "mark_price": 0.00272611, "iv": 132.32, "instrument_name": "BTC-26MAR21-120000-C", "index_price": 50359.19, "direction": "sell", "amount": 0.1}, {"trade_seq": 224, "trade_id": "131124652", "timestamp": 1614167747207, "tick_direction": 1, "price": 0.0025, "mark_price": 0.00272492, "iv": 132.32, "instrument_name": "BTC-26MAR21-120000-C", "index_price": 50353.41, "direction": "sell", "amount": 0.1}, {"trade_seq": 223, "trade_id": "131124651", "timestamp": 1614167747100, "tick_direction": 1, "price": 0.0025, "mark_price": 0.00272492, "iv": 132.32, "instrument_name": "BTC-26MAR21-120000-C", "index_price": 50353.41, "direction": "sell", "amount": 0.1}, {"trade_seq": 222, "trade_id": "131124650", "timestamp": 1614167744823, "tick_direction": 1, "price": 0.0025, "mark_price": 0.00272538, "iv": 132.32, "instrument_name": "BTC-26MAR21-120000-C", "index_price": 50356.08, "direction": "sell", "amount": 0.1}, {"trade_seq": 221, "trade_id": "131124649", "timestamp": 1614167744725, "tick_direction": 1, "price": 0.0025, "mark_price": 0.00272538, "iv": 132.32, "instrument_name": "BTC-26MAR21-120000-C", "index_price": 50356.08, "direction": "sell", "amount": 0.1}, {"trade_seq": 220, "trade_id": "131124648", "timestamp": 1614167743829, "tick_direction": 1, "price": 0.0025, "mark_price": 0.0027303, "iv": 132.3, "instrument_name": "BTC-26MAR21-120000-C", "index_price": 50364.4, "direction": "sell", "amount": 0.1}, {"trade_seq": 219, "trade_id": "131124645", "timestamp": 1614167742730, "tick_direction": 1, "price": 0.0025, "mark_price": 0.00272662, "iv": 132.31, "instrument_name": "BTC-26MAR21-120000-C", "index_price": 50369.7, "direction": "sell", "amount": 0.1}, {"trade_seq": 218, "trade_id": "131124644", "timestamp": 1614167742674, "tick_direction": 1, "price": 0.0025, "mark_price": 0.00272662, "iv": 132.31, "instrument_name": "BTC-26MAR21-120000-C", "index_price": 50369.7, "direction": "sell", "amount": 0.2}, {"trade_seq": 217, "trade_id": "131124633", "timestamp": 1614167740203, "tick_direction": 1, "price": 0.0025, "mark_price": 0.00272583, "iv": 132.32, "instrument_name": "BTC-26MAR21-120000-C", "index_price": 50356.09, "direction": "sell", "amount": 0.1}, {"trade_seq": 216, "trade_id": "131124632", "timestamp": 1614167740001, "tick_direction": 1, "price": 0.0025, "mark_price": 0.00272583, "iv": 132.32, "instrument_name": "BTC-26MAR21-120000-C", "index_price": 50356.09, "direction": "sell", "amount": 0.2}, {"trade_seq": 215, "trade_id": "131124631", "timestamp": 1614167739299, "tick_direction": 1, "price": 0.0025, "mark_price": 0.00272572, "iv": 132.32, "instrument_name": "BTC-26MAR21-120000-C", "index_price": 50359.61, "direction": "sell", "amount": 0.1}, {"trade_seq": 214, "trade_id": "131124627", "timestamp": 1614167737802, "tick_direction": 1, "price": 0.0025, "mark_price": 0.0027234, "iv": 132.33, "instrument_name": "BTC-26MAR21-120000-C", "index_price": 50360.04, "direction": "sell", "amount": 0.1}, {"trade_seq": 213, "trade_id": "131124626", "timestamp": 1614167737649, "tick_direction": 1, "price": 0.0025, "mark_price": 0.0027234, "iv": 132.33, "instrument_name": "BTC-26MAR21-120000-C", "index_price": 50360.04, "direction": "sell", "amount": 0.1}, {"trade_seq": 212, "trade_id": "131124621", "timestamp": 1614167735402, "tick_direction": 1, "price": 0.0025, "mark_price": 0.00272487, "iv": 132.34, "instrument_name": "BTC-26MAR21-120000-C", "index_price": 50351.75, "direction": "sell", "amount": 0.1}, {"trade_seq": 211, "trade_id": "131124620", "timestamp": 1614167735279, "tick_direction": 1, "price": 0.0025, "mark_price": 0.00272487, "iv": 132.34, "instrument_name": "BTC-26MAR21-120000-C", "index_price": 50353.91, "direction": "sell", "amount": 0.1}, {"trade_seq": 210, "trade_id": "131124618", "timestamp": 1614167733909, "tick_direction": 1, "price": 0.0025, "mark_price": 0.00272481, "iv": 132.32, "instrument_name": "BTC-26MAR21-120000-C", "index_price": 50361.6, "direction": "sell", "amount": 0.1}, {"trade_seq": 209, "trade_id": "131124615", "timestamp": 1614167733553, "tick_direction": 1, "price": 0.0025, "mark_price": 0.00272481, "iv": 132.32, "instrument_name": "BTC-26MAR21-120000-C", "index_price": 50361.6, "direction": "sell", "amount": 0.1}, {"trade_seq": 208, "trade_id": "131124614", "timestamp": 1614167730534, "tick_direction": 1, "price": 0.0025, "mark_price": 0.00272858, "iv": 132.3, "instrument_name": "BTC-26MAR21-120000-C", "index_price": 50366.19, "direction": "sell", "amount": 0.2}, {"trade_seq": 207, "trade_id": "131124601", "timestamp": 1614167728268, "tick_direction": 1, "price": 0.0025, "mark_price": 0.00272922, "iv": 132.29, "instrument_name": "BTC-26MAR21-120000-C", "index_price": 50381.69, "direction": "sell", "amount": 0.2}, {"trade_seq": 206, "trade_id": "131124600", "timestamp": 1614167728234, "tick_direction": 1, "price": 0.0025, "mark_price": 0.00272922, "iv": 132.29, "instrument_name": "BTC-26MAR21-120000-C", "index_price": 50381.69, "direction": "sell", "amount": 0.2}, {"trade_seq": 205, "trade_id": "131122858", "timestamp": 1614167141271, "tick_direction": 1, "price": 0.0025, "mark_price": 0.00266171, "iv": 132.0, "instrument_name": "BTC-26MAR21-120000-C", "index_price": 50468.93, "direction": "sell", "amount": 0.1}, {"trade_seq": 204, "trade_id": "131122856", "timestamp": 1614167138713, "tick_direction": 1, "price": 0.0025, "mark_price": 0.00266325, "iv": 131.98, "instrument_name": "BTC-26MAR21-120000-C", "index_price": 50486.4, "direction": "sell", "amount": 0.1}, {"trade_seq": 203, "trade_id": "131122854", "timestamp": 1614167134485, "tick_direction": 1, "price": 0.0025, "mark_price": 0.00266785, "iv": 131.95, "instrument_name": "BTC-26MAR21-120000-C", "index_price": 50488.05, "direction": "sell", "amount": 0.1}, {"trade_seq": 202, "trade_id": "131122852", "timestamp": 1614167132230, "tick_direction": 1, "price": 0.0025, "mark_price": 0.00266542, "iv": 131.96, "instrument_name": "BTC-26MAR21-120000-C", "index_price": 50482.39, "direction": "sell", "amount": 0.1}, {"trade_seq": 201, "trade_id": "131122851", "timestamp": 1614167131557, "tick_direction": 1, "price": 0.0025, "mark_price": 0.00266436, "iv": 131.96, "instrument_name": "BTC-26MAR21-120000-C", "index_price": 50482.39, "direction": "sell", "amount": 0.1}, {"trade_seq": 200, "trade_id": "131122830", "timestamp": 1614167129929, "tick_direction": 1, "price": 0.0025, "mark_price": 0.00266422, "iv": 131.97, "instrument_name": "BTC-26MAR21-120000-C", "index_price": 50478.84, "direction": "sell", "amount": 0.1}, {"trade_seq": 199, "trade_id": "131122828", "timestamp": 1614167129700, "tick_direction": 1, "price": 0.0025, "mark_price": 0.00266422, "iv": 131.97, "instrument_name": "BTC-26MAR21-120000-C", "index_price": 50478.84, "direction": "sell", "amount": 0.2}, {"trade_seq": 198, "trade_id": "131122824", "timestamp": 1614167127024, "tick_direction": 1, "price": 0.0025, "mark_price": 0.00265897, "iv": 132.0, "instrument_name": "BTC-26MAR21-120000-C", "index_price": 50467.09, "direction": "sell", "amount": 0.1}, {"trade_seq": 197, "trade_id": "131122822", "timestamp": 1614167126816, "tick_direction": 1, "price": 0.0025, "mark_price": 0.00265897, "iv": 132.0, "instrument_name": "BTC-26MAR21-120000-C", "index_price": 50467.09, "direction": "sell", "amount": 0.1}, {"trade_seq": 196, "trade_id": "131121948", "timestamp": 1614166805356, "tick_direction": 1, "price": 0.0025, "mark_price": 0.00268054, "iv": 131.48, "instrument_name": "BTC-26MAR21-120000-C", "index_price": 50640.97, "direction": "sell", "amount": 0.1}, {"trade_seq": 195, "trade_id": "131121946", "timestamp": 1614166805195, "tick_direction": 1, "price": 0.0025, "mark_price": 0.00268054, "iv": 131.48, "instrument_name": "BTC-26MAR21-120000-C", "index_price": 50640.97, "direction": "sell", "amount": 0.1}, {"trade_seq": 194, "trade_id": "131121944", "timestamp": 1614166805016, "tick_direction": 1, "price": 0.0025, "mark_price": 0.00268054, "iv": 131.48, "instrument_name": "BTC-26MAR21-120000-C", "index_price": 50640.97, "direction": "sell", "amount": 0.1}, {"trade_seq": 193, "trade_id": "131121942", "timestamp": 1614166804900, "tick_direction": 1, "price": 0.0025, "mark_price": 0.00268054, "iv": 131.48, "instrument_name": "BTC-26MAR21-120000-C", "index_price": 50640.97, "direction": "sell", "amount": 0.1}, {"trade_seq": 192, "trade_id": "131121941", "timestamp": 1614166804810, "tick_direction": 1, "price": 0.0025, "mark_price": 0.00268054, "iv": 131.48, "instrument_name": "BTC-26MAR21-120000-C", "index_price": 50640.97, "direction": "sell", "amount": 0.1}, {"trade_seq": 191, "trade_id": "131121044", "timestamp": 1614166261938, "tick_direction": 1, "price": 0.0025, "mark_price": 0.00266883, "iv": 131.05, "instrument_name": "BTC-26MAR21-120000-C", "index_price": 50823.27, "direction": "sell", "amount": 0.1}, {"trade_seq": 190, "trade_id": "131121027", "timestamp": 1614166253264, "tick_direction": 1, "price": 0.0025, "mark_price": 0.00267741, "iv": 130.98, "instrument_name": "BTC-26MAR21-120000-C", "index_price": 50854.16, "direction": "sell", "amount": 0.1}, {"trade_seq": 189, "trade_id": "131121018", "timestamp": 1614166250702, "tick_direction": 1, "price": 0.0025, "mark_price": 0.00267733, "iv": 130.97, "instrument_name": "BTC-26MAR21-120000-C", "index_price": 50852.92, "direction": "sell", "amount": 0.1}, {"trade_seq": 188, "trade_id": "131120825", "timestamp": 1614166133554, "tick_direction": 1, "price": 0.0025, "mark_price": 0.00265325, "iv": 130.98, "instrument_name": "BTC-26MAR21-120000-C", "index_price": 50843.47, "direction": "sell", "amount": 0.1}, {"trade_seq": 187, "trade_id": "131120796", "timestamp": 1614166110730, "tick_direction": 1, "price": 0.0025, "mark_price": 0.00264019, "iv": 131.06, "instrument_name": "BTC-26MAR21-120000-C", "index_price": 50819.02, "direction": "sell", "amount": 0.1}, {"trade_seq": 186, "trade_id": "131120790", "timestamp": 1614166110681, "tick_direction": 0, "price": 0.0025, "mark_price": 0.00264019, "iv": 131.06, "instrument_name": "BTC-26MAR21-120000-C", "index_price": 50819.02, "direction": "sell", "amount": 0.1}, {"trade_seq": 185, "trade_id": "131087535", "timestamp": 1614153908320, "tick_direction": 3, "price": 0.002, "mark_price": 0.00260824, "iv": 128.5, "instrument_name": "BTC-26MAR21-120000-C", "index_price": 50176.83, "direction": "sell", "amount": 0.1}, {"trade_seq": 184, "trade_id": "131087508", "timestamp": 1614153903409, "tick_direction": 3, "price": 0.002, "mark_price": 0.00262131, "iv": 128.4, "instrument_name": "BTC-26MAR21-120000-C", "index_price": 50225.9, "direction": "sell", "amount": 0.1}, {"trade_seq": 183, "trade_id": "131087507", "timestamp": 1614153903323, "tick_direction": 3, "price": 0.002, "mark_price": 0.00262131, "iv": 128.4, "instrument_name": "BTC-26MAR21-120000-C", "index_price": 50225.9, "direction": "sell", "amount": 0.1}, {"trade_seq": 182, "trade_id": "131087506", "timestamp": 1614153903289, "tick_direction": 3, "price": 0.002, "mark_price": 0.00262131, "iv": 128.4, "instrument_name": "BTC-26MAR21-120000-C", "index_price": 50225.9, "direction": "sell", "amount": 0.5}, {"trade_seq": 181, "trade_id": "130997402", "timestamp": 1614130052571, "tick_direction": 3, "price": 0.002, "mark_price": 0.00225221, "iv": 129.59, "instrument_name": "BTC-26MAR21-120000-C", "index_price": 49289.35, "direction": "sell", "amount": 0.1}, {"trade_seq": 180, "trade_id": "130997401", "timestamp": 1614130052506, "tick_direction": 3, "price": 0.002, "mark_price": 0.00225221, "iv": 129.59, "instrument_name": "BTC-26MAR21-120000-C", "index_price": 49289.35, "direction": "sell", "amount": 0.1}, {"trade_seq": 179, "trade_id": "130997400", "timestamp": 1614130052460, "tick_direction": 3, "price": 0.002, "mark_price": 0.00225221, "iv": 129.59, "instrument_name": "BTC-26MAR21-120000-C", "index_price": 49289.35, "direction": "sell", "amount": 0.6}, {"trade_seq": 178, "trade_id": "130987150", "timestamp": 1614128015338, "tick_direction": 3, "price": 0.002, "mark_price": 0.00180414, "iv": 132.9, "instrument_name": "BTC-26MAR21-120000-C", "index_price": 47983.02, "direction": "buy", "amount": 0.1}, {"trade_seq": 177, "trade_id": "130987097", "timestamp": 1614128014949, "tick_direction": 3, "price": 0.002, "mark_price": 0.00180164, "iv": 132.95, "instrument_name": "BTC-26MAR21-120000-C", "index_price": 47963.77, "direction": "buy", "amount": 0.1}, {"trade_seq": 176, "trade_id": "130986936", "timestamp": 1614127999075, "tick_direction": 3, "price": 0.002, "mark_price": 0.00178035, "iv": 133.19, "instrument_name": "BTC-26MAR21-120000-C", "index_price": 47895.71, "direction": "buy", "amount": 0.1}, {"trade_seq": 175, "trade_id": "130986934", "timestamp": 1614127998793, "tick_direction": 3, "price": 0.002, "mark_price": 0.00178069, "iv": 133.19, "instrument_name": "BTC-26MAR21-120000-C", "index_price": 47880.14, "direction": "buy", "amount": 0.1}, {"trade_seq": 174, "trade_id": "130986865", "timestamp": 1614127992766, "tick_direction": 3, "price": 0.002, "mark_price": 0.0017684, "iv": 133.31, "instrument_name": "BTC-26MAR21-120000-C", "index_price": 47835.94, "direction": "buy", "amount": 0.1}, {"trade_seq": 173, "trade_id": "130986844", "timestamp": 1614127991997, "tick_direction": 3, "price": 0.002, "mark_price": 0.0017684, "iv": 133.31, "instrument_name": "BTC-26MAR21-120000-C", "index_price": 47835.94, "direction": "buy", "amount": 0.1}, {"trade_seq": 172, "trade_id": "130986842", "timestamp": 1614127989568, "tick_direction": 3, "price": 0.002, "mark_price": 0.00176922, "iv": 133.3, "instrument_name": "BTC-26MAR21-120000-C", "index_price": 47830.59, "direction": "buy", "amount": 0.1}, {"trade_seq": 171, "trade_id": "130986841", "timestamp": 1614127987952, "tick_direction": 3, "price": 0.002, "mark_price": 0.00176974, "iv": 133.3, "instrument_name": "BTC-26MAR21-120000-C", "index_price": 47832.13, "direction": "buy", "amount": 0.1}, {"trade_seq": 170, "trade_id": "130986836", "timestamp": 1614127987198, "tick_direction": 3, "price": 0.002, "mark_price": 0.00176308, "iv": 133.36, "instrument_name": "BTC-26MAR21-120000-C", "index_price": 47820.77, "direction": "buy", "amount": 0.1}, {"trade_seq": 169, "trade_id": "130986835", "timestamp": 1614127985957, "tick_direction": 3, "price": 0.002, "mark_price": 0.00176387, "iv": 133.35, "instrument_name": "BTC-26MAR21-120000-C", "index_price": 47807.0, "direction": "buy", "amount": 0.1}, {"trade_seq": 168, "trade_id": "130986834", "timestamp": 1614127984995, "tick_direction": 3, "price": 0.002, "mark_price": 0.00176377, "iv": 133.35, "instrument_name": "BTC-26MAR21-120000-C", "index_price": 47810.89, "direction": "buy", "amount": 0.1}, {"trade_seq": 167, "trade_id": "130986774", "timestamp": 1614127980143, "tick_direction": 3, "price": 0.002, "mark_price": 0.00176762, "iv": 133.32, "instrument_name": "BTC-26MAR21-120000-C", "index_price": 47823.78, "direction": "buy", "amount": 0.1}, {"trade_seq": 166, "trade_id": "130986686", "timestamp": 1614127946678, "tick_direction": 3, "price": 0.002, "mark_price": 0.00176471, "iv": 133.36, "instrument_name": "BTC-26MAR21-120000-C", "index_price": 47824.15, "direction": "buy", "amount": 0.1}, {"trade_seq": 165, "trade_id": "130986677", "timestamp": 1614127945443, "tick_direction": 3, "price": 0.002, "mark_price": 0.00176339, "iv": 133.38, "instrument_name": "BTC-26MAR21-120000-C", "index_price": 47812.13, "direction": "buy", "amount": 0.1}, {"trade_seq": 164, "trade_id": "130986657", "timestamp": 1614127936321, "tick_direction": 3, "price": 0.002, "mark_price": 0.00175219, "iv": 133.49, "instrument_name": "BTC-26MAR21-120000-C", "index_price": 47764.09, "direction": "buy", "amount": 0.1}, {"trade_seq": 163, "trade_id": "130986653", "timestamp": 1614127932416, "tick_direction": 3, "price": 0.002, "mark_price": 0.0017473, "iv": 133.54, "instrument_name": "BTC-26MAR21-120000-C", "index_price": 47748.88, "direction": "buy", "amount": 0.1}, {"trade_seq": 162, "trade_id": "130986643", "timestamp": 1614127932069, "tick_direction": 3, "price": 0.002, "mark_price": 0.0017473, "iv": 133.54, "instrument_name": "BTC-26MAR21-120000-C", "index_price": 47748.88, "direction": "buy", "amount": 0.1}, {"trade_seq": 161, "trade_id": "130986591", "timestamp": 1614127915407, "tick_direction": 3, "price": 0.002, "mark_price": 0.00174572, "iv": 133.56, "instrument_name": "BTC-26MAR21-120000-C", "index_price": 47736.32, "direction": "buy", "amount": 0.1}, {"trade_seq": 160, "trade_id": "130986525", "timestamp": 1614127906655, "tick_direction": 3, "price": 0.002, "mark_price": 0.00174569, "iv": 133.54, "instrument_name": "BTC-26MAR21-120000-C", "index_price": 47743.01, "direction": "buy", "amount": 0.1}, {"trade_seq": 159, "trade_id": "130986498", "timestamp": 1614127899940, "tick_direction": 3, "price": 0.002, "mark_price": 0.00175277, "iv": 133.49, "instrument_name": "BTC-26MAR21-120000-C", "index_price": 47750.12, "direction": "buy", "amount": 0.1}, {"trade_seq": 158, "trade_id": "130986477", "timestamp": 1614127895300, "tick_direction": 3, "price": 0.002, "mark_price": 0.00175391, "iv": 133.49, "instrument_name": "BTC-26MAR21-120000-C", "index_price": 47755.58, "direction": "buy", "amount": 0.2}, {"trade_seq": 157, "trade_id": "130986280", "timestamp": 1614127816876, "tick_direction": 3, "price": 0.002, "mark_price": 0.00178443, "iv": 133.26, "instrument_name": "BTC-26MAR21-120000-C", "index_price": 47848.39, "direction": "buy", "amount": 0.1}, {"trade_seq": 156, "trade_id": "130986266", "timestamp": 1614127814663, "tick_direction": 3, "price": 0.002, "mark_price": 0.00177698, "iv": 133.33, "instrument_name": "BTC-26MAR21-120000-C", "index_price": 47833.14, "direction": "buy", "amount": 0.1}, {"trade_seq": 155, "trade_id": "130986242", "timestamp": 1614127808003, "tick_direction": 3, "price": 0.002, "mark_price": 0.00177284, "iv": 133.37, "instrument_name": "BTC-26MAR21-120000-C", "index_price": 47795.76, "direction": "buy", "amount": 0.1}, {"trade_seq": 154, "trade_id": "130982484", "timestamp": 1614126906834, "tick_direction": 3, "price": 0.002, "mark_price": 0.00186533, "iv": 133.73, "instrument_name": "BTC-26MAR21-120000-C", "index_price": 47661.09, "direction": "buy", "amount": 0.1}, {"trade_seq": 153, "trade_id": "130982330", "timestamp": 1614126867186, "tick_direction": 3, "price": 0.002, "mark_price": 0.00187458, "iv": 133.74, "instrument_name": "BTC-26MAR21-120000-C", "index_price": 47677.69, "direction": "buy", "amount": 0.1}, {"trade_seq": 152, "trade_id": "130982329", "timestamp": 1614126867055, "tick_direction": 3, "price": 0.002, "mark_price": 0.00187458, "iv": 133.74, "instrument_name": "BTC-26MAR21-120000-C", "index_price": 47677.69, "direction": "buy", "amount": 0.1}, {"trade_seq": 151, "trade_id": "130982320", "timestamp": 1614126865040, "tick_direction": 3, "price": 0.002, "mark_price": 0.00187279, "iv": 133.74, "instrument_name": "BTC-26MAR21-120000-C", "index_price": 47670.61, "direction": "buy", "amount": 0.1}, {"trade_seq": 150, "trade_id": "130982312", "timestamp": 1614126864753, "tick_direction": 3, "price": 0.002, "mark_price": 0.00187279, "iv": 133.74, "instrument_name": "BTC-26MAR21-120000-C", "index_price": 47670.61, "direction": "buy", "amount": 0.1}, {"trade_seq": 149, "trade_id": "130982310", "timestamp": 1614126862387, "tick_direction": 3, "price": 0.002, "mark_price": 0.00186944, "iv": 133.78, "instrument_name": "BTC-26MAR21-120000-C", "index_price": 47652.55, "direction": "buy", "amount": 0.1}, {"trade_seq": 148, "trade_id": "130982302", "timestamp": 1614126857664, "tick_direction": 3, "price": 0.002, "mark_price": 0.00186869, "iv": 133.82, "instrument_name": "BTC-26MAR21-120000-C", "index_price": 47639.2, "direction": "buy", "amount": 0.1}, {"trade_seq": 147, "trade_id": "130982298", "timestamp": 1614126855805, "tick_direction": 3, "price": 0.002, "mark_price": 0.00186597, "iv": 133.82, "instrument_name": "BTC-26MAR21-120000-C", "index_price": 47635.81, "direction": "buy", "amount": 0.2}, {"trade_seq": 146, "trade_id": "130982296", "timestamp": 1614126853209, "tick_direction": 3, "price": 0.002, "mark_price": 0.00186551, "iv": 133.86, "instrument_name": "BTC-26MAR21-120000-C", "index_price": 47627.34, "direction": "buy", "amount": 0.1}, {"trade_seq": 145, "trade_id": "130982295", "timestamp": 1614126853103, "tick_direction": 3, "price": 0.002, "mark_price": 0.00186551, "iv": 133.86, "instrument_name": "BTC-26MAR21-120000-C", "index_price": 47627.34, "direction": "buy", "amount": 0.1}, {"trade_seq": 144, "trade_id": "130982286", "timestamp": 1614126850854, "tick_direction": 3, "price": 0.002, "mark_price": 0.00186826, "iv": 133.86, "instrument_name": "BTC-26MAR21-120000-C", "index_price": 47620.5, "direction": "buy", "amount": 0.1}, {"trade_seq": 143, "trade_id": "130982285", "timestamp": 1614126850763, "tick_direction": 3, "price": 0.002, "mark_price": 0.00186826, "iv": 133.85, "instrument_name": "BTC-26MAR21-120000-C", "index_price": 47620.5, "direction": "buy", "amount": 0.1}, {"trade_seq": 142, "trade_id": "130982275", "timestamp": 1614126848613, "tick_direction": 3, "price": 0.002, "mark_price": 0.00187241, "iv": 133.84, "instrument_name": "BTC-26MAR21-120000-C", "index_price": 47631.23, "direction": "buy", "amount": 0.1}, {"trade_seq": 141, "trade_id": "130982262", "timestamp": 1614126846287, "tick_direction": 3, "price": 0.002, "mark_price": 0.00187482, "iv": 133.79, "instrument_name": "BTC-26MAR21-120000-C", "index_price": 47641.37, "direction": "buy", "amount": 0.2}, {"trade_seq": 140, "trade_id": "130982258", "timestamp": 1614126844430, "tick_direction": 3, "price": 0.002, "mark_price": 0.00187487, "iv": 133.79, "instrument_name": "BTC-26MAR21-120000-C", "index_price": 47651.34, "direction": "buy", "amount": 0.1}, {"trade_seq": 139, "trade_id": "130982253", "timestamp": 1614126841912, "tick_direction": 3, "price": 0.002, "mark_price": 0.00187019, "iv": 133.84, "instrument_name": "BTC-26MAR21-120000-C", "index_price": 47628.88, "direction": "buy", "amount": 0.1}, {"trade_seq": 138, "trade_id": "130982228", "timestamp": 1614126841458, "tick_direction": 3, "price": 0.002, "mark_price": 0.00187019, "iv": 133.85, "instrument_name": "BTC-26MAR21-120000-C", "index_price": 47628.88, "direction": "buy", "amount": 0.1}, {"trade_seq": 137, "trade_id": "130981575", "timestamp": 1614126683190, "tick_direction": 3, "price": 0.002, "mark_price": 0.00183285, "iv": 134.53, "instrument_name": "BTC-26MAR21-120000-C", "index_price": 47390.22, "direction": "buy", "amount": 0.1}, {"trade_seq": 136, "trade_id": "130981571", "timestamp": 1614126682104, "tick_direction": 3, "price": 0.002, "mark_price": 0.00183188, "iv": 134.54, "instrument_name": "BTC-26MAR21-120000-C", "index_price": 47385.94, "direction": "buy", "amount": 0.1}, {"trade_seq": 135, "trade_id": "130981567", "timestamp": 1614126679625, "tick_direction": 3, "price": 0.002, "mark_price": 0.00183168, "iv": 134.54, "instrument_name": "BTC-26MAR21-120000-C", "index_price": 47375.9, "direction": "buy", "amount": 0.1}, {"trade_seq": 134, "trade_id": "130981563", "timestamp": 1614126678658, "tick_direction": 3, "price": 0.002, "mark_price": 0.00183102, "iv": 134.55, "instrument_name": "BTC-26MAR21-120000-C", "index_price": 47369.63, "direction": "buy", "amount": 0.1}, {"trade_seq": 133, "trade_id": "130980703", "timestamp": 1614126539380, "tick_direction": 3, "price": 0.002, "mark_price": 0.00181709, "iv": 134.94, "instrument_name": "BTC-26MAR21-120000-C", "index_price": 47215.44, "direction": "buy", "amount": 0.1}, {"trade_seq": 132, "trade_id": "130980701", "timestamp": 1614126539014, "tick_direction": 3, "price": 0.002, "mark_price": 0.00181563, "iv": 134.94, "instrument_name": "BTC-26MAR21-120000-C", "index_price": 47215.44, "direction": "buy", "amount": 0.1}, {"trade_seq": 131, "trade_id": "130955378", "timestamp": 1614119120216, "tick_direction": 3, "price": 0.002, "mark_price": 0.00184049, "iv": 131.8, "instrument_name": "BTC-26MAR21-120000-C", "index_price": 48386.19, "direction": "buy", "amount": 5.0}, {"trade_seq": 130, "trade_id": "130496018", "timestamp": 1614072292697, "tick_direction": 2, "price": 0.002, "mark_price": 0.00273757, "iv": 131.66, "instrument_name": "BTC-26MAR21-120000-C", "index_price": 47753.87, "direction": "buy", "amount": 5.0}, {"trade_seq": 129, "trade_id": "130435647", "timestamp": 1614070497465, "tick_direction": 3, "price": 0.0025, "mark_price": 0.0019467, "iv": 136.23, "instrument_name": "BTC-26MAR21-120000-C", "index_price": 47688.48, "direction": "buy", "amount": 1.0}, {"trade_seq": 128, "trade_id": "130147050", "timestamp": 1614036605955, "tick_direction": 3, "price": 0.0025, "mark_price": 0.00267979, "iv": 120.97, "instrument_name": "BTC-26MAR21-120000-C", "index_price": 53622.26, "direction": "sell", "amount": 0.1}, {"trade_seq": 127, "trade_id": "130147049", "timestamp": 1614036605868, "tick_direction": 3, "price": 0.0025, "mark_price": 0.00267979, "iv": 120.97, "instrument_name": "BTC-26MAR21-120000-C", "index_price": 53622.26, "direction": "sell", "amount": 0.4}, {"trade_seq": 126, "trade_id": "130147048", "timestamp": 1614036605694, "tick_direction": 2, "price": 0.0025, "mark_price": 0.00267979, "iv": 120.97, "instrument_name": "BTC-26MAR21-120000-C", "index_price": 53622.26, "direction": "sell", "amount": 1.1}, {"trade_seq": 125, "trade_id": "130096543", "timestamp": 1614024571421, "tick_direction": 1, "price": 0.003, "mark_price": 0.00295693, "iv": 122.35, "instrument_name": "BTC-26MAR21-120000-C", "index_price": 54291.09, "direction": "sell", "amount": 9.8}, {"trade_seq": 124, "trade_id": "130069804", "timestamp": 1614018540449, "tick_direction": 1, "price": 0.003, "mark_price": 0.00261754, "iv": 125.29, "instrument_name": "BTC-26MAR21-120000-C", "index_price": 52894.15, "direction": "buy", "amount": 0.1}, {"trade_seq": 123, "trade_id": "130069801", "timestamp": 1614018540230, "tick_direction": 1, "price": 0.003, "mark_price": 0.00261754, "iv": 125.34, "instrument_name": "BTC-26MAR21-120000-C", "index_price": 52888.21, "direction": "buy", "amount": 0.1}, {"trade_seq": 122, "trade_id": "130069798", "timestamp": 1614018540104, "tick_direction": 1, "price": 0.003, "mark_price": 0.00261306, "iv": 125.34, "instrument_name": "BTC-26MAR21-120000-C", "index_price": 52888.21, "direction": "buy", "amount": 0.2}, {"trade_seq": 121, "trade_id": "130069797", "timestamp": 1614018540033, "tick_direction": 1, "price": 0.003, "mark_price": 0.00261306, "iv": 125.34, "instrument_name": "BTC-26MAR21-120000-C", "index_price": 52888.21, "direction": "buy", "amount": 0.5}, {"trade_seq": 120, "trade_id": "130069745", "timestamp": 1614018537860, "tick_direction": 1, "price": 0.003, "mark_price": 0.00260479, "iv": 125.41, "instrument_name": "BTC-26MAR21-120000-C", "index_price": 52859.25, "direction": "buy", "amount": 0.1}, {"trade_seq": 119, "trade_id": "130069727", "timestamp": 1614018537646, "tick_direction": 1, "price": 0.003, "mark_price": 0.00260479, "iv": 125.41, "instrument_name": "BTC-26MAR21-120000-C", "index_price": 52859.25, "direction": "buy", "amount": 0.2}, {"trade_seq": 118, "trade_id": "130069717", "timestamp": 1614018537503, "tick_direction": 1, "price": 0.003, "mark_price": 0.00260479, "iv": 125.41, "instrument_name": "BTC-26MAR21-120000-C", "index_price": 52859.25, "direction": "buy", "amount": 0.4}, {"trade_seq": 117, "trade_id": "130069685", "timestamp": 1614018535261, "tick_direction": 1, "price": 0.003, "mark_price": 0.00259981, "iv": 125.47, "instrument_name": "BTC-26MAR21-120000-C", "index_price": 52835.85, "direction": "buy", "amount": 0.1}, {"trade_seq": 116, "trade_id": "130069684", "timestamp": 1614018535190, "tick_direction": 1, "price": 0.003, "mark_price": 0.00259981, "iv": 125.47, "instrument_name": "BTC-26MAR21-120000-C", "index_price": 52835.85, "direction": "buy", "amount": 0.2}, {"trade_seq": 115, "trade_id": "130069657", "timestamp": 1614018532981, "tick_direction": 1, "price": 0.003, "mark_price": 0.00260034, "iv": 125.46, "instrument_name": "BTC-26MAR21-120000-C", "index_price": 52825.85, "direction": "buy", "amount": 0.2}, {"trade_seq": 114, "trade_id": "130069655", "timestamp": 1614018532858, "tick_direction": 1, "price": 0.003, "mark_price": 0.00260034, "iv": 125.46, "instrument_name": "BTC-26MAR21-120000-C", "index_price": 52825.85, "direction": "buy", "amount": 0.3}, {"trade_seq": 113, "trade_id": "130069652", "timestamp": 1614018532560, "tick_direction": 1, "price": 0.003, "mark_price": 0.00260034, "iv": 125.46, "instrument_name": "BTC-26MAR21-120000-C", "index_price": 52825.85, "direction": "buy", "amount": 0.1}, {"trade_seq": 112, "trade_id": "130069651", "timestamp": 1614018532467, "tick_direction": 1, "price": 0.003, "mark_price": 0.00260034, "iv": 125.46, "instrument_name": "BTC-26MAR21-120000-C", "index_price": 52825.85, "direction": "buy", "amount": 0.4}, {"trade_seq": 111, "trade_id": "130069622", "timestamp": 1614018529486, "tick_direction": 1, "price": 0.003, "mark_price": 0.00259312, "iv": 125.51, "instrument_name": "BTC-26MAR21-120000-C", "index_price": 52815.32, "direction": "buy", "amount": 0.1}, {"trade_seq": 110, "trade_id": "130069621", "timestamp": 1614018529376, "tick_direction": 1, "price": 0.003, "mark_price": 0.00259312, "iv": 125.51, "instrument_name": "BTC-26MAR21-120000-C", "index_price": 52815.32, "direction": "buy", "amount": 0.1}, {"trade_seq": 109, "trade_id": "130069620", "timestamp": 1614018529366, "tick_direction": 1, "price": 0.003, "mark_price": 0.00259312, "iv": 125.51, "instrument_name": "BTC-26MAR21-120000-C", "index_price": 52815.32, "direction": "buy", "amount": 0.5}, {"trade_seq": 108, "trade_id": "130069616", "timestamp": 1614018529170, "tick_direction": 1, "price": 0.003, "mark_price": 0.00259026, "iv": 125.52, "instrument_name": "BTC-26MAR21-120000-C", "index_price": 52805.36, "direction": "buy", "amount": 0.1}, {"trade_seq": 107, "trade_id": "130069613", "timestamp": 1614018529059, "tick_direction": 1, "price": 0.003, "mark_price": 0.00259026, "iv": 125.52, "instrument_name": "BTC-26MAR21-120000-C", "index_price": 52805.36, "direction": "buy", "amount": 0.2}, {"trade_seq": 106, "trade_id": "130068252", "timestamp": 1614018270489, "tick_direction": 0, "price": 0.003, "mark_price": 0.00266201, "iv": 125.5, "instrument_name": "BTC-26MAR21-120000-C", "index_price": 52771.52, "direction": "buy", "amount": 0.1}, {"trade_seq": 105, "trade_id": "130063016", "timestamp": 1614017525297, "tick_direction": 3, "price": 0.002, "mark_price": 0.00242274, "iv": 121.13, "instrument_name": "BTC-26MAR21-120000-C", "index_price": 51771.65, "direction": "sell", "amount": 30.0}, {"trade_seq": 104, "trade_id": "130063015", "timestamp": 1614017525297, "tick_direction": 3, "price": 0.002, "mark_price": 0.00242274, "iv": 121.13, "instrument_name": "BTC-26MAR21-120000-C", "index_price": 51771.65, "direction": "sell", "amount": 1.0}, {"trade_seq": 103, "trade_id": "130063014", "timestamp": 1614017525297, "tick_direction": 2, "price": 0.002, "mark_price": 0.00242274, "iv": 121.13, "instrument_name": "BTC-26MAR21-120000-C", "index_price": 51771.65, "direction": "sell", "amount": 1.0}, {"trade_seq": 102, "trade_id": "130058134", "timestamp": 1614017026506, "tick_direction": 3, "price": 0.003, "mark_price": 0.00241596, "iv": 127.81, "instrument_name": "BTC-26MAR21-120000-C", "index_price": 51888.05, "direction": "buy", "amount": 0.1}, {"trade_seq": 101, "trade_id": "130058129", "timestamp": 1614017025939, "tick_direction": 3, "price": 0.003, "mark_price": 0.00241596, "iv": 127.81, "instrument_name": "BTC-26MAR21-120000-C", "index_price": 51875.12, "direction": "buy", "amount": 0.1}, {"trade_seq": 100, "trade_id": "130056569", "timestamp": 1614016923568, "tick_direction": 3, "price": 0.003, "mark_price": 0.00255773, "iv": 126.85, "instrument_name": "BTC-26MAR21-120000-C", "index_price": 52285.22, "direction": "buy", "amount": 0.1}, {"trade_seq": 99, "trade_id": "130056567", "timestamp": 1614016923200, "tick_direction": 3, "price": 0.003, "mark_price": 0.0025541, "iv": 126.85, "instrument_name": "BTC-26MAR21-120000-C", "index_price": 52285.22, "direction": "buy", "amount": 0.1}, {"trade_seq": 98, "trade_id": "130054804", "timestamp": 1614016722883, "tick_direction": 3, "price": 0.003, "mark_price": 0.00250792, "iv": 127.37, "instrument_name": "BTC-26MAR21-120000-C", "index_price": 52064.12, "direction": "buy", "amount": 0.1}, {"trade_seq": 97, "trade_id": "130054731", "timestamp": 1614016716284, "tick_direction": 3, "price": 0.003, "mark_price": 0.00251521, "iv": 127.32, "instrument_name": "BTC-26MAR21-120000-C", "index_price": 52078.46, "direction": "buy", "amount": 0.1}, {"trade_seq": 96, "trade_id": "130054730", "timestamp": 1614016716077, "tick_direction": 3, "price": 0.003, "mark_price": 0.00251521, "iv": 127.32, "instrument_name": "BTC-26MAR21-120000-C", "index_price": 52078.46, "direction": "buy", "amount": 0.3}, {"trade_seq": 95, "trade_id": "130054727", "timestamp": 1614016715157, "tick_direction": 3, "price": 0.003, "mark_price": 0.00251713, "iv": 127.32, "instrument_name": "BTC-26MAR21-120000-C", "index_price": 52080.19, "direction": "buy", "amount": 0.1}, {"trade_seq": 94, "trade_id": "130046953", "timestamp": 1614015168297, "tick_direction": 3, "price": 0.003, "mark_price": 0.00263906, "iv": 125.22, "instrument_name": "BTC-26MAR21-120000-C", "index_price": 52939.74, "direction": "buy", "amount": 0.1}, {"trade_seq": 93, "trade_id": "130046952", "timestamp": 1614015168186, "tick_direction": 3, "price": 0.003, "mark_price": 0.00263906, "iv": 125.22, "instrument_name": "BTC-26MAR21-120000-C", "index_price": 52939.74, "direction": "buy", "amount": 0.4}, {"trade_seq": 92, "trade_id": "130046951", "timestamp": 1614015168093, "tick_direction": 3, "price": 0.003, "mark_price": 0.00263906, "iv": 125.22, "instrument_name": "BTC-26MAR21-120000-C", "index_price": 52939.74, "direction": "buy", "amount": 1.1}, {"trade_seq": 91, "trade_id": "129986890", "timestamp": 1614006475654, "tick_direction": 3, "price": 0.003, "mark_price": 0.00363779, "iv": 123.78, "instrument_name": "BTC-26MAR21-120000-C", "index_price": 53554.22, "direction": "sell", "amount": 0.1}, {"trade_seq": 90, "trade_id": "129986865", "timestamp": 1614006475127, "tick_direction": 3, "price": 0.003, "mark_price": 0.00361218, "iv": 123.78, "instrument_name": "BTC-26MAR21-120000-C", "index_price": 53554.22, "direction": "sell", "amount": 0.1}, {"trade_seq": 89, "trade_id": "129986847", "timestamp": 1614006474791, "tick_direction": 3, "price": 0.003, "mark_price": 0.00361218, "iv": 123.91, "instrument_name": "BTC-26MAR21-120000-C", "index_price": 53590.73, "direction": "sell", "amount": 0.1}, {"trade_seq": 88, "trade_id": "129986840", "timestamp": 1614006474663, "tick_direction": 3, "price": 0.003, "mark_price": 0.00361218, "iv": 123.91, "instrument_name": "BTC-26MAR21-120000-C", "index_price": 53590.73, "direction": "sell", "amount": 0.1}, {"trade_seq": 87, "trade_id": "129986827", "timestamp": 1614006474571, "tick_direction": 3, "price": 0.003, "mark_price": 0.00361218, "iv": 123.91, "instrument_name": "BTC-26MAR21-120000-C", "index_price": 53590.73, "direction": "sell", "amount": 0.1}, {"trade_seq": 86, "trade_id": "129986811", "timestamp": 1614006474478, "tick_direction": 3, "price": 0.003, "mark_price": 0.00361218, "iv": 123.91, "instrument_name": "BTC-26MAR21-120000-C", "index_price": 53590.73, "direction": "sell", "amount": 0.3}, {"trade_seq": 85, "trade_id": "129986807", "timestamp": 1614006474394, "tick_direction": 3, "price": 0.003, "mark_price": 0.00360686, "iv": 123.91, "instrument_name": "BTC-26MAR21-120000-C", "index_price": 53590.73, "direction": "sell", "amount": 0.7}, {"trade_seq": 84, "trade_id": "129986516", "timestamp": 1614006460433, "tick_direction": 3, "price": 0.003, "mark_price": 0.00360052, "iv": 123.98, "instrument_name": "BTC-26MAR21-120000-C", "index_price": 53504.63, "direction": "sell", "amount": 0.1}, {"trade_seq": 83, "trade_id": "129986432", "timestamp": 1614006458004, "tick_direction": 3, "price": 0.003, "mark_price": 0.00361656, "iv": 123.94, "instrument_name": "BTC-26MAR21-120000-C", "index_price": 53543.88, "direction": "sell", "amount": 0.1}, {"trade_seq": 82, "trade_id": "129986419", "timestamp": 1614006456759, "tick_direction": 3, "price": 0.003, "mark_price": 0.00362969, "iv": 123.84, "instrument_name": "BTC-26MAR21-120000-C", "index_price": 53564.71, "direction": "sell", "amount": 0.1}, {"trade_seq": 81, "trade_id": "129986387", "timestamp": 1614006455591, "tick_direction": 3, "price": 0.003, "mark_price": 0.00363943, "iv": 123.79, "instrument_name": "BTC-26MAR21-120000-C", "index_price": 53592.16, "direction": "sell", "amount": 0.1}, {"trade_seq": 80, "trade_id": "129986386", "timestamp": 1614006455493, "tick_direction": 3, "price": 0.003, "mark_price": 0.00363943, "iv": 123.79, "instrument_name": "BTC-26MAR21-120000-C", "index_price": 53592.16, "direction": "sell", "amount": 0.1}, {"trade_seq": 79, "trade_id": "129986367", "timestamp": 1614006454502, "tick_direction": 3, "price": 0.003, "mark_price": 0.00363992, "iv": 123.79, "instrument_name": "BTC-26MAR21-120000-C", "index_price": 53612.76, "direction": "sell", "amount": 0.1}, {"trade_seq": 78, "trade_id": "129986365", "timestamp": 1614006453556, "tick_direction": 3, "price": 0.003, "mark_price": 0.00363664, "iv": 123.81, "instrument_name": "BTC-26MAR21-120000-C", "index_price": 53611.55, "direction": "sell", "amount": 0.1}, {"trade_seq": 77, "trade_id": "129986364", "timestamp": 1614006453243, "tick_direction": 3, "price": 0.003, "mark_price": 0.00363706, "iv": 123.81, "instrument_name": "BTC-26MAR21-120000-C", "index_price": 53611.55, "direction": "sell", "amount": 0.2}, {"trade_seq": 76, "trade_id": "129986363", "timestamp": 1614006452893, "tick_direction": 3, "price": 0.003, "mark_price": 0.00363706, "iv": 123.8, "instrument_name": "BTC-26MAR21-120000-C", "index_price": 53601.99, "direction": "sell", "amount": 0.2}, {"trade_seq": 75, "trade_id": "129986362", "timestamp": 1614006452765, "tick_direction": 3, "price": 0.003, "mark_price": 0.00363706, "iv": 123.8, "instrument_name": "BTC-26MAR21-120000-C", "index_price": 53601.99, "direction": "sell", "amount": 0.6}, {"trade_seq": 74, "trade_id": "129986361", "timestamp": 1614006452729, "tick_direction": 2, "price": 0.003, "mark_price": 0.00363706, "iv": 123.8, "instrument_name": "BTC-26MAR21-120000-C", "index_price": 53601.99, "direction": "sell", "amount": 1.8}, {"trade_seq": 73, "trade_id": "129980236", "timestamp": 1614006069996, "tick_direction": 1, "price": 0.0035, "mark_price": 0.00391344, "iv": 125.55, "instrument_name": "BTC-26MAR21-120000-C", "index_price": 54038.38, "direction": "sell", "amount": 0.1}, {"trade_seq": 72, "trade_id": "129980227", "timestamp": 1614006069868, "tick_direction": 1, "price": 0.0035, "mark_price": 0.00391344, "iv": 125.55, "instrument_name": "BTC-26MAR21-120000-C", "index_price": 54038.38, "direction": "sell", "amount": 0.1}, {"trade_seq": 71, "trade_id": "129980218", "timestamp": 1614006069790, "tick_direction": 1, "price": 0.0035, "mark_price": 0.00391344, "iv": 125.55, "instrument_name": "BTC-26MAR21-120000-C", "index_price": 54038.38, "direction": "sell", "amount": 0.1}, {"trade_seq": 70, "trade_id": "129980216", "timestamp": 1614006069760, "tick_direction": 1, "price": 0.0035, "mark_price": 0.00391344, "iv": 125.55, "instrument_name": "BTC-26MAR21-120000-C", "index_price": 54038.38, "direction": "sell", "amount": 0.4}, {"trade_seq": 69, "trade_id": "129980205", "timestamp": 1614006069512, "tick_direction": 1, "price": 0.0035, "mark_price": 0.00391344, "iv": 125.55, "instrument_name": "BTC-26MAR21-120000-C", "index_price": 54038.38, "direction": "sell", "amount": 0.3}, {"trade_seq": 68, "trade_id": "129980203", "timestamp": 1614006069412, "tick_direction": 1, "price": 0.0035, "mark_price": 0.00391344, "iv": 125.59, "instrument_name": "BTC-26MAR21-120000-C", "index_price": 54051.31, "direction": "sell", "amount": 0.6}, {"trade_seq": 67, "trade_id": "129980189", "timestamp": 1614006069279, "tick_direction": 1, "price": 0.0035, "mark_price": 0.00391344, "iv": 125.59, "instrument_name": "BTC-26MAR21-120000-C", "index_price": 54051.31, "direction": "sell", "amount": 1.7}, {"trade_seq": 66, "trade_id": "129980158", "timestamp": 1614006067030, "tick_direction": 1, "price": 0.0035, "mark_price": 0.00390095, "iv": 125.66, "instrument_name": "BTC-26MAR21-120000-C", "index_price": 54006.14, "direction": "sell", "amount": 0.1}, {"trade_seq": 65, "trade_id": "129980157", "timestamp": 1614006066958, "tick_direction": 0, "price": 0.0035, "mark_price": 0.00390095, "iv": 125.66, "instrument_name": "BTC-26MAR21-120000-C", "index_price": 54006.14, "direction": "sell", "amount": 0.1}, {"trade_seq": 64, "trade_id": "129964148", "timestamp": 1614005207985, "tick_direction": 3, "price": 0.003, "mark_price": 0.00371342, "iv": 125.24, "instrument_name": "BTC-26MAR21-120000-C", "index_price": 52786.81, "direction": "buy", "amount": 0.1}, {"trade_seq": 63, "trade_id": "129964078", "timestamp": 1614005207318, "tick_direction": 3, "price": 0.003, "mark_price": 0.00371342, "iv": 125.24, "instrument_name": "BTC-26MAR21-120000-C", "index_price": 52776.0, "direction": "buy", "amount": 0.1}, {"trade_seq": 62, "trade_id": "129964064", "timestamp": 1614005206587, "tick_direction": 3, "price": 0.003, "mark_price": 0.00371552, "iv": 125.24, "instrument_name": "BTC-26MAR21-120000-C", "index_price": 52780.51, "direction": "buy", "amount": 0.2}, {"trade_seq": 61, "trade_id": "129963582", "timestamp": 1614005179049, "tick_direction": 3, "price": 0.003, "mark_price": 0.00366004, "iv": 125.71, "instrument_name": "BTC-26MAR21-120000-C", "index_price": 52594.3, "direction": "buy", "amount": 0.3}, {"trade_seq": 60, "trade_id": "129962099", "timestamp": 1614005092355, "tick_direction": 3, "price": 0.003, "mark_price": 0.0036125, "iv": 126.39, "instrument_name": "BTC-26MAR21-120000-C", "index_price": 52304.1, "direction": "buy", "amount": 0.4}, {"trade_seq": 59, "trade_id": "129961764", "timestamp": 1614005077609, "tick_direction": 3, "price": 0.003, "mark_price": 0.00363171, "iv": 126.43, "instrument_name": "BTC-26MAR21-120000-C", "index_price": 52308.4, "direction": "buy", "amount": 0.4}, {"trade_seq": 58, "trade_id": "129961685", "timestamp": 1614005074272, "tick_direction": 3, "price": 0.003, "mark_price": 0.00366042, "iv": 126.3, "instrument_name": "BTC-26MAR21-120000-C", "index_price": 52330.86, "direction": "buy", "amount": 0.4}, {"trade_seq": 57, "trade_id": "129961610", "timestamp": 1614005070062, "tick_direction": 3, "price": 0.003, "mark_price": 0.00368819, "iv": 126.18, "instrument_name": "BTC-26MAR21-120000-C", "index_price": 52392.13, "direction": "buy", "amount": 0.4}, {"trade_seq": 56, "trade_id": "129961507", "timestamp": 1614005065187, "tick_direction": 3, "price": 0.003, "mark_price": 0.00370036, "iv": 126.14, "instrument_name": "BTC-26MAR21-120000-C", "index_price": 52429.09, "direction": "buy", "amount": 0.4}, {"trade_seq": 55, "trade_id": "129961129", "timestamp": 1614005047942, "tick_direction": 3, "price": 0.003, "mark_price": 0.00375775, "iv": 125.96, "instrument_name": "BTC-26MAR21-120000-C", "index_price": 52478.74, "direction": "buy", "amount": 0.4}, {"trade_seq": 54, "trade_id": "129960741", "timestamp": 1614005033494, "tick_direction": 3, "price": 0.003, "mark_price": 0.00374056, "iv": 126.12, "instrument_name": "BTC-26MAR21-120000-C", "index_price": 52353.45, "direction": "buy", "amount": 0.2}, {"trade_seq": 53, "trade_id": "129960528", "timestamp": 1614005031501, "tick_direction": 3, "price": 0.003, "mark_price": 0.00374072, "iv": 126.13, "instrument_name": "BTC-26MAR21-120000-C", "index_price": 52414.66, "direction": "buy", "amount": 0.2}, {"trade_seq": 52, "trade_id": "129960510", "timestamp": 1614005029090, "tick_direction": 3, "price": 0.003, "mark_price": 0.00373066, "iv": 126.16, "instrument_name": "BTC-26MAR21-120000-C", "index_price": 52400.91, "direction": "buy", "amount": 0.2}, {"trade_seq": 51, "trade_id": "129960462", "timestamp": 1614005026945, "tick_direction": 3, "price": 0.003, "mark_price": 0.00373163, "iv": 126.21, "instrument_name": "BTC-26MAR21-120000-C", "index_price": 52377.96, "direction": "buy", "amount": 0.2}, {"trade_seq": 50, "trade_id": "129960410", "timestamp": 1614005024268, "tick_direction": 3, "price": 0.003, "mark_price": 0.00370779, "iv": 126.25, "instrument_name": "BTC-26MAR21-120000-C", "index_price": 52361.61, "direction": "buy", "amount": 0.2}, {"trade_seq": 49, "trade_id": "129960334", "timestamp": 1614005022124, "tick_direction": 3, "price": 0.003, "mark_price": 0.0037065, "iv": 126.37, "instrument_name": "BTC-26MAR21-120000-C", "index_price": 52320.06, "direction": "buy", "amount": 0.2}, {"trade_seq": 48, "trade_id": "129960270", "timestamp": 1614005018722, "tick_direction": 3, "price": 0.003, "mark_price": 0.00371645, "iv": 126.33, "instrument_name": "BTC-26MAR21-120000-C", "index_price": 52312.96, "direction": "buy", "amount": 0.2}, {"trade_seq": 47, "trade_id": "129960214", "timestamp": 1614005016429, "tick_direction": 3, "price": 0.003, "mark_price": 0.00371421, "iv": 126.36, "instrument_name": "BTC-26MAR21-120000-C", "index_price": 52313.8, "direction": "buy", "amount": 0.2}, {"trade_seq": 46, "trade_id": "129960130", "timestamp": 1614005012875, "tick_direction": 3, "price": 0.003, "mark_price": 0.00373181, "iv": 126.29, "instrument_name": "BTC-26MAR21-120000-C", "index_price": 52332.73, "direction": "buy", "amount": 0.1}