{"trades": [{"trade_seq": 2581, "trade_id": "235438158", "timestamp": 1668171178065, "tick_direction": 3, "price": 0.0005, "mark_price": 2.55e-06, "iv": 142.78, "instrument_name": "BTC-30DEC22-80000-C", "index_price": 17341.91, "direction": "buy", "amount": 0.4}, {"trade_seq": 2580, "trade_id": "235131783", "timestamp": 1668091277421, "tick_direction": 3, "price": 0.0005, "mark_price": 2.77e-06, "iv": 141.39, "instrument_name": "BTC-30DEC22-80000-C", "index_price": 17354.36, "direction": "buy", "amount": 0.5}, {"trade_seq": 2579, "trade_id": "233945158", "timestamp": 1667883779628, "tick_direction": 3, "price": 0.0005, "mark_price": 1.233e-05, "iv": 127.39, "instrument_name": "BTC-30DEC22-80000-C", "index_price": 19696.37, "direction": "buy", "amount": 0.1}, {"trade_seq": 2578, "trade_id": "232149697", "timestamp": 1665982923769, "tick_direction": 3, "price": 0.0005, "mark_price": 0.00013671, "iv": 108.47, "instrument_name": "BTC-30DEC22-80000-C", "index_price": 19243.05, "direction": "buy", "amount": 20.0}, {"trade_seq": 2577, "trade_id": "232147456", "timestamp": 1665976081880, "tick_direction": 3, "price": 0.0005, "mark_price": 0.00013373, "iv": 108.66, "instrument_name": "BTC-30DEC22-80000-C", "index_price": 19178.63, "direction": "buy", "amount": 0.2}, {"trade_seq": 2576, "trade_id": "232147455", "timestamp": 1665976081818, "tick_direction": 3, "price": 0.0005, "mark_price": 0.00013373, "iv": 108.66, "instrument_name": "BTC-30DEC22-80000-C", "index_price": 19178.63, "direction": "buy", "amount": 3.0}, {"trade_seq": 2575, "trade_id": "231485354", "timestamp": 1665216628111, "tick_direction": 3, "price": 0.0005, "mark_price": 0.00030742, "iv": 101.66, "instrument_name": "BTC-30DEC22-80000-C", "index_price": 19509.83, "direction": "buy", "amount": 0.1}, {"trade_seq": 2574, "trade_id": "231162612", "timestamp": 1664955816425, "tick_direction": 3, "price": 0.0005, "mark_price": 0.00049437, "iv": 97.51, "instrument_name": "BTC-30DEC22-80000-C", "index_price": 20268.4, "direction": "sell", "amount": 5.0}, {"trade_seq": 2573, "trade_id": "231162607", "timestamp": 1664955809183, "tick_direction": 3, "price": 0.0005, "mark_price": 0.00049437, "iv": 97.51, "instrument_name": "BTC-30DEC22-80000-C", "index_price": 20268.53, "direction": "sell", "amount": 6.0}, {"trade_seq": 2572, "trade_id": "231162598", "timestamp": 1664955803479, "tick_direction": 3, "price": 0.0005, "mark_price": 0.00049418, "iv": 97.51, "instrument_name": "BTC-30DEC22-80000-C", "index_price": 20268.46, "direction": "sell", "amount": 5.0}, {"trade_seq": 2571, "trade_id": "230239191", "timestamp": 1664198775249, "tick_direction": 3, "price": 0.0005, "mark_price": 0.00072221, "iv": 96.45, "instrument_name": "BTC-30DEC22-80000-C", "index_price": 19077.04, "direction": "sell", "amount": 0.4}, {"trade_seq": 2570, "trade_id": "230221239", "timestamp": 1664185287102, "tick_direction": 3, "price": 0.0005, "mark_price": 0.00074261, "iv": 96.21, "instrument_name": "BTC-30DEC22-80000-C", "index_price": 19126.29, "direction": "sell", "amount": 0.3}, {"trade_seq": 2569, "trade_id": "230092845", "timestamp": 1664014626708, "tick_direction": 3, "price": 0.0005, "mark_price": 0.00080534, "iv": 95.54, "instrument_name": "BTC-30DEC22-80000-C", "index_price": 19021.89, "direction": "buy", "amount": 3.0}, {"trade_seq": 2568, "trade_id": "230072477", "timestamp": 1663981325854, "tick_direction": 3, "price": 0.0005, "mark_price": 0.00090261, "iv": 94.92, "instrument_name": "BTC-30DEC22-80000-C", "index_price": 19157.92, "direction": "sell", "amount": 5.0}, {"trade_seq": 2567, "trade_id": "229842893", "timestamp": 1663798050513, "tick_direction": 3, "price": 0.0005, "mark_price": 0.0005662, "iv": 96.05, "instrument_name": "BTC-30DEC22-80000-C", "index_price": 18444.64, "direction": "buy", "amount": 0.3}, {"trade_seq": 2566, "trade_id": "229842892", "timestamp": 1663798049395, "tick_direction": 2, "price": 0.0005, "mark_price": 0.00056642, "iv": 96.05, "instrument_name": "BTC-30DEC22-80000-C", "index_price": 18444.66, "direction": "sell", "amount": 0.7}, {"trade_seq": 2565, "trade_id": "229235263", "timestamp": 1663246908215, "tick_direction": 2, "price": 0.001, "mark_price": 0.0010748, "iv": 94.43, "instrument_name": "BTC-30DEC22-80000-C", "index_price": 20129.64, "direction": "sell", "amount": 1.0}, {"trade_seq": 2564, "trade_id": "228690430", "timestamp": 1662730893975, "tick_direction": 1, "price": 0.0015, "mark_price": 0.00128178, "iv": 93.36, "instrument_name": "BTC-30DEC22-80000-C", "index_price": 21000.68, "direction": "buy", "amount": 2.5}, {"trade_seq": 2563, "trade_id": "228690387", "timestamp": 1662730839079, "tick_direction": 1, "price": 0.0015, "mark_price": 0.00130177, "iv": 93.29, "instrument_name": "BTC-30DEC22-80000-C", "index_price": 21026.21, "direction": "buy", "amount": 0.7}, {"trade_seq": 2562, "trade_id": "228690369", "timestamp": 1662730832051, "tick_direction": 1, "price": 0.0015, "mark_price": 0.0013008, "iv": 93.29, "instrument_name": "BTC-30DEC22-80000-C", "index_price": 21026.48, "direction": "buy", "amount": 2.5}, {"trade_seq": 2561, "trade_id": "228690366", "timestamp": 1662730829979, "tick_direction": 0, "price": 0.0015, "mark_price": 0.00130221, "iv": 93.28, "instrument_name": "BTC-30DEC22-80000-C", "index_price": 21029.37, "direction": "buy", "amount": 2.5}, {"trade_seq": 2560, "trade_id": "228541178", "timestamp": 1662640040935, "tick_direction": 2, "price": 0.001, "mark_price": 0.00101951, "iv": 93.89, "instrument_name": "BTC-30DEC22-80000-C", "index_price": 19266.38, "direction": "sell", "amount": 5.0}, {"trade_seq": 2559, "trade_id": "227961633", "timestamp": 1661957596014, "tick_direction": 2, "price": 0.0015, "mark_price": 0.00153669, "iv": 92.2, "instrument_name": "BTC-30DEC22-80000-C", "index_price": 20150.46, "direction": "sell", "amount": 20.0}, {"trade_seq": 2558, "trade_id": "227780684", "timestamp": 1661773517664, "tick_direction": 2, "price": 0.002, "mark_price": 0.00196005, "iv": 95.29, "instrument_name": "BTC-30DEC22-80000-C", "index_price": 19815.69, "direction": "sell", "amount": 0.1}, {"trade_seq": 2557, "trade_id": "227012134", "timestamp": 1660909428280, "tick_direction": 3, "price": 0.0035, "mark_price": 0.00365607, "iv": 93.69, "instrument_name": "BTC-30DEC22-80000-C", "index_price": 21342.75, "direction": "buy", "amount": 0.3}, {"trade_seq": 2556, "trade_id": "226926547", "timestamp": 1660890835840, "tick_direction": 3, "price": 0.0035, "mark_price": 0.00327524, "iv": 90.18, "instrument_name": "BTC-30DEC22-80000-C", "index_price": 22636.17, "direction": "buy", "amount": 1.0}, {"trade_seq": 2555, "trade_id": "226926546", "timestamp": 1660890835840, "tick_direction": 3, "price": 0.0035, "mark_price": 0.00327524, "iv": 90.18, "instrument_name": "BTC-30DEC22-80000-C", "index_price": 22636.17, "direction": "buy", "amount": 1.0}, {"trade_seq": 2554, "trade_id": "226926545", "timestamp": 1660890835840, "tick_direction": 3, "price": 0.0035, "mark_price": 0.00327524, "iv": 90.18, "instrument_name": "BTC-30DEC22-80000-C", "index_price": 22636.17, "direction": "buy", "amount": 1.0}, {"trade_seq": 2553, "trade_id": "226926544", "timestamp": 1660890835840, "tick_direction": 3, "price": 0.0035, "mark_price": 0.00327524, "iv": 90.18, "instrument_name": "BTC-30DEC22-80000-C", "index_price": 22636.17, "direction": "buy", "amount": 1.0}, {"trade_seq": 2552, "trade_id": "226926543", "timestamp": 1660890835840, "tick_direction": 3, "price": 0.0035, "mark_price": 0.00327524, "iv": 90.18, "instrument_name": "BTC-30DEC22-80000-C", "index_price": 22636.17, "direction": "buy", "amount": 1.0}, {"trade_seq": 2551, "trade_id": "226912688", "timestamp": 1660873129035, "tick_direction": 3, "price": 0.0035, "mark_price": 0.00392415, "iv": 89.68, "instrument_name": "BTC-30DEC22-80000-C", "index_price": 22798.34, "direction": "sell", "amount": 1.0}, {"trade_seq": 2550, "trade_id": "226912680", "timestamp": 1660873126684, "tick_direction": 3, "price": 0.0035, "mark_price": 0.00392449, "iv": 89.68, "instrument_name": "BTC-30DEC22-80000-C", "index_price": 22797.8, "direction": "sell", "amount": 1.0}, {"trade_seq": 2549, "trade_id": "226912679", "timestamp": 1660873125336, "tick_direction": 3, "price": 0.0035, "mark_price": 0.00392252, "iv": 89.68, "instrument_name": "BTC-30DEC22-80000-C", "index_price": 22797.92, "direction": "sell", "amount": 1.0}, {"trade_seq": 2548, "trade_id": "226912671", "timestamp": 1660873123798, "tick_direction": 3, "price": 0.0035, "mark_price": 0.00392219, "iv": 89.69, "instrument_name": "BTC-30DEC22-80000-C", "index_price": 22794.4, "direction": "sell", "amount": 1.0}, {"trade_seq": 2547, "trade_id": "226912670", "timestamp": 1660873122168, "tick_direction": 3, "price": 0.0035, "mark_price": 0.00392268, "iv": 89.69, "instrument_name": "BTC-30DEC22-80000-C", "index_price": 22794.81, "direction": "sell", "amount": 1.0}, {"trade_seq": 2546, "trade_id": "226912669", "timestamp": 1660873120034, "tick_direction": 2, "price": 0.0035, "mark_price": 0.00392292, "iv": 89.69, "instrument_name": "BTC-30DEC22-80000-C", "index_price": 22794.58, "direction": "sell", "amount": 1.0}, {"trade_seq": 2545, "trade_id": "226909886", "timestamp": 1660872035592, "tick_direction": 3, "price": 0.004, "mark_price": 0.00436699, "iv": 91.1, "instrument_name": "BTC-30DEC22-80000-C", "index_price": 22862.16, "direction": "sell", "amount": 0.4}, {"trade_seq": 2544, "trade_id": "226909883", "timestamp": 1660872033966, "tick_direction": 3, "price": 0.004, "mark_price": 0.00436816, "iv": 91.1, "instrument_name": "BTC-30DEC22-80000-C", "index_price": 22862.75, "direction": "sell", "amount": 1.0}, {"trade_seq": 2543, "trade_id": "226909881", "timestamp": 1660872032464, "tick_direction": 3, "price": 0.004, "mark_price": 0.00436983, "iv": 91.1, "instrument_name": "BTC-30DEC22-80000-C", "index_price": 22861.56, "direction": "sell", "amount": 1.0}, {"trade_seq": 2542, "trade_id": "226909874", "timestamp": 1660872030300, "tick_direction": 2, "price": 0.004, "mark_price": 0.00437135, "iv": 91.1, "instrument_name": "BTC-30DEC22-80000-C", "index_price": 22865.06, "direction": "sell", "amount": 1.0}, {"trade_seq": 2541, "trade_id": "226790291", "timestamp": 1660747698431, "tick_direction": 0, "price": 0.005, "mark_price": 0.00477615, "iv": 91.91, "instrument_name": "BTC-30DEC22-80000-C", "index_price": 23391.81, "direction": "buy", "amount": 1.0}, {"trade_seq": 2540, "trade_id": "226715316", "timestamp": 1660687937254, "tick_direction": 0, "price": 0.0043, "mark_price": 0.00413546, "iv": 88.45, "instrument_name": "BTC-30DEC22-80000-C", "index_price": 23915.44, "direction": "buy", "block_trade_id": "47259", "amount": 55.0}, {"trade_seq": 2539, "trade_id": "226371102", "timestamp": 1660271860975, "tick_direction": 2, "price": 0.0035, "mark_price": 0.00405954, "iv": 84.39, "instrument_name": "BTC-30DEC22-80000-C", "index_price": 23975.36, "direction": "sell", "amount": 5.0}, {"trade_seq": 2538, "trade_id": "226284961", "timestamp": 1660199847423, "tick_direction": 2, "price": 0.004, "mark_price": 0.00439105, "iv": 84.33, "instrument_name": "BTC-30DEC22-80000-C", "index_price": 24526.23, "direction": "sell", "amount": 3.0}, {"trade_seq": 2537, "trade_id": "226181978", "timestamp": 1660115971246, "tick_direction": 2, "price": 0.0045, "mark_price": 0.00461359, "iv": 89.27, "instrument_name": "BTC-30DEC22-80000-C", "index_price": 22964.57, "direction": "buy", "amount": 0.6}, {"trade_seq": 2536, "trade_id": "226041436", "timestamp": 1659960742079, "tick_direction": 0, "price": 0.005, "mark_price": 0.00525192, "iv": 86.7, "instrument_name": "BTC-30DEC22-80000-C", "index_price": 24239.29, "direction": "buy", "amount": 0.3}, {"trade_seq": 2535, "trade_id": "226035119", "timestamp": 1659952375008, "tick_direction": 0, "price": 0.0045, "mark_price": 0.00520057, "iv": 85.68, "instrument_name": "BTC-30DEC22-80000-C", "index_price": 24113.4, "direction": "sell", "amount": 5.0}, {"trade_seq": 2534, "trade_id": "226006731", "timestamp": 1659930699945, "tick_direction": 3, "price": 0.004, "mark_price": 0.00406785, "iv": 86.22, "instrument_name": "BTC-30DEC22-80000-C", "index_price": 23310.93, "direction": "buy", "amount": 0.2}, {"trade_seq": 2533, "trade_id": "226006730", "timestamp": 1659930699942, "tick_direction": 2, "price": 0.004, "mark_price": 0.00406785, "iv": 86.22, "instrument_name": "BTC-30DEC22-80000-C", "index_price": 23310.93, "direction": "sell", "amount": 1.8}, {"trade_seq": 2532, "trade_id": "225980701", "timestamp": 1659878698792, "tick_direction": 1, "price": 0.005, "mark_price": 0.00422716, "iv": 89.06, "instrument_name": "BTC-30DEC22-80000-C", "index_price": 23160.62, "direction": "buy", "amount": 0.1}, {"trade_seq": 2531, "trade_id": "225906847", "timestamp": 1659727099868, "tick_direction": 1, "price": 0.005, "mark_price": 0.00430976, "iv": 89.18, "instrument_name": "BTC-30DEC22-80000-C", "index_price": 22892.96, "direction": "buy", "amount": 0.1}, {"trade_seq": 2530, "trade_id": "225821201", "timestamp": 1659650545969, "tick_direction": 1, "price": 0.005, "mark_price": 0.0046225, "iv": 89.89, "instrument_name": "BTC-30DEC22-80000-C", "index_price": 22513.06, "direction": "sell", "amount": 4.3}, {"trade_seq": 2529, "trade_id": "225540734", "timestamp": 1659389469166, "tick_direction": 1, "price": 0.005, "mark_price": 0.00461451, "iv": 87.62, "instrument_name": "BTC-30DEC22-80000-C", "index_price": 23055.92, "direction": "buy", "amount": 0.1}, {"trade_seq": 2528, "trade_id": "225540733", "timestamp": 1659389467150, "tick_direction": 1, "price": 0.005, "mark_price": 0.00461407, "iv": 87.62, "instrument_name": "BTC-30DEC22-80000-C", "index_price": 23055.94, "direction": "buy", "amount": 0.1}, {"trade_seq": 2527, "trade_id": "225540732", "timestamp": 1659389465775, "tick_direction": 1, "price": 0.005, "mark_price": 0.00461374, "iv": 87.62, "instrument_name": "BTC-30DEC22-80000-C", "index_price": 23056.38, "direction": "buy", "amount": 0.1}, {"trade_seq": 2526, "trade_id": "225540731", "timestamp": 1659389465221, "tick_direction": 1, "price": 0.005, "mark_price": 0.00461374, "iv": 87.62, "instrument_name": "BTC-30DEC22-80000-C", "index_price": 23056.38, "direction": "buy", "amount": 0.2}, {"trade_seq": 2525, "trade_id": "225540729", "timestamp": 1659389461071, "tick_direction": 1, "price": 0.005, "mark_price": 0.00461296, "iv": 87.62, "instrument_name": "BTC-30DEC22-80000-C", "index_price": 23056.38, "direction": "buy", "amount": 0.2}, {"trade_seq": 2524, "trade_id": "225540727", "timestamp": 1659389457025, "tick_direction": 1, "price": 0.005, "mark_price": 0.00461233, "iv": 87.62, "instrument_name": "BTC-30DEC22-80000-C", "index_price": 23056.44, "direction": "buy", "amount": 0.2}, {"trade_seq": 2523, "trade_id": "225540726", "timestamp": 1659389455004, "tick_direction": 1, "price": 0.005, "mark_price": 0.00461208, "iv": 87.62, "instrument_name": "BTC-30DEC22-80000-C", "index_price": 23056.78, "direction": "buy", "amount": 0.2}, {"trade_seq": 2522, "trade_id": "225540725", "timestamp": 1659389454756, "tick_direction": 1, "price": 0.005, "mark_price": 0.00461213, "iv": 87.62, "instrument_name": "BTC-30DEC22-80000-C", "index_price": 23056.79, "direction": "buy", "amount": 0.3}, {"trade_seq": 2521, "trade_id": "225540724", "timestamp": 1659389448935, "tick_direction": 1, "price": 0.005, "mark_price": 0.00461152, "iv": 87.62, "instrument_name": "BTC-30DEC22-80000-C", "index_price": 23057.62, "direction": "buy", "amount": 0.3}, {"trade_seq": 2520, "trade_id": "225540723", "timestamp": 1659389442865, "tick_direction": 1, "price": 0.005, "mark_price": 0.00461236, "iv": 87.61, "instrument_name": "BTC-30DEC22-80000-C", "index_price": 23059.2, "direction": "buy", "amount": 0.2}, {"trade_seq": 2519, "trade_id": "225540722", "timestamp": 1659389438816, "tick_direction": 0, "price": 0.005, "mark_price": 0.00461222, "iv": 87.61, "instrument_name": "BTC-30DEC22-80000-C", "index_price": 23059.4, "direction": "buy", "amount": 0.1}, {"trade_seq": 2518, "trade_id": "225387627", "timestamp": 1659266344467, "tick_direction": 2, "price": 0.004, "mark_price": 0.00397235, "iv": 82.77, "instrument_name": "BTC-30DEC22-80000-C", "index_price": 23807.46, "direction": "sell", "amount": 0.1}, {"trade_seq": 2517, "trade_id": "225387621", "timestamp": 1659266301659, "tick_direction": 3, "price": 0.0045, "mark_price": 0.00388132, "iv": 84.12, "instrument_name": "BTC-30DEC22-80000-C", "index_price": 23798.64, "direction": "sell", "amount": 0.1}, {"trade_seq": 2516, "trade_id": "225380186", "timestamp": 1659255639596, "tick_direction": 2, "price": 0.0045, "mark_price": 0.00498209, "iv": 84.35, "instrument_name": "BTC-30DEC22-80000-C", "index_price": 23687.45, "direction": "sell", "amount": 2.0}, {"trade_seq": 2515, "trade_id": "225215333", "timestamp": 1659128035020, "tick_direction": 0, "price": 0.006, "mark_price": 0.00551093, "iv": 86.84, "instrument_name": "BTC-30DEC22-80000-C", "index_price": 23925.15, "direction": "sell", "amount": 0.1}, {"trade_seq": 2514, "trade_id": "224974050", "timestamp": 1659032626885, "tick_direction": 0, "price": 0.0055, "mark_price": 0.0056883, "iv": 85.87, "instrument_name": "BTC-30DEC22-80000-C", "index_price": 23803.61, "direction": "sell", "amount": 2.2}, {"trade_seq": 2513, "trade_id": "224845001", "timestamp": 1658978770422, "tick_direction": 1, "price": 0.005, "mark_price": 0.00491523, "iv": 85.79, "instrument_name": "BTC-30DEC22-80000-C", "index_price": 23281.37, "direction": "sell", "amount": 0.1}, {"trade_seq": 2512, "trade_id": "224844540", "timestamp": 1658978365114, "tick_direction": 0, "price": 0.005, "mark_price": 0.00499807, "iv": 85.77, "instrument_name": "BTC-30DEC22-80000-C", "index_price": 23283.68, "direction": "buy", "amount": 0.1}, {"trade_seq": 2511, "trade_id": "224830987", "timestamp": 1658972305677, "tick_direction": 2, "price": 0.0045, "mark_price": 0.00475145, "iv": 85.75, "instrument_name": "BTC-30DEC22-80000-C", "index_price": 22759.26, "direction": "sell", "amount": 0.5}, {"trade_seq": 2510, "trade_id": "224821658", "timestamp": 1658965871796, "tick_direction": 2, "price": 0.005, "mark_price": 0.00502957, "iv": 86.62, "instrument_name": "BTC-30DEC22-80000-C", "index_price": 22923.14, "direction": "buy", "amount": 0.5}, {"trade_seq": 2509, "trade_id": "224812556", "timestamp": 1658960392369, "tick_direction": 1, "price": 0.006, "mark_price": 0.00480542, "iv": 89.18, "instrument_name": "BTC-30DEC22-80000-C", "index_price": 22786.46, "direction": "sell", "amount": 4.8}, {"trade_seq": 2508, "trade_id": "224812555", "timestamp": 1658960392365, "tick_direction": 1, "price": 0.006, "mark_price": 0.00480542, "iv": 89.18, "instrument_name": "BTC-30DEC22-80000-C", "index_price": 22786.46, "direction": "buy", "amount": 15.0}, {"trade_seq": 2507, "trade_id": "224812554", "timestamp": 1658960392365, "tick_direction": 0, "price": 0.006, "mark_price": 0.00480542, "iv": 89.18, "instrument_name": "BTC-30DEC22-80000-C", "index_price": 22786.46, "direction": "buy", "amount": 2.7}, {"trade_seq": 2506, "trade_id": "224812553", "timestamp": 1658960392365, "tick_direction": 0, "price": 0.0055, "mark_price": 0.00480542, "iv": 88.08, "instrument_name": "BTC-30DEC22-80000-C", "index_price": 22786.46, "direction": "buy", "amount": 2.5}, {"trade_seq": 2505, "trade_id": "224572572", "timestamp": 1658823927422, "tick_direction": 2, "price": 0.0045, "mark_price": 0.00470743, "iv": 89.51, "instrument_name": "BTC-30DEC22-80000-C", "index_price": 21053.16, "direction": "buy", "amount": 1.0}, {"trade_seq": 2504, "trade_id": "224505369", "timestamp": 1658782482198, "tick_direction": 2, "price": 0.005, "mark_price": 0.00535078, "iv": 87.77, "instrument_name": "BTC-30DEC22-80000-C", "index_price": 22202.95, "direction": "sell", "amount": 2.5}, {"trade_seq": 2503, "trade_id": "224452991", "timestamp": 1658753250515, "tick_direction": 2, "price": 0.006, "mark_price": 0.00561279, "iv": 90.69, "instrument_name": "BTC-30DEC22-80000-C", "index_price": 21902.44, "direction": "sell", "block_trade_id": "45614", "amount": 40.0}, {"trade_seq": 2502, "trade_id": "224206874", "timestamp": 1658529119641, "tick_direction": 3, "price": 0.007, "mark_price": 0.00704527, "iv": 90.1, "instrument_name": "BTC-30DEC22-80000-C", "index_price": 22681.93, "direction": "buy", "amount": 0.1}, {"trade_seq": 2501, "trade_id": "224206873", "timestamp": 1658529119201, "tick_direction": 3, "price": 0.007, "mark_price": 0.00704527, "iv": 90.1, "instrument_name": "BTC-30DEC22-80000-C", "index_price": 22679.6, "direction": "buy", "amount": 0.1}, {"trade_seq": 2500, "trade_id": "223926090", "timestamp": 1658373967008, "tick_direction": 2, "price": 0.007, "mark_price": 0.00646532, "iv": 89.28, "instrument_name": "BTC-30DEC22-80000-C", "index_price": 22778.75, "direction": "sell", "amount": 1.0}, {"trade_seq": 2499, "trade_id": "223808530", "timestamp": 1658330959362, "tick_direction": 0, "price": 0.0075, "mark_price": 0.00694098, "iv": 86.59, "instrument_name": "BTC-30DEC22-80000-C", "index_price": 24246.41, "direction": "buy", "amount": 1.9}, {"trade_seq": 2498, "trade_id": "223530066", "timestamp": 1658229948565, "tick_direction": 2, "price": 0.0055, "mark_price": 0.00609828, "iv": 87.22, "instrument_name": "BTC-30DEC22-80000-C", "index_price": 22179.47, "direction": "sell", "amount": 2.0}, {"trade_seq": 2497, "trade_id": "223436991", "timestamp": 1658187102728, "tick_direction": 1, "price": 0.007, "mark_price": 0.00767987, "iv": 90.12, "instrument_name": "BTC-30DEC22-80000-C", "index_price": 22214.23, "direction": "sell", "amount": 6.5}, {"trade_seq": 2496, "trade_id": "223436989", "timestamp": 1658187102672, "tick_direction": 0, "price": 0.007, "mark_price": 0.00767987, "iv": 90.12, "instrument_name": "BTC-30DEC22-80000-C", "index_price": 22214.23, "direction": "sell", "amount": 0.5}, {"trade_seq": 2495, "trade_id": "222933757", "timestamp": 1657805870068, "tick_direction": 2, "price": 0.0045, "mark_price": 0.00448741, "iv": 89.88, "instrument_name": "BTC-30DEC22-80000-C", "index_price": 19659.83, "direction": "sell", "amount": 2.0}, {"trade_seq": 2494, "trade_id": "222571356", "timestamp": 1657528172602, "tick_direction": 2, "price": 0.005, "mark_price": 0.00527116, "iv": 88.12, "instrument_name": "BTC-30DEC22-80000-C", "index_price": 20476.98, "direction": "sell", "amount": 17.3}, {"trade_seq": 2493, "trade_id": "222546074", "timestamp": 1657496033054, "tick_direction": 2, "price": 0.0055, "mark_price": 0.00554701, "iv": 88.25, "instrument_name": "BTC-30DEC22-80000-C", "index_price": 20850.93, "direction": "sell", "amount": 0.8}, {"trade_seq": 2492, "trade_id": "222219667", "timestamp": 1657179546417, "tick_direction": 0, "price": 0.006, "mark_price": 0.005522, "iv": 89.46, "instrument_name": "BTC-30DEC22-80000-C", "index_price": 20406.6, "direction": "buy", "amount": 0.1}, {"trade_seq": 2491, "trade_id": "222077045", "timestamp": 1657066517497, "tick_direction": 0, "price": 0.0055, "mark_price": 0.00545254, "iv": 88.64, "instrument_name": "BTC-30DEC22-80000-C", "index_price": 20171.65, "direction": "buy", "amount": 1.0}, {"trade_seq": 2490, "trade_id": "222076736", "timestamp": 1657066211406, "tick_direction": 3, "price": 0.005, "mark_price": 0.0054525, "iv": 87.38, "instrument_name": "BTC-30DEC22-80000-C", "index_price": 20203.85, "direction": "sell", "amount": 0.2}, {"trade_seq": 2489, "trade_id": "221971577", "timestamp": 1657015147136, "tick_direction": 2, "price": 0.005, "mark_price": 0.00526169, "iv": 88.54, "instrument_name": "BTC-30DEC22-80000-C", "index_price": 19695.89, "direction": "sell", "amount": 2.5}, {"trade_seq": 2488, "trade_id": "221707935", "timestamp": 1656754449633, "tick_direction": 3, "price": 0.0055, "mark_price": 0.00628524, "iv": 90.86, "instrument_name": "BTC-30DEC22-80000-C", "index_price": 19035.75, "direction": "buy", "amount": 0.1}, {"trade_seq": 2487, "trade_id": "221707934", "timestamp": 1656754449630, "tick_direction": 3, "price": 0.0055, "mark_price": 0.00628524, "iv": 90.86, "instrument_name": "BTC-30DEC22-80000-C", "index_price": 19035.75, "direction": "sell", "amount": 1.7}, {"trade_seq": 2486, "trade_id": "221705176", "timestamp": 1656751023529, "tick_direction": 3, "price": 0.0055, "mark_price": 0.00580389, "iv": 90.63, "instrument_name": "BTC-30DEC22-80000-C", "index_price": 19107.25, "direction": "sell", "amount": 2.0}, {"trade_seq": 2485, "trade_id": "221676212", "timestamp": 1656713239701, "tick_direction": 2, "price": 0.0055, "mark_price": 0.00601075, "iv": 89.76, "instrument_name": "BTC-30DEC22-80000-C", "index_price": 19388.06, "direction": "sell", "amount": 9.9}, {"trade_seq": 2484, "trade_id": "221621901", "timestamp": 1656670089512, "tick_direction": 0, "price": 0.006, "mark_price": 0.00596005, "iv": 90.81, "instrument_name": "BTC-30DEC22-80000-C", "index_price": 19332.52, "direction": "sell", "amount": 1.0}, {"trade_seq": 2483, "trade_id": "221512155", "timestamp": 1656631505362, "tick_direction": 3, "price": 0.0055, "mark_price": 0.00573997, "iv": 90.59, "instrument_name": "BTC-30DEC22-80000-C", "index_price": 18972.31, "direction": "sell", "amount": 0.5}, {"trade_seq": 2482, "trade_id": "221511985", "timestamp": 1656631424520, "tick_direction": 3, "price": 0.0055, "mark_price": 0.0057469, "iv": 90.58, "instrument_name": "BTC-30DEC22-80000-C", "index_price": 18977.25, "direction": "sell", "amount": 0.5}, {"trade_seq": 2481, "trade_id": "221275288", "timestamp": 1656488809560, "tick_direction": 3, "price": 0.0055, "mark_price": 0.00575786, "iv": 87.43, "instrument_name": "BTC-30DEC22-80000-C", "index_price": 20071.89, "direction": "sell", "amount": 5.0}, {"trade_seq": 2480, "trade_id": "221108525", "timestamp": 1656344490390, "tick_direction": 2, "price": 0.0055, "mark_price": 0.00600552, "liquidation": "T", "iv": 85.24, "instrument_name": "BTC-30DEC22-80000-C", "index_price": 20788.43, "direction": "sell", "amount": 0.4}, {"trade_seq": 2479, "trade_id": "220903056", "timestamp": 1656085301610, "tick_direction": 1, "price": 0.007, "mark_price": 0.00671479, "iv": 87.42, "instrument_name": "BTC-30DEC22-80000-C", "index_price": 20864.35, "direction": "sell", "amount": 0.3}, {"trade_seq": 2478, "trade_id": "220866689", "timestamp": 1656064580455, "tick_direction": 0, "price": 0.007, "mark_price": 0.00640034, "iv": 87.52, "instrument_name": "BTC-30DEC22-80000-C", "index_price": 20764.42, "direction": "buy", "amount": 0.1}, {"trade_seq": 2477, "trade_id": "220652142", "timestamp": 1655943246555, "tick_direction": 3, "price": 0.006, "mark_price": 0.00669536, "iv": 87.17, "instrument_name": "BTC-30DEC22-80000-C", "index_price": 20050.89, "direction": "buy", "amount": 5.2}, {"trade_seq": 2476, "trade_id": "220652141", "timestamp": 1655943246483, "tick_direction": 2, "price": 0.006, "mark_price": 0.00669536, "iv": 87.17, "instrument_name": "BTC-30DEC22-80000-C", "index_price": 20050.89, "direction": "buy", "amount": 8.7}, {"trade_seq": 2475, "trade_id": "220587675", "timestamp": 1655910504165, "tick_direction": 3, "price": 0.0065, "mark_price": 0.00621403, "iv": 86.92, "instrument_name": "BTC-30DEC22-80000-C", "index_price": 20548.3, "direction": "buy", "amount": 0.3}, {"trade_seq": 2474, "trade_id": "220587671", "timestamp": 1655910503706, "tick_direction": 3, "price": 0.0065, "mark_price": 0.00621403, "iv": 86.92, "instrument_name": "BTC-30DEC22-80000-C", "index_price": 20548.3, "direction": "buy", "amount": 0.6}, {"trade_seq": 2473, "trade_id": "220587670", "timestamp": 1655910503654, "tick_direction": 3, "price": 0.0065, "mark_price": 0.00621403, "iv": 86.92, "instrument_name": "BTC-30DEC22-80000-C", "index_price": 20548.3, "direction": "buy", "amount": 1.3}, {"trade_seq": 2472, "trade_id": "220587669", "timestamp": 1655910503254, "tick_direction": 3, "price": 0.0065, "mark_price": 0.00621833, "iv": 86.92, "instrument_name": "BTC-30DEC22-80000-C", "index_price": 20548.3, "direction": "buy", "amount": 0.1}, {"trade_seq": 2471, "trade_id": "220587668", "timestamp": 1655910503243, "tick_direction": 3, "price": 0.0065, "mark_price": 0.00621833, "iv": 86.92, "instrument_name": "BTC-30DEC22-80000-C", "index_price": 20548.3, "direction": "buy", "amount": 0.1}, {"trade_seq": 2470, "trade_id": "220587667", "timestamp": 1655910503052, "tick_direction": 3, "price": 0.0065, "mark_price": 0.00621833, "iv": 86.92, "instrument_name": "BTC-30DEC22-80000-C", "index_price": 20548.37, "direction": "buy", "amount": 0.1}, {"trade_seq": 2469, "trade_id": "220587666", "timestamp": 1655910502954, "tick_direction": 3, "price": 0.0065, "mark_price": 0.00621833, "iv": 86.92, "instrument_name": "BTC-30DEC22-80000-C", "index_price": 20548.37, "direction": "buy", "amount": 0.2}, {"trade_seq": 2468, "trade_id": "220587665", "timestamp": 1655910502787, "tick_direction": 3, "price": 0.0065, "mark_price": 0.00621833, "iv": 86.92, "instrument_name": "BTC-30DEC22-80000-C", "index_price": 20548.37, "direction": "buy", "amount": 0.1}, {"trade_seq": 2467, "trade_id": "220587664", "timestamp": 1655910502707, "tick_direction": 3, "price": 0.0065, "mark_price": 0.00621833, "iv": 86.92, "instrument_name": "BTC-30DEC22-80000-C", "index_price": 20548.37, "direction": "buy", "amount": 0.1}, {"trade_seq": 2466, "trade_id": "220587663", "timestamp": 1655910502559, "tick_direction": 3, "price": 0.0065, "mark_price": 0.00622315, "iv": 86.92, "instrument_name": "BTC-30DEC22-80000-C", "index_price": 20548.37, "direction": "buy", "amount": 0.2}, {"trade_seq": 2465, "trade_id": "220587662", "timestamp": 1655910502543, "tick_direction": 3, "price": 0.0065, "mark_price": 0.00622315, "iv": 86.92, "instrument_name": "BTC-30DEC22-80000-C", "index_price": 20548.37, "direction": "buy", "amount": 0.3}, {"trade_seq": 2464, "trade_id": "220587661", "timestamp": 1655910502510, "tick_direction": 3, "price": 0.0065, "mark_price": 0.00622315, "iv": 86.92, "instrument_name": "BTC-30DEC22-80000-C", "index_price": 20548.37, "direction": "buy", "amount": 1.9}, {"trade_seq": 2463, "trade_id": "220587660", "timestamp": 1655910502501, "tick_direction": 3, "price": 0.0065, "mark_price": 0.00622315, "iv": 86.92, "instrument_name": "BTC-30DEC22-80000-C", "index_price": 20548.37, "direction": "buy", "amount": 1.9}, {"trade_seq": 2462, "trade_id": "220587658", "timestamp": 1655910502067, "tick_direction": 3, "price": 0.0065, "mark_price": 0.00622315, "iv": 86.92, "instrument_name": "BTC-30DEC22-80000-C", "index_price": 20548.09, "direction": "buy", "amount": 3.2}, {"trade_seq": 2461, "trade_id": "220586866", "timestamp": 1655910171195, "tick_direction": 3, "price": 0.0065, "mark_price": 0.00625651, "iv": 86.87, "instrument_name": "BTC-30DEC22-80000-C", "index_price": 20560.0, "direction": "buy", "amount": 7.1}, {"trade_seq": 2460, "trade_id": "220586865", "timestamp": 1655910171183, "tick_direction": 2, "price": 0.0065, "mark_price": 0.00625651, "iv": 86.87, "instrument_name": "BTC-30DEC22-80000-C", "index_price": 20560.0, "direction": "buy", "amount": 6.5}, {"trade_seq": 2459, "trade_id": "220531021", "timestamp": 1655880374441, "tick_direction": 0, "price": 0.007, "mark_price": 0.00668344, "iv": 88.84, "instrument_name": "BTC-30DEC22-80000-C", "index_price": 20091.31, "direction": "sell", "amount": 1.0}, {"trade_seq": 2458, "trade_id": "219657142", "timestamp": 1655537343268, "tick_direction": 3, "price": 0.006, "mark_price": 0.00717592, "iv": 88.24, "instrument_name": "BTC-30DEC22-80000-C", "index_price": 19172.58, "direction": "sell", "amount": 9.0}, {"trade_seq": 2457, "trade_id": "219657141", "timestamp": 1655537343268, "tick_direction": 3, "price": 0.006, "mark_price": 0.00717592, "iv": 88.24, "instrument_name": "BTC-30DEC22-80000-C", "index_price": 19172.58, "direction": "sell", "amount": 40.0}, {"trade_seq": 2456, "trade_id": "219657140", "timestamp": 1655537343268, "tick_direction": 2, "price": 0.006, "mark_price": 0.00717592, "iv": 88.24, "instrument_name": "BTC-30DEC22-80000-C", "index_price": 19172.58, "direction": "sell", "amount": 4.0}, {"trade_seq": 2455, "trade_id": "219549700", "timestamp": 1655481087564, "tick_direction": 3, "price": 0.0065, "mark_price": 0.00650912, "iv": 85.55, "instrument_name": "BTC-30DEC22-80000-C", "index_price": 20555.83, "direction": "sell", "amount": 2.0}, {"trade_seq": 2454, "trade_id": "219534868", "timestamp": 1655475348902, "tick_direction": 2, "price": 0.0065, "mark_price": 0.00673266, "iv": 85.44, "instrument_name": "BTC-30DEC22-80000-C", "index_price": 20583.11, "direction": "sell", "amount": 1.0}, {"trade_seq": 2453, "trade_id": "219490742", "timestamp": 1655458746937, "tick_direction": 3, "price": 0.007, "mark_price": 0.00760195, "iv": 85.23, "instrument_name": "BTC-30DEC22-80000-C", "index_price": 21027.85, "direction": "sell", "amount": 0.1}, {"trade_seq": 2452, "trade_id": "219490741", "timestamp": 1655458746937, "tick_direction": 2, "price": 0.007, "mark_price": 0.00760195, "iv": 85.23, "instrument_name": "BTC-30DEC22-80000-C", "index_price": 21027.85, "direction": "sell", "amount": 2.9}, {"trade_seq": 2451, "trade_id": "219370109", "timestamp": 1655416410491, "tick_direction": 0, "price": 0.0085, "mark_price": 0.00837868, "iv": 88.25, "instrument_name": "BTC-30DEC22-80000-C", "index_price": 20719.67, "direction": "sell", "amount": 0.5}, {"trade_seq": 2450, "trade_id": "219340503", "timestamp": 1655405308753, "tick_direction": 2, "price": 0.007, "mark_price": 0.00797479, "iv": 85.13, "instrument_name": "BTC-30DEC22-80000-C", "index_price": 20966.53, "direction": "sell", "amount": 0.1}, {"trade_seq": 2449, "trade_id": "219251754", "timestamp": 1655379406789, "tick_direction": 2, "price": 0.008, "mark_price": 0.00861129, "iv": 86.38, "instrument_name": "BTC-30DEC22-80000-C", "index_price": 21173.49, "direction": "sell", "amount": 8.0}, {"trade_seq": 2448, "trade_id": "219228181", "timestamp": 1655370412459, "tick_direction": 1, "price": 0.0085, "mark_price": 0.0094394, "iv": 86.45, "instrument_name": "BTC-30DEC22-80000-C", "index_price": 21471.51, "direction": "sell", "amount": 4.0}, {"trade_seq": 2447, "trade_id": "219227917", "timestamp": 1655370390443, "tick_direction": 0, "price": 0.0085, "mark_price": 0.00937478, "iv": 86.38, "instrument_name": "BTC-30DEC22-80000-C", "index_price": 21497.78, "direction": "sell", "amount": 2.0}, {"trade_seq": 2446, "trade_id": "219144985", "timestamp": 1655326635718, "tick_direction": 2, "price": 0.0075, "mark_price": 0.00856742, "iv": 84.08, "instrument_name": "BTC-30DEC22-80000-C", "index_price": 21739.23, "direction": "sell", "amount": 2.0}, {"trade_seq": 2445, "trade_id": "219020556", "timestamp": 1655309020066, "tick_direction": 0, "price": 0.009, "mark_price": 0.00862355, "iv": 87.24, "instrument_name": "BTC-30DEC22-80000-C", "index_price": 21380.62, "direction": "buy", "amount": 0.2}, {"trade_seq": 2444, "trade_id": "219008614", "timestamp": 1655304050331, "tick_direction": 3, "price": 0.008, "mark_price": 0.00988187, "iv": 86.11, "instrument_name": "BTC-30DEC22-80000-C", "index_price": 21191.14, "direction": "sell", "amount": 3.2}, {"trade_seq": 2443, "trade_id": "219007784", "timestamp": 1655303724492, "tick_direction": 3, "price": 0.008, "mark_price": 0.00983202, "iv": 85.92, "instrument_name": "BTC-30DEC22-80000-C", "index_price": 21274.77, "direction": "sell", "amount": 2.0}, {"trade_seq": 2442, "trade_id": "219007770", "timestamp": 1655303722169, "tick_direction": 3, "price": 0.008, "mark_price": 0.0098358, "iv": 85.92, "instrument_name": "BTC-30DEC22-80000-C", "index_price": 21273.01, "direction": "sell", "amount": 2.6}, {"trade_seq": 2441, "trade_id": "219007279", "timestamp": 1655303530916, "tick_direction": 3, "price": 0.008, "mark_price": 0.00966499, "iv": 86.01, "instrument_name": "BTC-30DEC22-80000-C", "index_price": 21235.39, "direction": "sell", "amount": 10.1}, {"trade_seq": 2440, "trade_id": "219007119", "timestamp": 1655303483329, "tick_direction": 2, "price": 0.008, "mark_price": 0.00992001, "iv": 85.93, "instrument_name": "BTC-30DEC22-80000-C", "index_price": 21255.85, "direction": "sell", "amount": 7.0}, {"trade_seq": 2439, "trade_id": "218876170", "timestamp": 1655279511321, "tick_direction": 1, "price": 0.0095, "mark_price": 0.00994031, "iv": 89.53, "instrument_name": "BTC-30DEC22-80000-C", "index_price": 20708.24, "direction": "sell", "amount": 0.8}, {"trade_seq": 2438, "trade_id": "218876145", "timestamp": 1655279509011, "tick_direction": 1, "price": 0.0095, "mark_price": 0.00993683, "iv": 89.53, "instrument_name": "BTC-30DEC22-80000-C", "index_price": 20709.9, "direction": "sell", "amount": 1.0}, {"trade_seq": 2437, "trade_id": "218876141", "timestamp": 1655279507334, "tick_direction": 1, "price": 0.0095, "mark_price": 0.0099311, "iv": 89.55, "instrument_name": "BTC-30DEC22-80000-C", "index_price": 20703.85, "direction": "sell", "amount": 1.0}, {"trade_seq": 2436, "trade_id": "218871752", "timestamp": 1655278801891, "tick_direction": 1, "price": 0.0095, "mark_price": 0.0105198, "iv": 88.63, "instrument_name": "BTC-30DEC22-80000-C", "index_price": 21084.12, "direction": "sell", "amount": 4.0}, {"trade_seq": 2435, "trade_id": "218871606", "timestamp": 1655278775877, "tick_direction": 1, "price": 0.0095, "mark_price": 0.01058155, "iv": 88.65, "instrument_name": "BTC-30DEC22-80000-C", "index_price": 21074.18, "direction": "sell", "amount": 1.0}, {"trade_seq": 2434, "trade_id": "218871477", "timestamp": 1655278725197, "tick_direction": 1, "price": 0.0095, "mark_price": 0.0106346, "iv": 88.73, "instrument_name": "BTC-30DEC22-80000-C", "index_price": 21037.0, "direction": "sell", "amount": 1.0}, {"trade_seq": 2433, "trade_id": "218871473", "timestamp": 1655278722771, "tick_direction": 1, "price": 0.0095, "mark_price": 0.0106268, "iv": 88.74, "instrument_name": "BTC-30DEC22-80000-C", "index_price": 21029.32, "direction": "sell", "amount": 1.0}, {"trade_seq": 2432, "trade_id": "218835188", "timestamp": 1655268786968, "tick_direction": 0, "price": 0.0095, "mark_price": 0.00982849, "iv": 88.43, "instrument_name": "BTC-30DEC22-80000-C", "index_price": 21179.44, "direction": "buy", "amount": 1.2}, {"trade_seq": 2431, "trade_id": "218812808", "timestamp": 1655262240294, "tick_direction": 1, "price": 0.009, "mark_price": 0.00893664, "iv": 85.69, "instrument_name": "BTC-30DEC22-80000-C", "index_price": 21991.32, "direction": "sell", "amount": 0.2}, {"trade_seq": 2430, "trade_id": "218812807", "timestamp": 1655262240291, "tick_direction": 0, "price": 0.009, "mark_price": 0.00893664, "iv": 85.69, "instrument_name": "BTC-30DEC22-80000-C", "index_price": 21991.32, "direction": "buy", "amount": 1.7}, {"trade_seq": 2429, "trade_id": "218805130", "timestamp": 1655255917759, "tick_direction": 2, "price": 0.0085, "mark_price": 0.00845328, "iv": 85.03, "instrument_name": "BTC-30DEC22-80000-C", "index_price": 21922.65, "direction": "sell", "amount": 1.0}, {"trade_seq": 2428, "trade_id": "218801378", "timestamp": 1655252888711, "tick_direction": 1, "price": 0.009, "mark_price": 0.00835293, "iv": 85.65, "instrument_name": "BTC-30DEC22-80000-C", "index_price": 21981.32, "direction": "buy", "amount": 5.0}, {"trade_seq": 2427, "trade_id": "218783298", "timestamp": 1655246349888, "tick_direction": 0, "price": 0.009, "mark_price": 0.00807434, "iv": 86.88, "instrument_name": "BTC-30DEC22-80000-C", "index_price": 21458.13, "direction": "buy", "amount": 1.0}, {"trade_seq": 2426, "trade_id": "218752426", "timestamp": 1655234765507, "tick_direction": 2, "price": 0.008, "mark_price": 0.00788398, "iv": 83.74, "instrument_name": "BTC-30DEC22-80000-C", "index_price": 22128.91, "direction": "sell", "amount": 2.0}, {"trade_seq": 2425, "trade_id": "218725392", "timestamp": 1655228211138, "tick_direction": 0, "price": 0.0085, "mark_price": 0.00849327, "iv": 83.69, "instrument_name": "BTC-30DEC22-80000-C", "index_price": 22491.19, "direction": "sell", "amount": 2.1}, {"trade_seq": 2424, "trade_id": "218521706", "timestamp": 1655191035942, "tick_direction": 3, "price": 0.008, "mark_price": 0.00888556, "iv": 83.19, "instrument_name": "BTC-30DEC22-80000-C", "index_price": 22240.61, "direction": "buy", "amount": 0.3}, {"trade_seq": 2423, "trade_id": "218521705", "timestamp": 1655191035939, "tick_direction": 3, "price": 0.008, "mark_price": 0.00888556, "iv": 83.19, "instrument_name": "BTC-30DEC22-80000-C", "index_price": 22240.61, "direction": "sell", "amount": 5.7}, {"trade_seq": 2422, "trade_id": "218299433", "timestamp": 1655157974020, "tick_direction": 2, "price": 0.008, "mark_price": 0.00764193, "iv": 81.35, "instrument_name": "BTC-30DEC22-80000-C", "index_price": 23018.48, "direction": "sell", "amount": 2.0}, {"trade_seq": 2421, "trade_id": "218211313", "timestamp": 1655135025257, "tick_direction": 0, "price": 0.0095, "mark_price": 0.00883947, "iv": 83.13, "instrument_name": "BTC-30DEC22-80000-C", "index_price": 23203.68, "direction": "buy", "amount": 0.5}, {"trade_seq": 2420, "trade_id": "217988429", "timestamp": 1655103846644, "tick_direction": 0, "price": 0.0074, "mark_price": 0.0067677, "iv": 75.38, "instrument_name": "BTC-30DEC22-80000-C", "index_price": 25313.64, "direction": "sell", "block_trade_id": "41501", "amount": 0.5}, {"trade_seq": 2419, "trade_id": "217985946", "timestamp": 1655103027395, "tick_direction": 2, "price": 0.0069, "mark_price": 0.00740532, "iv": 74.83, "instrument_name": "BTC-30DEC22-80000-C", "index_price": 25185.15, "direction": "sell", "block_trade_id": "41499", "amount": 0.5}, {"trade_seq": 2418, "trade_id": "217918835", "timestamp": 1655089247132, "tick_direction": 0, "price": 0.009, "mark_price": 0.00849297, "iv": 77.7, "instrument_name": "BTC-30DEC22-80000-C", "index_price": 25347.79, "direction": "sell", "amount": 0.1}, {"trade_seq": 2417, "trade_id": "217914606", "timestamp": 1655088825797, "tick_direction": 1, "price": 0.0085, "mark_price": 0.0086185, "iv": 76.79, "instrument_name": "BTC-30DEC22-80000-C", "index_price": 25449.25, "direction": "sell", "amount": 2.3}, {"trade_seq": 2416, "trade_id": "217913825", "timestamp": 1655088775317, "tick_direction": 1, "price": 0.0085, "mark_price": 0.00876682, "iv": 76.69, "instrument_name": "BTC-30DEC22-80000-C", "index_price": 25487.91, "direction": "sell", "amount": 2.2}, {"trade_seq": 2415, "trade_id": "217913801", "timestamp": 1655088772955, "tick_direction": 1, "price": 0.0085, "mark_price": 0.00877474, "iv": 76.7, "instrument_name": "BTC-30DEC22-80000-C", "index_price": 25487.43, "direction": "sell", "amount": 2.6}, {"trade_seq": 2414, "trade_id": "217913672", "timestamp": 1655088746891, "tick_direction": 1, "price": 0.0085, "mark_price": 0.00880766, "iv": 76.61, "instrument_name": "BTC-30DEC22-80000-C", "index_price": 25538.52, "direction": "sell", "amount": 2.2}, {"trade_seq": 2413, "trade_id": "217913502", "timestamp": 1655088728309, "tick_direction": 0, "price": 0.0085, "mark_price": 0.0086992, "iv": 76.61, "instrument_name": "BTC-30DEC22-80000-C", "index_price": 25541.62, "direction": "sell", "amount": 3.0}, {"trade_seq": 2412, "trade_id": "217760075", "timestamp": 1655043750591, "tick_direction": 1, "price": 0.0075, "mark_price": 0.00790665, "iv": 72.08, "instrument_name": "BTC-30DEC22-80000-C", "index_price": 27016.14, "direction": "buy", "amount": 0.2}, {"trade_seq": 2411, "trade_id": "217760072", "timestamp": 1655043750076, "tick_direction": 1, "price": 0.0075, "mark_price": 0.00790665, "iv": 72.08, "instrument_name": "BTC-30DEC22-80000-C", "index_price": 27016.67, "direction": "sell", "amount": 0.8}, {"trade_seq": 2410, "trade_id": "217705181", "timestamp": 1655008370833, "tick_direction": 0, "price": 0.0075, "mark_price": 0.00670467, "iv": 71.04, "instrument_name": "BTC-30DEC22-80000-C", "index_price": 27504.68, "direction": "buy", "amount": 1.0}, {"trade_seq": 2409, "trade_id": "217703508", "timestamp": 1655007043898, "tick_direction": 3, "price": 0.0065, "mark_price": 0.00661571, "iv": 69.43, "instrument_name": "BTC-30DEC22-80000-C", "index_price": 27508.0, "direction": "buy", "amount": 9.2}, {"trade_seq": 2408, "trade_id": "217703458", "timestamp": 1655007012781, "tick_direction": 3, "price": 0.0065, "mark_price": 0.00667583, "iv": 69.43, "instrument_name": "BTC-30DEC22-80000-C", "index_price": 27511.19, "direction": "buy", "amount": 1.4}, {"trade_seq": 2407, "trade_id": "217703457", "timestamp": 1655007010783, "tick_direction": 2, "price": 0.0065, "mark_price": 0.00667358, "iv": 69.43, "instrument_name": "BTC-30DEC22-80000-C", "index_price": 27511.57, "direction": "buy", "amount": 15.0}, {"trade_seq": 2406, "trade_id": "217703283", "timestamp": 1655006879227, "tick_direction": 2, "price": 0.007, "mark_price": 0.00678941, "iv": 70.11, "instrument_name": "BTC-30DEC22-80000-C", "index_price": 27573.65, "direction": "buy", "amount": 0.4}, {"trade_seq": 2405, "trade_id": "217637695", "timestamp": 1654963637372, "tick_direction": 0, "price": 0.0085, "mark_price": 0.00839084, "iv": 70.57, "instrument_name": "BTC-30DEC22-80000-C", "index_price": 28439.16, "direction": "sell", "amount": 0.5}, {"trade_seq": 2404, "trade_id": "217619687", "timestamp": 1654959342253, "tick_direction": 3, "price": 0.0075, "mark_price": 0.00820526, "iv": 69.14, "instrument_name": "BTC-30DEC22-80000-C", "index_price": 28435.78, "direction": "sell", "amount": 0.1}, {"trade_seq": 2403, "trade_id": "217619686", "timestamp": 1654959342093, "tick_direction": 3, "price": 0.0075, "mark_price": 0.00820526, "iv": 69.14, "instrument_name": "BTC-30DEC22-80000-C", "index_price": 28435.78, "direction": "sell", "amount": 0.1}, {"trade_seq": 2402, "trade_id": "217619685", "timestamp": 1654959342085, "tick_direction": 3, "price": 0.0075, "mark_price": 0.00820526, "iv": 69.14, "instrument_name": "BTC-30DEC22-80000-C", "index_price": 28435.78, "direction": "sell", "amount": 0.1}, {"trade_seq": 2401, "trade_id": "217619684", "timestamp": 1654959342073, "tick_direction": 3, "price": 0.0075, "mark_price": 0.00820526, "iv": 69.14, "instrument_name": "BTC-30DEC22-80000-C", "index_price": 28435.78, "direction": "sell", "amount": 0.1}, {"trade_seq": 2400, "trade_id": "217619683", "timestamp": 1654959342060, "tick_direction": 3, "price": 0.0075, "mark_price": 0.00820526, "iv": 69.14, "instrument_name": "BTC-30DEC22-80000-C", "index_price": 28435.78, "direction": "sell", "amount": 0.1}, {"trade_seq": 2399, "trade_id": "217619682", "timestamp": 1654959342044, "tick_direction": 3, "price": 0.0075, "mark_price": 0.00820526, "iv": 69.14, "instrument_name": "BTC-30DEC22-80000-C", "index_price": 28435.78, "direction": "sell", "amount": 0.1}, {"trade_seq": 2398, "trade_id": "217619681", "timestamp": 1654959342025, "tick_direction": 2, "price": 0.0075, "mark_price": 0.00820526, "iv": 69.14, "instrument_name": "BTC-30DEC22-80000-C", "index_price": 28435.78, "direction": "sell", "amount": 0.2}, {"trade_seq": 2397, "trade_id": "217613563", "timestamp": 1654956965858, "tick_direction": 1, "price": 0.0095, "mark_price": 0.00867402, "iv": 71.52, "instrument_name": "BTC-30DEC22-80000-C", "index_price": 28637.41, "direction": "buy", "amount": 0.1}, {"trade_seq": 2396, "trade_id": "217553690", "timestamp": 1654934723788, "tick_direction": 0, "price": 0.0095, "mark_price": 0.00894036, "iv": 70.28, "instrument_name": "BTC-30DEC22-80000-C", "index_price": 29279.39, "direction": "buy", "amount": 0.7}, {"trade_seq": 2395, "trade_id": "217548306", "timestamp": 1654925117881, "tick_direction": 3, "price": 0.009, "mark_price": 0.00926363, "iv": 69.56, "instrument_name": "BTC-30DEC22-80000-C", "index_price": 29306.34, "direction": "buy", "amount": 5.6}, {"trade_seq": 2394, "trade_id": "217548305", "timestamp": 1654925117879, "tick_direction": 3, "price": 0.009, "mark_price": 0.00926363, "iv": 69.56, "instrument_name": "BTC-30DEC22-80000-C", "index_price": 29306.34, "direction": "sell", "amount": 2.8}, {"trade_seq": 2393, "trade_id": "217548304", "timestamp": 1654925117879, "tick_direction": 2, "price": 0.009, "mark_price": 0.00926363, "iv": 69.56, "instrument_name": "BTC-30DEC22-80000-C", "index_price": 29306.34, "direction": "sell", "amount": 1.2}, {"trade_seq": 2392, "trade_id": "217473237", "timestamp": 1654876213369, "tick_direction": 1, "price": 0.0105, "mark_price": 0.01031453, "iv": 71.21, "instrument_name": "BTC-30DEC22-80000-C", "index_price": 29375.72, "direction": "buy", "amount": 1.5}, {"trade_seq": 2391, "trade_id": "217473236", "timestamp": 1654876213354, "tick_direction": 1, "price": 0.0105, "mark_price": 0.01031453, "iv": 71.21, "instrument_name": "BTC-30DEC22-80000-C", "index_price": 29375.72, "direction": "buy", "amount": 1.9}, {"trade_seq": 2390, "trade_id": "217473235", "timestamp": 1654876213323, "tick_direction": 0, "price": 0.0105, "mark_price": 0.01031453, "iv": 71.21, "instrument_name": "BTC-30DEC22-80000-C", "index_price": 29375.72, "direction": "buy", "amount": 2.6}, {"trade_seq": 2389, "trade_id": "217383440", "timestamp": 1654850365243, "tick_direction": 3, "price": 0.0095, "mark_price": 0.00994953, "iv": 68.81, "instrument_name": "BTC-30DEC22-80000-C", "index_price": 29993.71, "direction": "sell", "amount": 1.5}, {"trade_seq": 2388, "trade_id": "217348122", "timestamp": 1654828282567, "tick_direction": 3, "price": 0.0095, "mark_price": 0.0097935, "iv": 68.92, "instrument_name": "BTC-30DEC22-80000-C", "index_price": 29962.63, "direction": "buy", "amount": 0.6}, {"trade_seq": 2387, "trade_id": "217348121", "timestamp": 1654828282565, "tick_direction": 3, "price": 0.0095, "mark_price": 0.0097935, "iv": 68.92, "instrument_name": "BTC-30DEC22-80000-C", "index_price": 29962.63, "direction": "sell", "amount": 5.2}, {"trade_seq": 2386, "trade_id": "217270309", "timestamp": 1654774177769, "tick_direction": 2, "price": 0.0095, "mark_price": 0.00997282, "iv": 68.09, "instrument_name": "BTC-30DEC22-80000-C", "index_price": 30374.52, "direction": "sell", "amount": 1.6}, {"trade_seq": 2385, "trade_id": "217268717", "timestamp": 1654772174418, "tick_direction": 1, "price": 0.0105, "mark_price": 0.00996908, "iv": 69.15, "instrument_name": "BTC-30DEC22-80000-C", "index_price": 30463.52, "direction": "buy", "amount": 4.3}, {"trade_seq": 2384, "trade_id": "217268716", "timestamp": 1654772174418, "tick_direction": 1, "price": 0.0105, "mark_price": 0.00996908, "iv": 69.15, "instrument_name": "BTC-30DEC22-80000-C", "index_price": 30463.52, "direction": "buy", "amount": 0.7}, {"trade_seq": 2383, "trade_id": "217268512", "timestamp": 1654772011463, "tick_direction": 1, "price": 0.0105, "mark_price": 0.0099723, "iv": 69.11, "instrument_name": "BTC-30DEC22-80000-C", "index_price": 30488.15, "direction": "buy", "amount": 4.0}, {"trade_seq": 2382, "trade_id": "217268469", "timestamp": 1654771732952, "tick_direction": 1, "price": 0.0105, "mark_price": 0.00997947, "iv": 69.09, "instrument_name": "BTC-30DEC22-80000-C", "index_price": 30480.23, "direction": "buy", "amount": 0.9}, {"trade_seq": 2381, "trade_id": "217268468", "timestamp": 1654771732952, "tick_direction": 1, "price": 0.0105, "mark_price": 0.00997947, "iv": 69.09, "instrument_name": "BTC-30DEC22-80000-C", "index_price": 30480.23, "direction": "buy", "amount": 0.1}, {"trade_seq": 2380, "trade_id": "217268169", "timestamp": 1654771164837, "tick_direction": 0, "price": 0.0105, "mark_price": 0.00997365, "iv": 69.09, "instrument_name": "BTC-30DEC22-80000-C", "index_price": 30510.73, "direction": "buy", "amount": 1.0}, {"trade_seq": 2379, "trade_id": "217262472", "timestamp": 1654764638641, "tick_direction": 1, "price": 0.01, "mark_price": 0.00983496, "iv": 68.52, "instrument_name": "BTC-30DEC22-80000-C", "index_price": 30483.93, "direction": "buy", "amount": 0.2}, {"trade_seq": 2378, "trade_id": "217262471", "timestamp": 1654764638641, "tick_direction": 1, "price": 0.01, "mark_price": 0.00983496, "iv": 68.52, "instrument_name": "BTC-30DEC22-80000-C", "index_price": 30483.93, "direction": "buy", "amount": 0.3}, {"trade_seq": 2377, "trade_id": "217262470", "timestamp": 1654764638641, "tick_direction": 0, "price": 0.01, "mark_price": 0.00983496, "iv": 68.52, "instrument_name": "BTC-30DEC22-80000-C", "index_price": 30483.93, "direction": "buy", "amount": 0.2}, {"trade_seq": 2376, "trade_id": "217249233", "timestamp": 1654743937961, "tick_direction": 2, "price": 0.0095, "mark_price": 0.0101122, "iv": 68.29, "instrument_name": "BTC-30DEC22-80000-C", "index_price": 30244.37, "direction": "sell", "amount": 0.1}, {"trade_seq": 2375, "trade_id": "217196991", "timestamp": 1654693146671, "tick_direction": 3, "price": 0.0115, "mark_price": 0.01113166, "iv": 70.63, "instrument_name": "BTC-30DEC22-80000-C", "index_price": 30164.13, "direction": "buy", "amount": 0.1}, {"trade_seq": 2374, "trade_id": "217196990", "timestamp": 1654693146223, "tick_direction": 3, "price": 0.0115, "mark_price": 0.01113139, "iv": 70.63, "instrument_name": "BTC-30DEC22-80000-C", "index_price": 30164.13, "direction": "buy", "amount": 0.1}, {"trade_seq": 2373, "trade_id": "217196981", "timestamp": 1654693137769, "tick_direction": 3, "price": 0.0115, "mark_price": 0.01112803, "iv": 70.63, "instrument_name": "BTC-30DEC22-80000-C", "index_price": 30160.9, "direction": "buy", "amount": 0.1}, {"trade_seq": 2372, "trade_id": "217196980", "timestamp": 1654693137755, "tick_direction": 3, "price": 0.0115, "mark_price": 0.01112803, "iv": 70.63, "instrument_name": "BTC-30DEC22-80000-C", "index_price": 30160.9, "direction": "buy", "amount": 0.1}, {"trade_seq": 2371, "trade_id": "217196971", "timestamp": 1654693119151, "tick_direction": 3, "price": 0.0115, "mark_price": 0.0111047, "iv": 70.64, "instrument_name": "BTC-30DEC22-80000-C", "index_price": 30150.98, "direction": "buy", "amount": 0.1}, {"trade_seq": 2370, "trade_id": "217196970", "timestamp": 1654693119113, "tick_direction": 3, "price": 0.0115, "mark_price": 0.0111047, "iv": 70.64, "instrument_name": "BTC-30DEC22-80000-C", "index_price": 30150.98, "direction": "buy", "amount": 0.1}, {"trade_seq": 2369, "trade_id": "217196969", "timestamp": 1654693119064, "tick_direction": 3, "price": 0.0115, "mark_price": 0.0111047, "iv": 70.64, "instrument_name": "BTC-30DEC22-80000-C", "index_price": 30150.98, "direction": "buy", "amount": 0.1}, {"trade_seq": 2368, "trade_id": "217196782", "timestamp": 1654692995427, "tick_direction": 3, "price": 0.0115, "mark_price": 0.01114949, "iv": 70.59, "instrument_name": "BTC-30DEC22-80000-C", "index_price": 30185.33, "direction": "buy", "amount": 0.1}, {"trade_seq": 2367, "trade_id": "217196781", "timestamp": 1654692995156, "tick_direction": 3, "price": 0.0115, "mark_price": 0.01114274, "iv": 70.6, "instrument_name": "BTC-30DEC22-80000-C", "index_price": 30185.33, "direction": "buy", "amount": 0.1}, {"trade_seq": 2366, "trade_id": "217196777", "timestamp": 1654692994416, "tick_direction": 3, "price": 0.0115, "mark_price": 0.01114274, "iv": 70.6, "instrument_name": "BTC-30DEC22-80000-C", "index_price": 30181.99, "direction": "buy", "amount": 0.1}, {"trade_seq": 2365, "trade_id": "217196775", "timestamp": 1654692994309, "tick_direction": 3, "price": 0.0115, "mark_price": 0.01114274, "iv": 70.6, "instrument_name": "BTC-30DEC22-80000-C", "index_price": 30181.99, "direction": "buy", "amount": 0.1}, {"trade_seq": 2364, "trade_id": "217196560", "timestamp": 1654692661313, "tick_direction": 3, "price": 0.0115, "mark_price": 0.01113299, "iv": 70.56, "instrument_name": "BTC-30DEC22-80000-C", "index_price": 30214.32, "direction": "buy", "amount": 0.1}, {"trade_seq": 2363, "trade_id": "217196503", "timestamp": 1654692546929, "tick_direction": 3, "price": 0.0115, "mark_price": 0.01111595, "iv": 70.57, "instrument_name": "BTC-30DEC22-80000-C", "index_price": 30199.75, "direction": "buy", "amount": 0.5}, {"trade_seq": 2362, "trade_id": "217191508", "timestamp": 1654688461801, "tick_direction": 3, "price": 0.0115, "mark_price": 0.01123898, "iv": 70.13, "instrument_name": "BTC-30DEC22-80000-C", "index_price": 30428.35, "direction": "buy", "amount": 0.1}, {"trade_seq": 2361, "trade_id": "217191507", "timestamp": 1654688461241, "tick_direction": 3, "price": 0.0115, "mark_price": 0.01122756, "iv": 70.13, "instrument_name": "BTC-30DEC22-80000-C", "index_price": 30428.35, "direction": "buy", "amount": 0.1}, {"trade_seq": 2360, "trade_id": "217191506", "timestamp": 1654688461185, "tick_direction": 3, "price": 0.0115, "mark_price": 0.01122756, "iv": 70.13, "instrument_name": "BTC-30DEC22-80000-C", "index_price": 30428.35, "direction": "buy", "amount": 0.1}, {"trade_seq": 2359, "trade_id": "217191503", "timestamp": 1654688460286, "tick_direction": 3, "price": 0.0115, "mark_price": 0.01122666, "iv": 70.14, "instrument_name": "BTC-30DEC22-80000-C", "index_price": 30426.15, "direction": "buy", "amount": 0.1}, {"trade_seq": 2358, "trade_id": "217191501", "timestamp": 1654688459861, "tick_direction": 3, "price": 0.0115, "mark_price": 0.01122666, "iv": 70.14, "instrument_name": "BTC-30DEC22-80000-C", "index_price": 30422.35, "direction": "buy", "amount": 0.1}, {"trade_seq": 2357, "trade_id": "217191500", "timestamp": 1654688458957, "tick_direction": 3, "price": 0.0115, "mark_price": 0.01122358, "iv": 70.14, "instrument_name": "BTC-30DEC22-80000-C", "index_price": 30422.35, "direction": "buy", "amount": 0.1}, {"trade_seq": 2356, "trade_id": "217191482", "timestamp": 1654688442561, "tick_direction": 3, "price": 0.0115, "mark_price": 0.01124961, "iv": 70.11, "instrument_name": "BTC-30DEC22-80000-C", "index_price": 30440.6, "direction": "buy", "amount": 0.1}, {"trade_seq": 2355, "trade_id": "217191467", "timestamp": 1654688390964, "tick_direction": 3, "price": 0.0115, "mark_price": 0.01125789, "iv": 70.08, "instrument_name": "BTC-30DEC22-80000-C", "index_price": 30458.5, "direction": "buy", "amount": 0.1}, {"trade_seq": 2354, "trade_id": "217191466", "timestamp": 1654688390943, "tick_direction": 3, "price": 0.0115, "mark_price": 0.01125789, "iv": 70.08, "instrument_name": "BTC-30DEC22-80000-C", "index_price": 30458.5, "direction": "buy", "amount": 0.1}, {"trade_seq": 2353, "trade_id": "217191465", "timestamp": 1654688390681, "tick_direction": 3, "price": 0.0115, "mark_price": 0.01125789, "iv": 70.08, "instrument_name": "BTC-30DEC22-80000-C", "index_price": 30458.5, "direction": "buy", "amount": 0.1}, {"trade_seq": 2352, "trade_id": "217191464", "timestamp": 1654688390149, "tick_direction": 3, "price": 0.0115, "mark_price": 0.01125766, "iv": 70.08, "instrument_name": "BTC-30DEC22-80000-C", "index_price": 30458.42, "direction": "buy", "amount": 0.1}, {"trade_seq": 2351, "trade_id": "217191462", "timestamp": 1654688381010, "tick_direction": 3, "price": 0.0115, "mark_price": 0.01125633, "iv": 70.08, "instrument_name": "BTC-30DEC22-80000-C", "index_price": 30458.2, "direction": "buy", "amount": 0.1}, {"trade_seq": 2350, "trade_id": "217191461", "timestamp": 1654688378391, "tick_direction": 3, "price": 0.0115, "mark_price": 0.01125484, "iv": 70.08, "instrument_name": "BTC-30DEC22-80000-C", "index_price": 30458.15, "direction": "buy", "amount": 0.1}, {"trade_seq": 2349, "trade_id": "217191460", "timestamp": 1654688377763, "tick_direction": 3, "price": 0.0115, "mark_price": 0.01125277, "iv": 70.08, "instrument_name": "BTC-30DEC22-80000-C", "index_price": 30457.43, "direction": "buy", "amount": 0.1}, {"trade_seq": 2348, "trade_id": "217191450", "timestamp": 1654688364461, "tick_direction": 3, "price": 0.0115, "mark_price": 0.01125399, "iv": 70.08, "instrument_name": "BTC-30DEC22-80000-C", "index_price": 30459.05, "direction": "buy", "amount": 0.1}, {"trade_seq": 2347, "trade_id": "217191449", "timestamp": 1654688363564, "tick_direction": 3, "price": 0.0115, "mark_price": 0.01125343, "iv": 70.08, "instrument_name": "BTC-30DEC22-80000-C", "index_price": 30459.33, "direction": "buy", "amount": 0.1}, {"trade_seq": 2346, "trade_id": "217191440", "timestamp": 1654688363233, "tick_direction": 3, "price": 0.0115, "mark_price": 0.01125502, "iv": 70.08, "instrument_name": "BTC-30DEC22-80000-C", "index_price": 30458.66, "direction": "buy", "amount": 0.1}, {"trade_seq": 2345, "trade_id": "217191439", "timestamp": 1654688362473, "tick_direction": 3, "price": 0.0115, "mark_price": 0.01125502, "iv": 70.08, "instrument_name": "BTC-30DEC22-80000-C", "index_price": 30458.66, "direction": "buy", "amount": 0.1}, {"trade_seq": 2344, "trade_id": "217191438", "timestamp": 1654688361851, "tick_direction": 3, "price": 0.0115, "mark_price": 0.01125411, "iv": 70.07, "instrument_name": "BTC-30DEC22-80000-C", "index_price": 30459.67, "direction": "buy", "amount": 0.1}, {"trade_seq": 2343, "trade_id": "217191437", "timestamp": 1654688359225, "tick_direction": 2, "price": 0.0115, "mark_price": 0.01124801, "iv": 70.08, "instrument_name": "BTC-30DEC22-80000-C", "index_price": 30456.93, "direction": "buy", "amount": 0.1}, {"trade_seq": 2342, "trade_id": "217123045", "timestamp": 1654646189132, "tick_direction": 1, "price": 0.012, "mark_price": 0.01158182, "iv": 69.34, "instrument_name": "BTC-30DEC22-80000-C", "index_price": 31156.88, "direction": "buy", "amount": 0.1}, {"trade_seq": 2341, "trade_id": "217123044", "timestamp": 1654646189089, "tick_direction": 1, "price": 0.012, "mark_price": 0.01158182, "iv": 69.34, "instrument_name": "BTC-30DEC22-80000-C", "index_price": 31156.88, "direction": "buy", "amount": 0.1}, {"trade_seq": 2340, "trade_id": "217123043", "timestamp": 1654646189051, "tick_direction": 1, "price": 0.012, "mark_price": 0.01158182, "iv": 69.34, "instrument_name": "BTC-30DEC22-80000-C", "index_price": 31156.88, "direction": "buy", "amount": 0.1}, {"trade_seq": 2339, "trade_id": "217123042", "timestamp": 1654646188995, "tick_direction": 1, "price": 0.012, "mark_price": 0.01158182, "iv": 69.34, "instrument_name": "BTC-30DEC22-80000-C", "index_price": 31150.13, "direction": "buy", "amount": 0.1}, {"trade_seq": 2338, "trade_id": "217123041", "timestamp": 1654646188781, "tick_direction": 1, "price": 0.012, "mark_price": 0.01158182, "iv": 69.34, "instrument_name": "BTC-30DEC22-80000-C", "index_price": 31150.13, "direction": "buy", "amount": 0.1}, {"trade_seq": 2337, "trade_id": "217123040", "timestamp": 1654646183856, "tick_direction": 1, "price": 0.012, "mark_price": 0.01157999, "iv": 69.34, "instrument_name": "BTC-30DEC22-80000-C", "index_price": 31148.72, "direction": "buy", "amount": 0.1}, {"trade_seq": 2336, "trade_id": "217123032", "timestamp": 1654646172508, "tick_direction": 1, "price": 0.012, "mark_price": 0.01158809, "iv": 69.33, "instrument_name": "BTC-30DEC22-80000-C", "index_price": 31154.26, "direction": "buy", "amount": 0.1}, {"trade_seq": 2335, "trade_id": "217123031", "timestamp": 1654646170080, "tick_direction": 1, "price": 0.012, "mark_price": 0.01158251, "iv": 69.33, "instrument_name": "BTC-30DEC22-80000-C", "index_price": 31153.89, "direction": "buy", "amount": 0.1}, {"trade_seq": 2334, "trade_id": "217123026", "timestamp": 1654646158688, "tick_direction": 1, "price": 0.012, "mark_price": 0.01156727, "iv": 69.35, "instrument_name": "BTC-30DEC22-80000-C", "index_price": 31148.69, "direction": "buy", "amount": 0.1}, {"trade_seq": 2333, "trade_id": "217123025", "timestamp": 1654646158655, "tick_direction": 1, "price": 0.012, "mark_price": 0.01156727, "iv": 69.35, "instrument_name": "BTC-30DEC22-80000-C", "index_price": 31148.69, "direction": "buy", "amount": 0.1}, {"trade_seq": 2332, "trade_id": "217123024", "timestamp": 1654646158613, "tick_direction": 1, "price": 0.012, "mark_price": 0.01156727, "iv": 69.35, "instrument_name": "BTC-30DEC22-80000-C", "index_price": 31148.69, "direction": "buy", "amount": 0.1}, {"trade_seq": 2331, "trade_id": "217123023", "timestamp": 1654646158580, "tick_direction": 1, "price": 0.012, "mark_price": 0.01156727, "iv": 69.35, "instrument_name": "BTC-30DEC22-80000-C", "index_price": 31148.69, "direction": "buy", "amount": 0.1}, {"trade_seq": 2330, "trade_id": "217123019", "timestamp": 1654646158505, "tick_direction": 1, "price": 0.012, "mark_price": 0.01156727, "iv": 69.35, "instrument_name": "BTC-30DEC22-80000-C", "index_price": 31148.69, "direction": "buy", "amount": 0.1}, {"trade_seq": 2329, "trade_id": "217123017", "timestamp": 1654646158470, "tick_direction": 1, "price": 0.012, "mark_price": 0.01156727, "iv": 69.35, "instrument_name": "BTC-30DEC22-80000-C", "index_price": 31148.69, "direction": "buy", "amount": 0.1}, {"trade_seq": 2328, "trade_id": "217123007", "timestamp": 1654646153892, "tick_direction": 1, "price": 0.012, "mark_price": 0.01156458, "iv": 69.35, "instrument_name": "BTC-30DEC22-80000-C", "index_price": 31148.4, "direction": "buy", "amount": 0.1}, {"trade_seq": 2327, "trade_id": "217123006", "timestamp": 1654646144029, "tick_direction": 1, "price": 0.012, "mark_price": 0.01155618, "iv": 69.35, "instrument_name": "BTC-30DEC22-80000-C", "index_price": 31145.16, "direction": "buy", "amount": 0.1}, {"trade_seq": 2326, "trade_id": "217123004", "timestamp": 1654646143975, "tick_direction": 1, "price": 0.012, "mark_price": 0.01155618, "iv": 69.35, "instrument_name": "BTC-30DEC22-80000-C", "index_price": 31145.16, "direction": "buy", "amount": 0.1}, {"trade_seq": 2325, "trade_id": "217123003", "timestamp": 1654646143950, "tick_direction": 1, "price": 0.012, "mark_price": 0.01155618, "iv": 69.35, "instrument_name": "BTC-30DEC22-80000-C", "index_price": 31145.16, "direction": "buy", "amount": 0.1}, {"trade_seq": 2324, "trade_id": "217123002", "timestamp": 1654646143820, "tick_direction": 1, "price": 0.012, "mark_price": 0.01155618, "iv": 69.35, "instrument_name": "BTC-30DEC22-80000-C", "index_price": 31145.16, "direction": "buy", "amount": 0.1}, {"trade_seq": 2323, "trade_id": "217123001", "timestamp": 1654646143798, "tick_direction": 1, "price": 0.012, "mark_price": 0.01155618, "iv": 69.35, "instrument_name": "BTC-30DEC22-80000-C", "index_price": 31145.16, "direction": "buy", "amount": 0.1}, {"trade_seq": 2322, "trade_id": "217123000", "timestamp": 1654646136601, "tick_direction": 1, "price": 0.012, "mark_price": 0.011554, "iv": 69.35, "instrument_name": "BTC-30DEC22-80000-C", "index_price": 31146.2, "direction": "buy", "amount": 0.1}, {"trade_seq": 2321, "trade_id": "217122997", "timestamp": 1654646121878, "tick_direction": 1, "price": 0.012, "mark_price": 0.01154855, "iv": 69.35, "instrument_name": "BTC-30DEC22-80000-C", "index_price": 31145.64, "direction": "buy", "amount": 0.1}, {"trade_seq": 2320, "trade_id": "217122996", "timestamp": 1654646121862, "tick_direction": 1, "price": 0.012, "mark_price": 0.01154855, "iv": 69.35, "instrument_name": "BTC-30DEC22-80000-C", "index_price": 31145.64, "direction": "buy", "amount": 0.1}, {"trade_seq": 2319, "trade_id": "217122995", "timestamp": 1654646116471, "tick_direction": 1, "price": 0.012, "mark_price": 0.01154436, "iv": 69.35, "instrument_name": "BTC-30DEC22-80000-C", "index_price": 31144.6, "direction": "buy", "amount": 0.1}, {"trade_seq": 2318, "trade_id": "217122994", "timestamp": 1654646116456, "tick_direction": 1, "price": 0.012, "mark_price": 0.01154436, "iv": 69.35, "instrument_name": "BTC-30DEC22-80000-C", "index_price": 31144.6, "direction": "buy", "amount": 0.1}, {"trade_seq": 2317, "trade_id": "217122993", "timestamp": 1654646115111, "tick_direction": 1, "price": 0.012, "mark_price": 0.01154528, "iv": 69.35, "instrument_name": "BTC-30DEC22-80000-C", "index_price": 31143.71, "direction": "buy", "amount": 0.1}, {"trade_seq": 2316, "trade_id": "217122989", "timestamp": 1654646110452, "tick_direction": 1, "price": 0.012, "mark_price": 0.01153183, "iv": 69.36, "instrument_name": "BTC-30DEC22-80000-C", "index_price": 31136.83, "direction": "buy", "amount": 0.1}, {"trade_seq": 2315, "trade_id": "217122988", "timestamp": 1654646110391, "tick_direction": 1, "price": 0.012, "mark_price": 0.01153183, "iv": 69.36, "instrument_name": "BTC-30DEC22-80000-C", "index_price": 31136.83, "direction": "buy", "amount": 0.1}, {"trade_seq": 2314, "trade_id": "217122987", "timestamp": 1654646110115, "tick_direction": 1, "price": 0.012, "mark_price": 0.01153183, "iv": 69.36, "instrument_name": "BTC-30DEC22-80000-C", "index_price": 31136.83, "direction": "buy", "amount": 0.1}, {"trade_seq": 2313, "trade_id": "217122986", "timestamp": 1654646110094, "tick_direction": 1, "price": 0.012, "mark_price": 0.01153183, "iv": 69.36, "instrument_name": "BTC-30DEC22-80000-C", "index_price": 31136.83, "direction": "buy", "amount": 0.1}, {"trade_seq": 2312, "trade_id": "217122985", "timestamp": 1654646109960, "tick_direction": 1, "price": 0.012, "mark_price": 0.01153134, "iv": 69.36, "instrument_name": "BTC-30DEC22-80000-C", "index_price": 31136.83, "direction": "buy", "amount": 0.1}, {"trade_seq": 2311, "trade_id": "217122984", "timestamp": 1654646109950, "tick_direction": 1, "price": 0.012, "mark_price": 0.01153134, "iv": 69.36, "instrument_name": "BTC-30DEC22-80000-C", "index_price": 31136.83, "direction": "buy", "amount": 0.1}, {"trade_seq": 2310, "trade_id": "217122983", "timestamp": 1654646109839, "tick_direction": 1, "price": 0.012, "mark_price": 0.01153134, "iv": 69.36, "instrument_name": "BTC-30DEC22-80000-C", "index_price": 31136.83, "direction": "buy", "amount": 0.1}, {"trade_seq": 2309, "trade_id": "217122982", "timestamp": 1654646109831, "tick_direction": 1, "price": 0.012, "mark_price": 0.01153134, "iv": 69.36, "instrument_name": "BTC-30DEC22-80000-C", "index_price": 31136.83, "direction": "buy", "amount": 0.1}, {"trade_seq": 2308, "trade_id": "217122981", "timestamp": 1654646109735, "tick_direction": 1, "price": 0.012, "mark_price": 0.01153134, "iv": 69.36, "instrument_name": "BTC-30DEC22-80000-C", "index_price": 31136.83, "direction": "buy", "amount": 0.3}, {"trade_seq": 2307, "trade_id": "217122980", "timestamp": 1654646109707, "tick_direction": 1, "price": 0.012, "mark_price": 0.01153134, "iv": 69.36, "instrument_name": "BTC-30DEC22-80000-C", "index_price": 31136.83, "direction": "buy", "amount": 0.5}, {"trade_seq": 2306, "trade_id": "217122979", "timestamp": 1654646109684, "tick_direction": 1, "price": 0.012, "mark_price": 0.01153134, "iv": 69.36, "instrument_name": "BTC-30DEC22-80000-C", "index_price": 31136.83, "direction": "buy", "amount": 0.1}, {"trade_seq": 2305, "trade_id": "217122978", "timestamp": 1654646109678, "tick_direction": 1, "price": 0.012, "mark_price": 0.01153134, "iv": 69.36, "instrument_name": "BTC-30DEC22-80000-C", "index_price": 31136.83, "direction": "buy", "amount": 0.5}, {"trade_seq": 2304, "trade_id": "217122977", "timestamp": 1654646109664, "tick_direction": 1, "price": 0.012, "mark_price": 0.01153134, "iv": 69.36, "instrument_name": "BTC-30DEC22-80000-C", "index_price": 31136.83, "direction": "buy", "amount": 0.6}, {"trade_seq": 2303, "trade_id": "217122974", "timestamp": 1654646109641, "tick_direction": 1, "price": 0.012, "mark_price": 0.01153134, "iv": 69.36, "instrument_name": "BTC-30DEC22-80000-C", "index_price": 31136.83, "direction": "buy", "amount": 0.9}, {"trade_seq": 2302, "trade_id": "217122973", "timestamp": 1654646109587, "tick_direction": 1, "price": 0.012, "mark_price": 0.01153134, "iv": 69.36, "instrument_name": "BTC-30DEC22-80000-C", "index_price": 31136.83, "direction": "buy", "amount": 1.2}, {"trade_seq": 2301, "trade_id": "217122972", "timestamp": 1654646109549, "tick_direction": 1, "price": 0.012, "mark_price": 0.01153134, "iv": 69.36, "instrument_name": "BTC-30DEC22-80000-C", "index_price": 31136.83, "direction": "buy", "amount": 1.5}, {"trade_seq": 2300, "trade_id": "217107785", "timestamp": 1654642499026, "tick_direction": 0, "price": 0.012, "mark_price": 0.01158977, "iv": 68.97, "instrument_name": "BTC-30DEC22-80000-C", "index_price": 31407.04, "direction": "buy", "amount": 1.0}, {"trade_seq": 2299, "trade_id": "217073329", "timestamp": 1654631787214, "tick_direction": 1, "price": 0.0105, "mark_price": 0.01111612, "iv": 67.86, "instrument_name": "BTC-30DEC22-80000-C", "index_price": 31058.58, "direction": "sell", "amount": 1.3}, {"trade_seq": 2298, "trade_id": "217073328", "timestamp": 1654631787214, "tick_direction": 0, "price": 0.0105, "mark_price": 0.01111612, "iv": 67.86, "instrument_name": "BTC-30DEC22-80000-C", "index_price": 31058.58, "direction": "sell", "amount": 1.7}, {"trade_seq": 2297, "trade_id": "217051401", "timestamp": 1654624555131, "tick_direction": 3, "price": 0.0095, "mark_price": 0.01023206, "iv": 68.57, "instrument_name": "BTC-30DEC22-80000-C", "index_price": 29911.54, "direction": "sell", "amount": 0.7}, {"trade_seq": 2296, "trade_id": "217051400", "timestamp": 1654624555131, "tick_direction": 2, "price": 0.0095, "mark_price": 0.01023206, "iv": 68.57, "instrument_name": "BTC-30DEC22-80000-C", "index_price": 29911.54, "direction": "sell", "amount": 1.5}, {"trade_seq": 2295, "trade_id": "217038272", "timestamp": 1654611341939, "tick_direction": 1, "price": 0.0105, "mark_price": 0.0099751, "iv": 70.5, "instrument_name": "BTC-30DEC22-80000-C", "index_price": 29540.73, "direction": "buy", "amount": 2.0}, {"trade_seq": 2294, "trade_id": "217029555", "timestamp": 1654603174306, "tick_direction": 0, "price": 0.0105, "mark_price": 0.00997347, "iv": 70.55, "instrument_name": "BTC-30DEC22-80000-C", "index_price": 29497.79, "direction": "buy", "amount": 0.3}, {"trade_seq": 2293, "trade_id": "217022580", "timestamp": 1654594519410, "tick_direction": 3, "price": 0.01, "mark_price": 0.01017448, "iv": 69.8, "instrument_name": "BTC-30DEC22-80000-C", "index_price": 29542.61, "direction": "buy", "amount": 0.1}, {"trade_seq": 2292, "trade_id": "217022579", "timestamp": 1654594517388, "tick_direction": 3, "price": 0.01, "mark_price": 0.01017419, "iv": 69.8, "instrument_name": "BTC-30DEC22-80000-C", "index_price": 29542.61, "direction": "buy", "amount": 0.1}, {"trade_seq": 2291, "trade_id": "217022344", "timestamp": 1654593930908, "tick_direction": 3, "price": 0.01, "mark_price": 0.01014191, "iv": 69.82, "instrument_name": "BTC-30DEC22-80000-C", "index_price": 29549.65, "direction": "buy", "amount": 0.1}, {"trade_seq": 2290, "trade_id": "217022343", "timestamp": 1654593930895, "tick_direction": 3, "price": 0.01, "mark_price": 0.01014191, "iv": 69.82, "instrument_name": "BTC-30DEC22-80000-C", "index_price": 29549.65, "direction": "buy", "amount": 0.1}, {"trade_seq": 2289, "trade_id": "217022342", "timestamp": 1654593930724, "tick_direction": 3, "price": 0.01, "mark_price": 0.01014191, "iv": 69.82, "instrument_name": "BTC-30DEC22-80000-C", "index_price": 29549.65, "direction": "buy", "amount": 0.1}, {"trade_seq": 2288, "trade_id": "217022327", "timestamp": 1654593890622, "tick_direction": 3, "price": 0.01, "mark_price": 0.01014125, "iv": 69.81, "instrument_name": "BTC-30DEC22-80000-C", "index_price": 29553.65, "direction": "buy", "amount": 0.1}, {"trade_seq": 2287, "trade_id": "217022321", "timestamp": 1654593884558, "tick_direction": 3, "price": 0.01, "mark_price": 0.01014164, "iv": 69.81, "instrument_name": "BTC-30DEC22-80000-C", "index_price": 29553.71, "direction": "buy", "amount": 0.1}, {"trade_seq": 2286, "trade_id": "217022319", "timestamp": 1654593880512, "tick_direction": 3, "price": 0.01, "mark_price": 0.01014301, "iv": 69.81, "instrument_name": "BTC-30DEC22-80000-C", "index_price": 29553.75, "direction": "buy", "amount": 0.1}, {"trade_seq": 2285, "trade_id": "217022316", "timestamp": 1654593871068, "tick_direction": 3, "price": 0.01, "mark_price": 0.01014935, "iv": 69.8, "instrument_name": "BTC-30DEC22-80000-C", "index_price": 29554.05, "direction": "buy", "amount": 0.1}, {"trade_seq": 2284, "trade_id": "217022315", "timestamp": 1654593870831, "tick_direction": 2, "price": 0.01, "mark_price": 0.01014935, "iv": 69.8, "instrument_name": "BTC-30DEC22-80000-C", "index_price": 29554.05, "direction": "buy", "amount": 0.1}, {"trade_seq": 2283, "trade_id": "216958488", "timestamp": 1654562264191, "tick_direction": 2, "price": 0.011, "mark_price": 0.01085883, "iv": 69.42, "instrument_name": "BTC-30DEC22-80000-C", "index_price": 30402.64, "direction": "sell", "amount": 2.9}, {"trade_seq": 2282, "trade_id": "216952612", "timestamp": 1654561466801, "tick_direction": 2, "price": 0.0115, "mark_price": 0.01079157, "iv": 69.28, "instrument_name": "BTC-30DEC22-80000-C", "index_price": 30780.3, "direction": "sell", "amount": 0.5}, {"trade_seq": 2281, "trade_id": "216873445", "timestamp": 1654503559281, "tick_direction": 1, "price": 0.0125, "mark_price": 0.01224761, "iv": 69.13, "instrument_name": "BTC-30DEC22-80000-C", "index_price": 31326.35, "direction": "buy", "amount": 0.1}, {"trade_seq": 2280, "trade_id": "216873444", "timestamp": 1654503559258, "tick_direction": 1, "price": 0.0125, "mark_price": 0.01224761, "iv": 69.13, "instrument_name": "BTC-30DEC22-80000-C", "index_price": 31326.35, "direction": "buy", "amount": 0.6}, {"trade_seq": 2279, "trade_id": "216873373", "timestamp": 1654503493760, "tick_direction": 0, "price": 0.0125, "mark_price": 0.0122255, "iv": 69.13, "instrument_name": "BTC-30DEC22-80000-C", "index_price": 31330.12, "direction": "buy", "amount": 0.6}, {"trade_seq": 2278, "trade_id": "216844841", "timestamp": 1654484191096, "tick_direction": 3, "price": 0.0115, "mark_price": 0.01190725, "iv": 68.78, "instrument_name": "BTC-30DEC22-80000-C", "index_price": 30919.96, "direction": "sell", "amount": 1.0}, {"trade_seq": 2277, "trade_id": "216802057", "timestamp": 1654440564733, "tick_direction": 2, "price": 0.0115, "mark_price": 0.01184248, "iv": 70.89, "instrument_name": "BTC-30DEC22-80000-C", "index_price": 29745.32, "direction": "buy", "amount": 2.1}, {"trade_seq": 2276, "trade_id": "216795997", "timestamp": 1654427836768, "tick_direction": 0, "price": 0.012, "mark_price": 0.0106301, "iv": 71.7, "instrument_name": "BTC-30DEC22-80000-C", "index_price": 29578.41, "direction": "buy", "amount": 0.2}, {"trade_seq": 2275, "trade_id": "216795959", "timestamp": 1654427790243, "tick_direction": 0, "price": 0.0115, "mark_price": 0.01055687, "iv": 71.16, "instrument_name": "BTC-30DEC22-80000-C", "index_price": 29575.85, "direction": "buy", "amount": 1.2}, {"trade_seq": 2274, "trade_id": "216792319", "timestamp": 1654420228046, "tick_direction": 0, "price": 0.009, "mark_price": 0.00870531, "iv": 68.13, "instrument_name": "BTC-30DEC22-80000-C", "index_price": 29573.65, "direction": "sell", "amount": 4.3}, {"trade_seq": 2273, "trade_id": "216784598", "timestamp": 1654401311473, "tick_direction": 3, "price": 0.0085, "mark_price": 0.00947719, "iv": 67.18, "instrument_name": "BTC-30DEC22-80000-C", "index_price": 29730.35, "direction": "sell", "amount": 0.1}, {"trade_seq": 2272, "trade_id": "216784584", "timestamp": 1654401306306, "tick_direction": 3, "price": 0.0085, "mark_price": 0.00948346, "iv": 67.17, "instrument_name": "BTC-30DEC22-80000-C", "index_price": 29735.68, "direction": "sell", "amount": 0.1}, {"trade_seq": 2271, "trade_id": "216784580", "timestamp": 1654401304312, "tick_direction": 3, "price": 0.0085, "mark_price": 0.00948284, "iv": 67.17, "instrument_name": "BTC-30DEC22-80000-C", "index_price": 29735.58, "direction": "sell", "amount": 0.1}, {"trade_seq": 2270, "trade_id": "216784578", "timestamp": 1654401304297, "tick_direction": 3, "price": 0.0085, "mark_price": 0.00948284, "iv": 67.17, "instrument_name": "BTC-30DEC22-80000-C", "index_price": 29735.58, "direction": "sell", "amount": 0.1}, {"trade_seq": 2269, "trade_id": "216784573", "timestamp": 1654401300275, "tick_direction": 3, "price": 0.0085, "mark_price": 0.0094842, "iv": 67.17, "instrument_name": "BTC-30DEC22-80000-C", "index_price": 29736.29, "direction": "sell", "amount": 0.1}, {"trade_seq": 2268, "trade_id": "216784569", "timestamp": 1654401298222, "tick_direction": 3, "price": 0.0085, "mark_price": 0.00948427, "iv": 67.17, "instrument_name": "BTC-30DEC22-80000-C", "index_price": 29736.64, "direction": "sell", "amount": 0.1}, {"trade_seq": 2267, "trade_id": "216784568", "timestamp": 1654401298214, "tick_direction": 3, "price": 0.0085, "mark_price": 0.00948427, "iv": 67.17, "instrument_name": "BTC-30DEC22-80000-C", "index_price": 29736.64, "direction": "sell", "amount": 0.1}, {"trade_seq": 2266, "trade_id": "216784565", "timestamp": 1654401296187, "tick_direction": 3, "price": 0.0085, "mark_price": 0.0094843, "iv": 67.17, "instrument_name": "BTC-30DEC22-80000-C", "index_price": 29736.16, "direction": "sell", "amount": 0.1}, {"trade_seq": 2265, "trade_id": "216784562", "timestamp": 1654401294191, "tick_direction": 3, "price": 0.0085, "mark_price": 0.00948452, "iv": 67.17, "instrument_name": "BTC-30DEC22-80000-C", "index_price": 29736.47, "direction": "sell", "amount": 0.1}, {"trade_seq": 2264, "trade_id": "216784559", "timestamp": 1654401292177, "tick_direction": 3, "price": 0.0085, "mark_price": 0.00948549, "iv": 67.17, "instrument_name": "BTC-30DEC22-80000-C", "index_price": 29737.14, "direction": "sell", "amount": 0.1}, {"trade_seq": 2263, "trade_id": "216784555", "timestamp": 1654401290148, "tick_direction": 3, "price": 0.0085, "mark_price": 0.00948435, "iv": 67.17, "instrument_name": "BTC-30DEC22-80000-C", "index_price": 29736.25, "direction": "sell", "amount": 0.1}, {"trade_seq": 2262, "trade_id": "216784553", "timestamp": 1654401288129, "tick_direction": 2, "price": 0.0085, "mark_price": 0.00948483, "iv": 67.17, "instrument_name": "BTC-30DEC22-80000-C", "index_price": 29736.65, "direction": "sell", "amount": 0.1}, {"trade_seq": 2261, "trade_id": "216783244", "timestamp": 1654396880889, "tick_direction": 3, "price": 0.0095, "mark_price": 0.01012297, "iv": 68.44, "instrument_name": "BTC-30DEC22-80000-C", "index_price": 29751.28, "direction": "buy", "amount": 2.0}, {"trade_seq": 2260, "trade_id": "216783243", "timestamp": 1654396878867, "tick_direction": 3, "price": 0.0095, "mark_price": 0.01012605, "iv": 68.44, "instrument_name": "BTC-30DEC22-80000-C", "index_price": 29751.54, "direction": "buy", "amount": 2.9}, {"trade_seq": 2259, "trade_id": "216783240", "timestamp": 1654396877848, "tick_direction": 2, "price": 0.0095, "mark_price": 0.01012697, "iv": 68.44, "instrument_name": "BTC-30DEC22-80000-C", "index_price": 29754.22, "direction": "buy", "amount": 4.6}, {"trade_seq": 2258, "trade_id": "216781434", "timestamp": 1654391963896, "tick_direction": 2, "price": 0.01, "mark_price": 0.01016372, "iv": 69.08, "instrument_name": "BTC-30DEC22-80000-C", "index_price": 29672.53, "direction": "buy", "amount": 2.0}, {"trade_seq": 2257, "trade_id": "216773851", "timestamp": 1654369972191, "tick_direction": 1, "price": 0.011, "mark_price": 0.01058734, "iv": 70.19, "instrument_name": "BTC-30DEC22-80000-C", "index_price": 29698.43, "direction": "buy", "amount": 0.2}, {"trade_seq": 2256, "trade_id": "216773850", "timestamp": 1654369970169, "tick_direction": 1, "price": 0.011, "mark_price": 0.01058677, "iv": 70.19, "instrument_name": "BTC-30DEC22-80000-C", "index_price": 29699.54, "direction": "buy", "amount": 0.2}, {"trade_seq": 2255, "trade_id": "216773849", "timestamp": 1654369962079, "tick_direction": 1, "price": 0.011, "mark_price": 0.01058212, "iv": 70.19, "instrument_name": "BTC-30DEC22-80000-C", "index_price": 29699.55, "direction": "buy", "amount": 0.1}, {"trade_seq": 2254, "trade_id": "216773847", "timestamp": 1654369960055, "tick_direction": 1, "price": 0.011, "mark_price": 0.01058153, "iv": 70.19, "instrument_name": "BTC-30DEC22-80000-C", "index_price": 29699.42, "direction": "buy", "amount": 0.2}, {"trade_seq": 2253, "trade_id": "216773846", "timestamp": 1654369953993, "tick_direction": 0, "price": 0.011, "mark_price": 0.0105816, "iv": 70.19, "instrument_name": "BTC-30DEC22-80000-C", "index_price": 29698.95, "direction": "buy", "amount": 0.1}, {"trade_seq": 2252, "trade_id": "216750175", "timestamp": 1654316140478, "tick_direction": 1, "price": 0.0105, "mark_price": 0.0104368, "iv": 69.55, "instrument_name": "BTC-30DEC22-80000-C", "index_price": 29677.55, "direction": "buy", "amount": 0.1}, {"trade_seq": 2251, "trade_id": "216750174", "timestamp": 1654316140445, "tick_direction": 1, "price": 0.0105, "mark_price": 0.0104368, "iv": 69.55, "instrument_name": "BTC-30DEC22-80000-C", "index_price": 29677.55, "direction": "buy", "amount": 0.1}, {"trade_seq": 2250, "trade_id": "216750173", "timestamp": 1654316140393, "tick_direction": 1, "price": 0.0105, "mark_price": 0.0104368, "iv": 69.55, "instrument_name": "BTC-30DEC22-80000-C", "index_price": 29677.55, "direction": "buy", "amount": 0.1}, {"trade_seq": 2249, "trade_id": "216750172", "timestamp": 1654316137989, "tick_direction": 0, "price": 0.0105, "mark_price": 0.01043567, "iv": 69.55, "instrument_name": "BTC-30DEC22-80000-C", "index_price": 29674.76, "direction": "buy", "amount": 0.1}, {"trade_seq": 2248, "trade_id": "216748995", "timestamp": 1654313147056, "tick_direction": 2, "price": 0.01, "mark_price": 0.01028714, "iv": 69.14, "instrument_name": "BTC-30DEC22-80000-C", "index_price": 29576.36, "direction": "sell", "amount": 0.2}, {"trade_seq": 2247, "trade_id": "216669167", "timestamp": 1654247920377, "tick_direction": 3, "price": 0.0115, "mark_price": 0.01123346, "iv": 69.39, "instrument_name": "BTC-30DEC22-80000-C", "index_price": 30276.93, "direction": "buy", "amount": 0.1}, {"trade_seq": 2246, "trade_id": "216669155", "timestamp": 1654247918292, "tick_direction": 3, "price": 0.0115, "mark_price": 0.01122889, "iv": 69.4, "instrument_name": "BTC-30DEC22-80000-C", "index_price": 30269.75, "direction": "buy", "amount": 0.1}, {"trade_seq": 2245, "trade_id": "216669153", "timestamp": 1654247917868, "tick_direction": 3, "price": 0.0115, "mark_price": 0.01122889, "iv": 69.4, "instrument_name": "BTC-30DEC22-80000-C", "index_price": 30269.75, "direction": "buy", "amount": 0.1}, {"trade_seq": 2244, "trade_id": "216669151", "timestamp": 1654247917232, "tick_direction": 3, "price": 0.0115, "mark_price": 0.01122566, "iv": 69.41, "instrument_name": "BTC-30DEC22-80000-C", "index_price": 30266.3, "direction": "buy", "amount": 0.1}, {"trade_seq": 2243, "trade_id": "216669150", "timestamp": 1654247917202, "tick_direction": 3, "price": 0.0115, "mark_price": 0.01122566, "iv": 69.41, "instrument_name": "BTC-30DEC22-80000-C", "index_price": 30266.3, "direction": "buy", "amount": 0.1}, {"trade_seq": 2242, "trade_id": "216669149", "timestamp": 1654247917156, "tick_direction": 3, "price": 0.0115, "mark_price": 0.01122566, "iv": 69.41, "instrument_name": "BTC-30DEC22-80000-C", "index_price": 30266.3, "direction": "buy", "amount": 0.1}, {"trade_seq": 2241, "trade_id": "216669030", "timestamp": 1654247854144, "tick_direction": 3, "price": 0.0115, "mark_price": 0.01129455, "iv": 69.35, "instrument_name": "BTC-30DEC22-80000-C", "index_price": 30286.21, "direction": "buy", "amount": 0.1}, {"trade_seq": 2240, "trade_id": "216669029", "timestamp": 1654247854130, "tick_direction": 3, "price": 0.0115, "mark_price": 0.01129455, "iv": 69.35, "instrument_name": "BTC-30DEC22-80000-C", "index_price": 30286.21, "direction": "buy", "amount": 0.1}, {"trade_seq": 2239, "trade_id": "216669028", "timestamp": 1654247854124, "tick_direction": 3, "price": 0.0115, "mark_price": 0.01129455, "iv": 69.35, "instrument_name": "BTC-30DEC22-80000-C", "index_price": 30286.21, "direction": "buy", "amount": 0.1}, {"trade_seq": 2238, "trade_id": "216669027", "timestamp": 1654247854083, "tick_direction": 3, "price": 0.0115, "mark_price": 0.01129455, "iv": 69.35, "instrument_name": "BTC-30DEC22-80000-C", "index_price": 30286.21, "direction": "buy", "amount": 0.1}, {"trade_seq": 2237, "trade_id": "216669026", "timestamp": 1654247854075, "tick_direction": 3, "price": 0.0115, "mark_price": 0.01129455, "iv": 69.35, "instrument_name": "BTC-30DEC22-80000-C", "index_price": 30286.21, "direction": "buy", "amount": 0.2}, {"trade_seq": 2236, "trade_id": "216669025", "timestamp": 1654247854063, "tick_direction": 3, "price": 0.0115, "mark_price": 0.01129455, "iv": 69.35, "instrument_name": "BTC-30DEC22-80000-C", "index_price": 30286.21, "direction": "buy", "amount": 0.2}, {"trade_seq": 2235, "trade_id": "216669024", "timestamp": 1654247854054, "tick_direction": 3, "price": 0.0115, "mark_price": 0.01129455, "iv": 69.35, "instrument_name": "BTC-30DEC22-80000-C", "index_price": 30286.21, "direction": "buy", "amount": 0.3}, {"trade_seq": 2234, "trade_id": "216668693", "timestamp": 1654247717021, "tick_direction": 3, "price": 0.0115, "mark_price": 0.0113484, "iv": 69.27, "instrument_name": "BTC-30DEC22-80000-C", "index_price": 30343.02, "direction": "buy", "amount": 0.2}, {"trade_seq": 2233, "trade_id": "216668692", "timestamp": 1654247716670, "tick_direction": 3, "price": 0.0115, "mark_price": 0.0113484, "iv": 69.27, "instrument_name": "BTC-30DEC22-80000-C", "index_price": 30343.02, "direction": "buy", "amount": 0.2}, {"trade_seq": 2232, "trade_id": "216665514", "timestamp": 1654244299277, "tick_direction": 3, "price": 0.0115, "mark_price": 0.01192331, "iv": 69.02, "instrument_name": "BTC-30DEC22-80000-C", "index_price": 30500.67, "direction": "sell", "amount": 5.0}, {"trade_seq": 2231, "trade_id": "216665513", "timestamp": 1654244299277, "tick_direction": 2, "price": 0.0115, "mark_price": 0.01192331, "iv": 69.02, "instrument_name": "BTC-30DEC22-80000-C", "index_price": 30500.67, "direction": "sell", "amount": 1.5}, {"trade_seq": 2230, "trade_id": "216665512", "timestamp": 1654244299277, "tick_direction": 2, "price": 0.012, "mark_price": 0.01192331, "iv": 69.56, "instrument_name": "BTC-30DEC22-80000-C", "index_price": 30500.67, "direction": "sell", "amount": 2.1}, {"trade_seq": 2229, "trade_id": "216665185", "timestamp": 1654243990450, "tick_direction": 1, "price": 0.0125, "mark_price": 0.01165099, "iv": 70.1, "instrument_name": "BTC-30DEC22-80000-C", "index_price": 30490.04, "direction": "buy", "amount": 0.4}, {"trade_seq": 2228, "trade_id": "216665184", "timestamp": 1654243990450, "tick_direction": 0, "price": 0.0125, "mark_price": 0.01165099, "iv": 70.1, "instrument_name": "BTC-30DEC22-80000-C", "index_price": 30490.04, "direction": "buy", "amount": 1.0}, {"trade_seq": 2227, "trade_id": "216617938", "timestamp": 1654195500561, "tick_direction": 1, "price": 0.011, "mark_price": 0.01095977, "iv": 68.93, "instrument_name": "BTC-30DEC22-80000-C", "index_price": 30195.74, "direction": "buy", "amount": 0.1}, {"trade_seq": 2226, "trade_id": "216617930", "timestamp": 1654195496848, "tick_direction": 1, "price": 0.011, "mark_price": 0.01095958, "iv": 68.93, "instrument_name": "BTC-30DEC22-80000-C", "index_price": 30195.03, "direction": "buy", "amount": 0.1}, {"trade_seq": 2225, "trade_id": "216617927", "timestamp": 1654195493621, "tick_direction": 1, "price": 0.011, "mark_price": 0.0109585, "iv": 68.93, "instrument_name": "BTC-30DEC22-80000-C", "index_price": 30194.7, "direction": "buy", "amount": 0.1}, {"trade_seq": 2224, "trade_id": "216617926", "timestamp": 1654195490427, "tick_direction": 1, "price": 0.011, "mark_price": 0.01095431, "iv": 68.93, "instrument_name": "BTC-30DEC22-80000-C", "index_price": 30191.36, "direction": "buy", "amount": 0.1}, {"trade_seq": 2223, "trade_id": "216617923", "timestamp": 1654195490191, "tick_direction": 1, "price": 0.011, "mark_price": 0.01095431, "iv": 68.93, "instrument_name": "BTC-30DEC22-80000-C", "index_price": 30191.29, "direction": "buy", "amount": 0.1}, {"trade_seq": 2222, "trade_id": "216617921", "timestamp": 1654195487970, "tick_direction": 1, "price": 0.011, "mark_price": 0.0109541, "iv": 68.93, "instrument_name": "BTC-30DEC22-80000-C", "index_price": 30191.37, "direction": "buy", "amount": 0.1}, {"trade_seq": 2221, "trade_id": "216617903", "timestamp": 1654195459734, "tick_direction": 0, "price": 0.011, "mark_price": 0.0109585, "iv": 68.93, "instrument_name": "BTC-30DEC22-80000-C", "index_price": 30193.92, "direction": "buy", "amount": 0.1}, {"trade_seq": 2220, "trade_id": "216567261", "timestamp": 1654162807759, "tick_direction": 2, "price": 0.0105, "mark_price": 0.01065382, "iv": 68.87, "instrument_name": "BTC-30DEC22-80000-C", "index_price": 29871.45, "direction": "sell", "amount": 1.5}, {"trade_seq": 2219, "trade_id": "216474949", "timestamp": 1654099278870, "tick_direction": 2, "price": 0.0125, "mark_price": 0.0128784, "iv": 69.41, "instrument_name": "BTC-30DEC22-80000-C", "index_price": 30681.37, "direction": "sell", "amount": 0.3}, {"trade_seq": 2218, "trade_id": "216420716", "timestamp": 1654060656317, "tick_direction": 0, "price": 0.014, "mark_price": 0.01323116, "iv": 69.23, "instrument_name": "BTC-30DEC22-80000-C", "index_price": 31546.42, "direction": "buy", "block_trade_id": "40430", "amount": 50.0}, {"trade_seq": 2217, "trade_id": "216331865", "timestamp": 1653996584389, "tick_direction": 1, "price": 0.0135, "mark_price": 0.01340331, "iv": 68.3, "instrument_name": "BTC-30DEC22-80000-C", "index_price": 31787.61, "direction": "sell", "amount": 2.5}, {"trade_seq": 2216, "trade_id": "216331861", "timestamp": 1653996582301, "tick_direction": 0, "price": 0.0135, "mark_price": 0.01340558, "iv": 68.3, "instrument_name": "BTC-30DEC22-80000-C", "index_price": 31787.97, "direction": "sell", "amount": 3.3}, {"trade_seq": 2215, "trade_id": "216254614", "timestamp": 1653957583794, "tick_direction": 2, "price": 0.012, "mark_price": 0.01282195, "iv": 67.1, "instrument_name": "BTC-30DEC22-80000-C", "index_price": 31591.35, "direction": "sell", "amount": 0.1}, {"trade_seq": 2214, "trade_id": "216240394", "timestamp": 1653951717193, "tick_direction": 0, "price": 0.0135, "mark_price": 0.01341266, "iv": 68.49, "instrument_name": "BTC-30DEC22-80000-C", "index_price": 31687.89, "direction": "sell", "amount": 7.0}, {"trade_seq": 2213, "trade_id": "216236586", "timestamp": 1653950952568, "tick_direction": 0, "price": 0.013, "mark_price": 0.01315952, "iv": 68.03, "instrument_name": "BTC-30DEC22-80000-C", "index_price": 31668.25, "direction": "buy", "amount": 0.8}, {"trade_seq": 2212, "trade_id": "216230781", "timestamp": 1653948377747, "tick_direction": 3, "price": 0.0125, "mark_price": 0.01318034, "iv": 67.5, "instrument_name": "BTC-30DEC22-80000-C", "index_price": 31649.87, "direction": "sell", "amount": 1.0}, {"trade_seq": 2211, "trade_id": "216192879", "timestamp": 1653942306732, "tick_direction": 3, "price": 0.0125, "mark_price": 0.01371501, "iv": 68.07, "instrument_name": "BTC-30DEC22-80000-C", "index_price": 31315.97, "direction": "buy", "amount": 0.2}, {"trade_seq": 2210, "trade_id": "216192878", "timestamp": 1653942306732, "tick_direction": 2, "price": 0.0125, "mark_price": 0.01371501, "iv": 68.07, "instrument_name": "BTC-30DEC22-80000-C", "index_price": 31315.97, "direction": "buy", "amount": 0.2}, {"trade_seq": 2209, "trade_id": "216092230", "timestamp": 1653877621415, "tick_direction": 1, "price": 0.013, "mark_price": 0.01317267, "iv": 70.54, "instrument_name": "BTC-30DEC22-80000-C", "index_price": 30177.21, "direction": "sell", "amount": 0.1}, {"trade_seq": 2208, "trade_id": "216092229", "timestamp": 1653877621189, "tick_direction": 1, "price": 0.013, "mark_price": 0.01317267, "iv": 70.54, "instrument_name": "BTC-30DEC22-80000-C", "index_price": 30177.21, "direction": "sell", "amount": 0.1}, {"trade_seq": 2207, "trade_id": "216092228", "timestamp": 1653877621138, "tick_direction": 1, "price": 0.013, "mark_price": 0.01317479, "iv": 70.54, "instrument_name": "BTC-30DEC22-80000-C", "index_price": 30177.21, "direction": "sell", "amount": 0.1}, {"trade_seq": 2206, "trade_id": "216092227", "timestamp": 1653877621093, "tick_direction": 1, "price": 0.013, "mark_price": 0.01317479, "iv": 70.54, "instrument_name": "BTC-30DEC22-80000-C", "index_price": 30177.21, "direction": "sell", "amount": 0.1}, {"trade_seq": 2205, "trade_id": "216092222", "timestamp": 1653877619654, "tick_direction": 1, "price": 0.013, "mark_price": 0.01317814, "iv": 70.53, "instrument_name": "BTC-30DEC22-80000-C", "index_price": 30181.17, "direction": "sell", "amount": 0.1}, {"trade_seq": 2204, "trade_id": "216092221", "timestamp": 1653877618832, "tick_direction": 1, "price": 0.013, "mark_price": 0.01318265, "iv": 70.52, "instrument_name": "BTC-30DEC22-80000-C", "index_price": 30184.76, "direction": "sell", "amount": 0.1}, {"trade_seq": 2203, "trade_id": "216092220", "timestamp": 1653877618805, "tick_direction": 1, "price": 0.013, "mark_price": 0.01318265, "iv": 70.52, "instrument_name": "BTC-30DEC22-80000-C", "index_price": 30184.76, "direction": "sell", "amount": 0.1}, {"trade_seq": 2202, "trade_id": "216092219", "timestamp": 1653877618714, "tick_direction": 1, "price": 0.013, "mark_price": 0.01318265, "iv": 70.52, "instrument_name": "BTC-30DEC22-80000-C", "index_price": 30184.76, "direction": "sell", "amount": 0.1}, {"trade_seq": 2201, "trade_id": "216092218", "timestamp": 1653877618679, "tick_direction": 1, "price": 0.013, "mark_price": 0.01318265, "iv": 70.52, "instrument_name": "BTC-30DEC22-80000-C", "index_price": 30184.76, "direction": "sell", "amount": 0.1}, {"trade_seq": 2200, "trade_id": "216092216", "timestamp": 1653877618613, "tick_direction": 1, "price": 0.013, "mark_price": 0.01318265, "iv": 70.52, "instrument_name": "BTC-30DEC22-80000-C", "index_price": 30184.76, "direction": "sell", "amount": 0.1}, {"trade_seq": 2199, "trade_id": "216092206", "timestamp": 1653877615610, "tick_direction": 1, "price": 0.013, "mark_price": 0.01318251, "iv": 70.52, "instrument_name": "BTC-30DEC22-80000-C", "index_price": 30186.09, "direction": "sell", "amount": 0.1}, {"trade_seq": 2198, "trade_id": "216092188", "timestamp": 1653877606671, "tick_direction": 1, "price": 0.013, "mark_price": 0.01318194, "iv": 70.52, "instrument_name": "BTC-30DEC22-80000-C", "index_price": 30186.2, "direction": "sell", "amount": 0.1}, {"trade_seq": 2197, "trade_id": "216092187", "timestamp": 1653877606621, "tick_direction": 1, "price": 0.013, "mark_price": 0.01318194, "iv": 70.52, "instrument_name": "BTC-30DEC22-80000-C", "index_price": 30186.2, "direction": "sell", "amount": 0.1}, {"trade_seq": 2196, "trade_id": "216092186", "timestamp": 1653877606601, "tick_direction": 1, "price": 0.013, "mark_price": 0.01318194, "iv": 70.52, "instrument_name": "BTC-30DEC22-80000-C", "index_price": 30186.2, "direction": "sell", "amount": 0.1}, {"trade_seq": 2195, "trade_id": "216092178", "timestamp": 1653877605530, "tick_direction": 1, "price": 0.013, "mark_price": 0.0131832, "iv": 70.52, "instrument_name": "BTC-30DEC22-80000-C", "index_price": 30187.2, "direction": "sell", "amount": 0.1}, {"trade_seq": 2194, "trade_id": "216092177", "timestamp": 1653877604437, "tick_direction": 1, "price": 0.013, "mark_price": 0.01318412, "iv": 70.51, "instrument_name": "BTC-30DEC22-80000-C", "index_price": 30187.95, "direction": "sell", "amount": 0.1}, {"trade_seq": 2193, "trade_id": "216092175", "timestamp": 1653877601666, "tick_direction": 1, "price": 0.013, "mark_price": 0.01319221, "iv": 70.5, "instrument_name": "BTC-30DEC22-80000-C", "index_price": 30192.73, "direction": "sell", "amount": 0.1}, {"trade_seq": 2192, "trade_id": "216092174", "timestamp": 1653877601653, "tick_direction": 1, "price": 0.013, "mark_price": 0.01319221, "iv": 70.5, "instrument_name": "BTC-30DEC22-80000-C", "index_price": 30192.73, "direction": "sell", "amount": 0.1}, {"trade_seq": 2191, "trade_id": "216092172", "timestamp": 1653877601485, "tick_direction": 1, "price": 0.013, "mark_price": 0.01319221, "iv": 70.5, "instrument_name": "BTC-30DEC22-80000-C", "index_price": 30192.73, "direction": "sell", "amount": 0.1}, {"trade_seq": 2190, "trade_id": "216092171", "timestamp": 1653877601472, "tick_direction": 1, "price": 0.013, "mark_price": 0.01319221, "iv": 70.5, "instrument_name": "BTC-30DEC22-80000-C", "index_price": 30192.73, "direction": "sell", "amount": 0.1}, {"trade_seq": 2189, "trade_id": "216092170", "timestamp": 1653877600575, "tick_direction": 1, "price": 0.013, "mark_price": 0.01320095, "iv": 70.49, "instrument_name": "BTC-30DEC22-80000-C", "index_price": 30197.21, "direction": "sell", "amount": 0.1}, {"trade_seq": 2188, "trade_id": "216092169", "timestamp": 1653877600549, "tick_direction": 1, "price": 0.013, "mark_price": 0.01320095, "iv": 70.49, "instrument_name": "BTC-30DEC22-80000-C", "index_price": 30197.21, "direction": "sell", "amount": 0.1}, {"trade_seq": 2187, "trade_id": "216092166", "timestamp": 1653877596840, "tick_direction": 1, "price": 0.013, "mark_price": 0.01321969, "iv": 70.47, "instrument_name": "BTC-30DEC22-80000-C", "index_price": 30205.53, "direction": "sell", "amount": 0.1}