{"trades": [{"trade_seq": 3371, "trade_id": "249098830", "timestamp": 1680227151392, "tick_direction": 0, "price": 0.2536, "mark_price": 0.25397207, "iv": 0.0, "instrument_name": "BTC-31MAR23-21000-C", "index_price": 28152.23, "direction": "buy", "block_trade_id": "70772", "amount": 66.3}, {"trade_seq": 3370, "trade_id": "249054685", "timestamp": 1680204961346, "tick_direction": 0, "price": 0.249, "mark_price": 0.24867689, "iv": 322.86, "instrument_name": "BTC-31MAR23-21000-C", "index_price": 27969.18, "direction": "sell", "amount": 1.0}, {"trade_seq": 3369, "trade_id": "249034413", "timestamp": 1680198620922, "tick_direction": 2, "price": 0.2455, "mark_price": 0.24537329, "iv": 283.83, "instrument_name": "BTC-31MAR23-21000-C", "index_price": 27859.34, "direction": "sell", "amount": 6.0}, {"trade_seq": 3368, "trade_id": "248981032", "timestamp": 1680185423253, "tick_direction": 3, "price": 0.2625, "mark_price": 0.26230093, "iv": 270.72, "instrument_name": "BTC-31MAR23-21000-C", "index_price": 28475.97, "direction": "sell", "amount": 0.2}, {"trade_seq": 3367, "trade_id": "248981025", "timestamp": 1680185402987, "tick_direction": 2, "price": 0.2625, "mark_price": 0.26223175, "iv": 278.16, "instrument_name": "BTC-31MAR23-21000-C", "index_price": 28476.74, "direction": "sell", "amount": 0.8}, {"trade_seq": 3366, "trade_id": "248969368", "timestamp": 1680180843110, "tick_direction": 0, "price": 0.2675, "mark_price": 0.26729909, "iv": 266.11, "instrument_name": "BTC-31MAR23-21000-C", "index_price": 28675.38, "direction": "buy", "amount": 1.0}, {"trade_seq": 3365, "trade_id": "248964558", "timestamp": 1680178687543, "tick_direction": 0, "price": 0.265, "mark_price": 0.26475479, "iv": 265.26, "instrument_name": "BTC-31MAR23-21000-C", "index_price": 28610.71, "direction": "buy", "amount": 1.0}, {"trade_seq": 3364, "trade_id": "248962618", "timestamp": 1680178171625, "tick_direction": 2, "price": 0.2645, "mark_price": 0.26393395, "iv": 291.45, "instrument_name": "BTC-31MAR23-21000-C", "index_price": 28593.75, "direction": "buy", "amount": 1.0}, {"trade_seq": 3363, "trade_id": "248928552", "timestamp": 1680167647685, "tick_direction": 2, "price": 0.265, "mark_price": 0.2648554, "iv": 231.05, "instrument_name": "BTC-31MAR23-21000-C", "index_price": 28549.56, "direction": "sell", "amount": 1.0}, {"trade_seq": 3362, "trade_id": "248906376", "timestamp": 1680159573895, "tick_direction": 0, "price": 0.2675, "mark_price": 0.26718865, "iv": 243.33, "instrument_name": "BTC-31MAR23-21000-C", "index_price": 28627.22, "direction": "sell", "amount": 1.0}, {"trade_seq": 3361, "trade_id": "248874853", "timestamp": 1680145678398, "tick_direction": 2, "price": 0.264, "mark_price": 0.26388945, "iv": 202.97, "instrument_name": "BTC-31MAR23-21000-C", "index_price": 28503.06, "direction": "sell", "amount": 1.0}, {"trade_seq": 3360, "trade_id": "248864207", "timestamp": 1680144102570, "tick_direction": 0, "price": 0.28, "mark_price": 0.27984307, "iv": 223.07, "instrument_name": "BTC-31MAR23-21000-C", "index_price": 29119.74, "direction": "sell", "amount": 1.0}, {"trade_seq": 3359, "trade_id": "248847497", "timestamp": 1680142266597, "tick_direction": 0, "price": 0.2615, "mark_price": 0.26128302, "iv": 209.52, "instrument_name": "BTC-31MAR23-21000-C", "index_price": 28420.36, "direction": "sell", "amount": 1.0}, {"trade_seq": 3358, "trade_id": "248846121", "timestamp": 1680140063894, "tick_direction": 0, "price": 0.2595, "mark_price": 0.25930053, "iv": 200.21, "instrument_name": "BTC-31MAR23-21000-C", "index_price": 28352.74, "direction": "sell", "amount": 1.0}, {"trade_seq": 3357, "trade_id": "248845530", "timestamp": 1680139249199, "tick_direction": 0, "price": 0.2585, "mark_price": 0.25819093, "iv": 211.95, "instrument_name": "BTC-31MAR23-21000-C", "index_price": 28306.09, "direction": "sell", "amount": 1.0}, {"trade_seq": 3356, "trade_id": "248845002", "timestamp": 1680138679473, "tick_direction": 2, "price": 0.2575, "mark_price": 0.25740297, "iv": 184.09, "instrument_name": "BTC-31MAR23-21000-C", "index_price": 28268.52, "direction": "sell", "amount": 1.0}, {"trade_seq": 3355, "trade_id": "248844549", "timestamp": 1680138436689, "tick_direction": 0, "price": 0.259, "mark_price": 0.25883604, "iv": 196.68, "instrument_name": "BTC-31MAR23-21000-C", "index_price": 28322.26, "direction": "sell", "amount": 1.0}, {"trade_seq": 3354, "trade_id": "248843100", "timestamp": 1680137657807, "tick_direction": 2, "price": 0.2575, "mark_price": 0.25775234, "iv": 0.0, "instrument_name": "BTC-31MAR23-21000-C", "index_price": 28273.73, "direction": "sell", "amount": 1.0}, {"trade_seq": 3353, "trade_id": "248842450", "timestamp": 1680137416191, "tick_direction": 2, "price": 0.2595, "mark_price": 0.25946045, "iv": 165.64, "instrument_name": "BTC-31MAR23-21000-C", "index_price": 28346.65, "direction": "sell", "amount": 1.0}, {"trade_seq": 3352, "trade_id": "248841497", "timestamp": 1680136942491, "tick_direction": 0, "price": 0.262, "mark_price": 0.26196487, "iv": 170.33, "instrument_name": "BTC-31MAR23-21000-C", "index_price": 28439.54, "direction": "sell", "amount": 1.0}, {"trade_seq": 3351, "trade_id": "248840809", "timestamp": 1680136362757, "tick_direction": 2, "price": 0.261, "mark_price": 0.26098393, "iv": 158.78, "instrument_name": "BTC-31MAR23-21000-C", "index_price": 28403.85, "direction": "sell", "amount": 1.0}, {"trade_seq": 3350, "trade_id": "248840699", "timestamp": 1680136277209, "tick_direction": 0, "price": 0.2615, "mark_price": 0.26152759, "iv": 0.0, "instrument_name": "BTC-31MAR23-21000-C", "index_price": 28419.83, "direction": "sell", "amount": 1.0}, {"trade_seq": 3349, "trade_id": "248839442", "timestamp": 1680135214436, "tick_direction": 0, "price": 0.26, "mark_price": 0.25993286, "iv": 179.35, "instrument_name": "BTC-31MAR23-21000-C", "index_price": 28366.33, "direction": "sell", "amount": 1.0}, {"trade_seq": 3348, "trade_id": "248838933", "timestamp": 1680134705462, "tick_direction": 2, "price": 0.259, "mark_price": 0.25895907, "iv": 169.44, "instrument_name": "BTC-31MAR23-21000-C", "index_price": 28325.08, "direction": "sell", "amount": 1.0}, {"trade_seq": 3347, "trade_id": "248838687", "timestamp": 1680134647549, "tick_direction": 3, "price": 0.2595, "mark_price": 0.25963467, "iv": 0.0, "instrument_name": "BTC-31MAR23-21000-C", "index_price": 28351.88, "direction": "sell", "amount": 1.0}, {"trade_seq": 3346, "trade_id": "248838073", "timestamp": 1680134136998, "tick_direction": 2, "price": 0.2595, "mark_price": 0.25925445, "iv": 202.42, "instrument_name": "BTC-31MAR23-21000-C", "index_price": 28343.39, "direction": "sell", "amount": 1.0}, {"trade_seq": 3345, "trade_id": "248837815", "timestamp": 1680134071705, "tick_direction": 3, "price": 0.2605, "mark_price": 0.26018423, "iv": 209.14, "instrument_name": "BTC-31MAR23-21000-C", "index_price": 28380.83, "direction": "sell", "amount": 1.0}, {"trade_seq": 3344, "trade_id": "248836857", "timestamp": 1680133282241, "tick_direction": 2, "price": 0.2605, "mark_price": 0.26028145, "iv": 205.37, "instrument_name": "BTC-31MAR23-21000-C", "index_price": 28382.61, "direction": "sell", "amount": 1.0}, {"trade_seq": 3343, "trade_id": "248836250", "timestamp": 1680132703124, "tick_direction": 0, "price": 0.2615, "mark_price": 0.26127935, "iv": 199.93, "instrument_name": "BTC-31MAR23-21000-C", "index_price": 28421.94, "direction": "sell", "amount": 1.0}, {"trade_seq": 3342, "trade_id": "248835719", "timestamp": 1680132262170, "tick_direction": 3, "price": 0.2605, "mark_price": 0.26034662, "iv": 191.38, "instrument_name": "BTC-31MAR23-21000-C", "index_price": 28386.16, "direction": "sell", "amount": 1.0}, {"trade_seq": 3341, "trade_id": "248835718", "timestamp": 1680132262170, "tick_direction": 2, "price": 0.2605, "mark_price": 0.26034662, "iv": 191.38, "instrument_name": "BTC-31MAR23-21000-C", "index_price": 28386.16, "direction": "sell", "amount": 1.0}, {"trade_seq": 3340, "trade_id": "248835405", "timestamp": 1680132085006, "tick_direction": 2, "price": 0.261, "mark_price": 0.26098354, "iv": 0.0, "instrument_name": "BTC-31MAR23-21000-C", "index_price": 28402.25, "direction": "sell", "amount": 1.0}, {"trade_seq": 3339, "trade_id": "248834950", "timestamp": 1680131703543, "tick_direction": 0, "price": 0.262, "mark_price": 0.26181896, "iv": 195.47, "instrument_name": "BTC-31MAR23-21000-C", "index_price": 28429.85, "direction": "sell", "amount": 1.0}, {"trade_seq": 3338, "trade_id": "248831485", "timestamp": 1680129353356, "tick_direction": 0, "price": 0.2605, "mark_price": 0.26035218, "iv": 188.62, "instrument_name": "BTC-31MAR23-21000-C", "index_price": 28375.15, "direction": "sell", "amount": 1.0}, {"trade_seq": 3337, "trade_id": "248827265", "timestamp": 1680127303799, "tick_direction": 2, "price": 0.258, "mark_price": 0.25827783, "iv": 0.0, "instrument_name": "BTC-31MAR23-21000-C", "index_price": 28299.0, "direction": "sell", "amount": 1.0}, {"trade_seq": 3336, "trade_id": "248826648", "timestamp": 1680127160019, "tick_direction": 2, "price": 0.259, "mark_price": 0.25928477, "iv": 0.0, "instrument_name": "BTC-31MAR23-21000-C", "index_price": 28335.57, "direction": "sell", "amount": 1.0}, {"trade_seq": 3335, "trade_id": "248826462", "timestamp": 1680127116931, "tick_direction": 2, "price": 0.26, "mark_price": 0.26026187, "iv": 0.0, "instrument_name": "BTC-31MAR23-21000-C", "index_price": 28371.87, "direction": "sell", "amount": 1.0}, {"trade_seq": 3334, "trade_id": "248825501", "timestamp": 1680126324395, "tick_direction": 2, "price": 0.2605, "mark_price": 0.26024628, "iv": 197.51, "instrument_name": "BTC-31MAR23-21000-C", "index_price": 28372.02, "direction": "sell", "amount": 1.0}, {"trade_seq": 3333, "trade_id": "248824995", "timestamp": 1680126117200, "tick_direction": 3, "price": 0.2615, "mark_price": 0.2616053, "iv": 0.0, "instrument_name": "BTC-31MAR23-21000-C", "index_price": 28420.24, "direction": "sell", "amount": 1.0}, {"trade_seq": 3332, "trade_id": "248824799", "timestamp": 1680125778273, "tick_direction": 2, "price": 0.2615, "mark_price": 0.26147937, "iv": 170.98, "instrument_name": "BTC-31MAR23-21000-C", "index_price": 28414.31, "direction": "sell", "amount": 1.0}, {"trade_seq": 3331, "trade_id": "248823898", "timestamp": 1680125440916, "tick_direction": 0, "price": 0.263, "mark_price": 0.26291822, "iv": 176.15, "instrument_name": "BTC-31MAR23-21000-C", "index_price": 28451.77, "direction": "sell", "amount": 1.0}, {"trade_seq": 3330, "trade_id": "248821945", "timestamp": 1680123851428, "tick_direction": 2, "price": 0.2605, "mark_price": 0.26019091, "iv": 200.41, "instrument_name": "BTC-31MAR23-21000-C", "index_price": 28362.98, "direction": "sell", "amount": 1.0}, {"trade_seq": 3329, "trade_id": "248821303", "timestamp": 1680123401146, "tick_direction": 0, "price": 0.261, "mark_price": 0.26079636, "iv": 188.9, "instrument_name": "BTC-31MAR23-21000-C", "index_price": 28391.55, "direction": "sell", "amount": 1.0}, {"trade_seq": 3328, "trade_id": "248820558", "timestamp": 1680122555221, "tick_direction": 2, "price": 0.2605, "mark_price": 0.2604166, "iv": 174.28, "instrument_name": "BTC-31MAR23-21000-C", "index_price": 28382.68, "direction": "sell", "amount": 1.0}, {"trade_seq": 3327, "trade_id": "248820195", "timestamp": 1680122406077, "tick_direction": 2, "price": 0.261, "mark_price": 0.26105703, "iv": 0.0, "instrument_name": "BTC-31MAR23-21000-C", "index_price": 28402.99, "direction": "sell", "amount": 1.0}, {"trade_seq": 3326, "trade_id": "248820026", "timestamp": 1680122347640, "tick_direction": 0, "price": 0.262, "mark_price": 0.26176797, "iv": 193.33, "instrument_name": "BTC-31MAR23-21000-C", "index_price": 28430.21, "direction": "sell", "amount": 1.0}, {"trade_seq": 3325, "trade_id": "248818743", "timestamp": 1680121334626, "tick_direction": 1, "price": 0.261, "mark_price": 0.26095308, "iv": 166.61, "instrument_name": "BTC-31MAR23-21000-C", "index_price": 28411.25, "direction": "sell", "amount": 1.0}, {"trade_seq": 3324, "trade_id": "248816139", "timestamp": 1680120029605, "tick_direction": 1, "price": 0.261, "mark_price": 0.26094042, "iv": 165.76, "instrument_name": "BTC-31MAR23-21000-C", "index_price": 28406.55, "direction": "sell", "amount": 1.0}, {"trade_seq": 3323, "trade_id": "248814253", "timestamp": 1680119413397, "tick_direction": 0, "price": 0.261, "mark_price": 0.26072974, "iv": 194.01, "instrument_name": "BTC-31MAR23-21000-C", "index_price": 28397.72, "direction": "sell", "amount": 1.0}, {"trade_seq": 3322, "trade_id": "248812505", "timestamp": 1680118770318, "tick_direction": 0, "price": 0.259, "mark_price": 0.25914108, "iv": 0.0, "instrument_name": "BTC-31MAR23-21000-C", "index_price": 28347.34, "direction": "buy", "amount": 1.0}, {"trade_seq": 3321, "trade_id": "248812341", "timestamp": 1680118614698, "tick_direction": 2, "price": 0.258, "mark_price": 0.25862484, "iv": 0.0, "instrument_name": "BTC-31MAR23-21000-C", "index_price": 28325.01, "direction": "sell", "amount": 1.0}, {"trade_seq": 3320, "trade_id": "248812325", "timestamp": 1680118610829, "tick_direction": 2, "price": 0.259, "mark_price": 0.25866435, "iv": 196.98, "instrument_name": "BTC-31MAR23-21000-C", "index_price": 28327.31, "direction": "sell", "amount": 1.0}, {"trade_seq": 3319, "trade_id": "248811834", "timestamp": 1680118288945, "tick_direction": 2, "price": 0.2595, "mark_price": 0.25916882, "iv": 195.42, "instrument_name": "BTC-31MAR23-21000-C", "index_price": 28348.84, "direction": "sell", "amount": 1.0}, {"trade_seq": 3318, "trade_id": "248810500", "timestamp": 1680117607216, "tick_direction": 0, "price": 0.2605, "mark_price": 0.2603625, "iv": 178.33, "instrument_name": "BTC-31MAR23-21000-C", "index_price": 28378.42, "direction": "sell", "amount": 1.0}, {"trade_seq": 3317, "trade_id": "248808056", "timestamp": 1680116402304, "tick_direction": 2, "price": 0.259, "mark_price": 0.25922228, "iv": 0.0, "instrument_name": "BTC-31MAR23-21000-C", "index_price": 28326.92, "direction": "sell", "amount": 1.0}, {"trade_seq": 3316, "trade_id": "248806826", "timestamp": 1680115815270, "tick_direction": 0, "price": 0.2595, "mark_price": 0.25968086, "iv": 0.0, "instrument_name": "BTC-31MAR23-21000-C", "index_price": 28342.41, "direction": "sell", "amount": 1.0}, {"trade_seq": 3315, "trade_id": "248805566", "timestamp": 1680115247705, "tick_direction": 0, "price": 0.258, "mark_price": 0.25794355, "iv": 160.24, "instrument_name": "BTC-31MAR23-21000-C", "index_price": 28290.34, "direction": "sell", "amount": 1.0}, {"trade_seq": 3314, "trade_id": "248805012", "timestamp": 1680114623299, "tick_direction": 0, "price": 0.2565, "mark_price": 0.25655172, "iv": 0.0, "instrument_name": "BTC-31MAR23-21000-C", "index_price": 28234.95, "direction": "sell", "amount": 1.0}, {"trade_seq": 3313, "trade_id": "248804013", "timestamp": 1680114009044, "tick_direction": 2, "price": 0.256, "mark_price": 0.255931, "iv": 161.42, "instrument_name": "BTC-31MAR23-21000-C", "index_price": 28217.04, "direction": "sell", "amount": 1.0}, {"trade_seq": 3312, "trade_id": "248803684", "timestamp": 1680113483107, "tick_direction": 0, "price": 0.257, "mark_price": 0.2570489, "iv": 0.0, "instrument_name": "BTC-31MAR23-21000-C", "index_price": 28258.54, "direction": "sell", "amount": 1.0}, {"trade_seq": 3311, "trade_id": "248803179", "timestamp": 1680112962779, "tick_direction": 0, "price": 0.2565, "mark_price": 0.25669452, "iv": 0.0, "instrument_name": "BTC-31MAR23-21000-C", "index_price": 28249.14, "direction": "sell", "amount": 1.0}, {"trade_seq": 3310, "trade_id": "248802659", "timestamp": 1680112259547, "tick_direction": 2, "price": 0.256, "mark_price": 0.25598869, "iv": 0.0, "instrument_name": "BTC-31MAR23-21000-C", "index_price": 28220.71, "direction": "sell", "amount": 1.0}, {"trade_seq": 3309, "trade_id": "248801556", "timestamp": 1680111633343, "tick_direction": 2, "price": 0.2565, "mark_price": 0.25641864, "iv": 174.22, "instrument_name": "BTC-31MAR23-21000-C", "index_price": 28233.47, "direction": "sell", "amount": 1.0}, {"trade_seq": 3308, "trade_id": "248800555", "timestamp": 1680111063136, "tick_direction": 0, "price": 0.2585, "mark_price": 0.25864077, "iv": 0.0, "instrument_name": "BTC-31MAR23-21000-C", "index_price": 28318.12, "direction": "sell", "amount": 1.0}, {"trade_seq": 3307, "trade_id": "248799914", "timestamp": 1680110406405, "tick_direction": 1, "price": 0.2575, "mark_price": 0.25738921, "iv": 170.71, "instrument_name": "BTC-31MAR23-21000-C", "index_price": 28274.94, "direction": "sell", "amount": 1.0}, {"trade_seq": 3306, "trade_id": "248799381", "timestamp": 1680109855217, "tick_direction": 0, "price": 0.2575, "mark_price": 0.25761344, "iv": 0.0, "instrument_name": "BTC-31MAR23-21000-C", "index_price": 28277.79, "direction": "sell", "amount": 1.0}, {"trade_seq": 3305, "trade_id": "248798116", "timestamp": 1680109202384, "tick_direction": 2, "price": 0.2545, "mark_price": 0.25453837, "iv": 0.0, "instrument_name": "BTC-31MAR23-21000-C", "index_price": 28160.54, "direction": "sell", "amount": 1.0}, {"trade_seq": 3304, "trade_id": "248796736", "timestamp": 1680108607370, "tick_direction": 2, "price": 0.2575, "mark_price": 0.25766163, "iv": 0.0, "instrument_name": "BTC-31MAR23-21000-C", "index_price": 28274.39, "direction": "sell", "amount": 1.0}, {"trade_seq": 3303, "trade_id": "248795233", "timestamp": 1680108061979, "tick_direction": 2, "price": 0.259, "mark_price": 0.25924044, "iv": 0.0, "instrument_name": "BTC-31MAR23-21000-C", "index_price": 28324.93, "direction": "sell", "amount": 1.0}, {"trade_seq": 3302, "trade_id": "248795112", "timestamp": 1680108009965, "tick_direction": 3, "price": 0.2595, "mark_price": 0.25979259, "iv": 0.0, "instrument_name": "BTC-31MAR23-21000-C", "index_price": 28355.19, "direction": "sell", "amount": 0.2}, {"trade_seq": 3301, "trade_id": "248795111", "timestamp": 1680108009835, "tick_direction": 3, "price": 0.2595, "mark_price": 0.25979259, "iv": 0.0, "instrument_name": "BTC-31MAR23-21000-C", "index_price": 28355.19, "direction": "sell", "amount": 0.8}, {"trade_seq": 3300, "trade_id": "248795110", "timestamp": 1680108009835, "tick_direction": 2, "price": 0.2595, "mark_price": 0.25979259, "iv": 0.0, "instrument_name": "BTC-31MAR23-21000-C", "index_price": 28355.19, "direction": "sell", "amount": 1.0}, {"trade_seq": 3299, "trade_id": "248793945", "timestamp": 1680106873105, "tick_direction": 0, "price": 0.26, "mark_price": 0.26012989, "iv": 0.0, "instrument_name": "BTC-31MAR23-21000-C", "index_price": 28356.48, "direction": "sell", "amount": 1.0}, {"trade_seq": 3298, "trade_id": "248793251", "timestamp": 1680106270483, "tick_direction": 2, "price": 0.2595, "mark_price": 0.25966889, "iv": 0.0, "instrument_name": "BTC-31MAR23-21000-C", "index_price": 28348.52, "direction": "sell", "amount": 1.0}, {"trade_seq": 3297, "trade_id": "248792218", "timestamp": 1680105754193, "tick_direction": 0, "price": 0.262, "mark_price": 0.26179069, "iv": 179.98, "instrument_name": "BTC-31MAR23-21000-C", "index_price": 28433.22, "direction": "sell", "amount": 1.0}, {"trade_seq": 3296, "trade_id": "248790906", "timestamp": 1680105012632, "tick_direction": 1, "price": 0.2615, "mark_price": 0.26140892, "iv": 171.78, "instrument_name": "BTC-31MAR23-21000-C", "index_price": 28423.01, "direction": "sell", "amount": 0.4}, {"trade_seq": 3295, "trade_id": "248790905", "timestamp": 1680105011971, "tick_direction": 1, "price": 0.2615, "mark_price": 0.26140892, "iv": 165.67, "instrument_name": "BTC-31MAR23-21000-C", "index_price": 28423.01, "direction": "sell", "amount": 0.6}, {"trade_seq": 3294, "trade_id": "248790904", "timestamp": 1680105011971, "tick_direction": 1, "price": 0.2615, "mark_price": 0.26140892, "iv": 165.67, "instrument_name": "BTC-31MAR23-21000-C", "index_price": 28423.01, "direction": "sell", "amount": 1.0}, {"trade_seq": 3293, "trade_id": "248789016", "timestamp": 1680103810703, "tick_direction": 0, "price": 0.2615, "mark_price": 0.26147945, "iv": 152.37, "instrument_name": "BTC-31MAR23-21000-C", "index_price": 28428.07, "direction": "sell", "amount": 1.0}, {"trade_seq": 3292, "trade_id": "248786931", "timestamp": 1680102602522, "tick_direction": 0, "price": 0.26, "mark_price": 0.26012528, "iv": 125.62, "instrument_name": "BTC-31MAR23-21000-C", "index_price": 28357.96, "direction": "sell", "amount": 1.0}, {"trade_seq": 3291, "trade_id": "248786089", "timestamp": 1680102184301, "tick_direction": 2, "price": 0.258, "mark_price": 0.2581304, "iv": 0.0, "instrument_name": "BTC-31MAR23-21000-C", "index_price": 28288.39, "direction": "sell", "amount": 1.0}, {"trade_seq": 3290, "trade_id": "248783869", "timestamp": 1680101401867, "tick_direction": 2, "price": 0.2585, "mark_price": 0.25846316, "iv": 148.07, "instrument_name": "BTC-31MAR23-21000-C", "index_price": 28292.0, "direction": "sell", "amount": 1.0}, {"trade_seq": 3289, "trade_id": "248783290", "timestamp": 1680101274716, "tick_direction": 2, "price": 0.259, "mark_price": 0.25909565, "iv": 0.0, "instrument_name": "BTC-31MAR23-21000-C", "index_price": 28315.29, "direction": "sell", "amount": 1.0}, {"trade_seq": 3288, "trade_id": "248781072", "timestamp": 1680100267362, "tick_direction": 2, "price": 0.26, "mark_price": 0.26000367, "iv": 0.0, "instrument_name": "BTC-31MAR23-21000-C", "index_price": 28354.12, "direction": "sell", "amount": 1.0}, {"trade_seq": 3287, "trade_id": "248779892", "timestamp": 1680099969299, "tick_direction": 2, "price": 0.261, "mark_price": 0.26126235, "iv": 0.0, "instrument_name": "BTC-31MAR23-21000-C", "index_price": 28403.47, "direction": "sell", "amount": 1.0}, {"trade_seq": 3286, "trade_id": "248779595", "timestamp": 1680099922199, "tick_direction": 2, "price": 0.2625, "mark_price": 0.26260969, "iv": 0.0, "instrument_name": "BTC-31MAR23-21000-C", "index_price": 28454.47, "direction": "sell", "amount": 1.0}, {"trade_seq": 3285, "trade_id": "248778865", "timestamp": 1680099697346, "tick_direction": 0, "price": 0.265, "mark_price": 0.26479825, "iv": 182.66, "instrument_name": "BTC-31MAR23-21000-C", "index_price": 28529.45, "direction": "sell", "amount": 1.0}, {"trade_seq": 3284, "trade_id": "248775354", "timestamp": 1680098439128, "tick_direction": 0, "price": 0.262, "mark_price": 0.26193907, "iv": 155.34, "instrument_name": "BTC-31MAR23-21000-C", "index_price": 28414.37, "direction": "sell", "amount": 1.0}, {"trade_seq": 3283, "trade_id": "248773484", "timestamp": 1680097544744, "tick_direction": 2, "price": 0.2605, "mark_price": 0.26082367, "iv": 132.72, "instrument_name": "BTC-31MAR23-21000-C", "index_price": 28367.06, "direction": "sell", "amount": 0.1}, {"trade_seq": 3282, "trade_id": "248772724", "timestamp": 1680097246835, "tick_direction": 0, "price": 0.2615, "mark_price": 0.26111339, "iv": 187.9, "instrument_name": "BTC-31MAR23-21000-C", "index_price": 28392.38, "direction": "sell", "amount": 1.0}, {"trade_seq": 3281, "trade_id": "248771290", "timestamp": 1680096642883, "tick_direction": 3, "price": 0.26, "mark_price": 0.25997821, "iv": 0.0, "instrument_name": "BTC-31MAR23-21000-C", "index_price": 28352.85, "direction": "sell", "amount": 0.1}, {"trade_seq": 3280, "trade_id": "248771289", "timestamp": 1680096642883, "tick_direction": 2, "price": 0.26, "mark_price": 0.25997821, "iv": 0.0, "instrument_name": "BTC-31MAR23-21000-C", "index_price": 28352.85, "direction": "sell", "amount": 1.0}, {"trade_seq": 3279, "trade_id": "248770403", "timestamp": 1680096138739, "tick_direction": 2, "price": 0.2605, "mark_price": 0.26062407, "iv": 0.0, "instrument_name": "BTC-31MAR23-21000-C", "index_price": 28372.49, "direction": "sell", "amount": 0.1}, {"trade_seq": 3278, "trade_id": "248770224", "timestamp": 1680096018598, "tick_direction": 1, "price": 0.2615, "mark_price": 0.26154453, "iv": 129.49, "instrument_name": "BTC-31MAR23-21000-C", "index_price": 28408.3, "direction": "sell", "amount": 0.1}, {"trade_seq": 3277, "trade_id": "248770223", "timestamp": 1680096018598, "tick_direction": 0, "price": 0.2615, "mark_price": 0.26154453, "iv": 129.49, "instrument_name": "BTC-31MAR23-21000-C", "index_price": 28408.3, "direction": "sell", "amount": 1.0}, {"trade_seq": 3276, "trade_id": "248769560", "timestamp": 1680095755596, "tick_direction": 3, "price": 0.261, "mark_price": 0.26105124, "iv": 0.0, "instrument_name": "BTC-31MAR23-21000-C", "index_price": 28391.28, "direction": "sell", "amount": 0.1}, {"trade_seq": 3275, "trade_id": "248769518", "timestamp": 1680095748564, "tick_direction": 2, "price": 0.261, "mark_price": 0.26094932, "iv": 149.69, "instrument_name": "BTC-31MAR23-21000-C", "index_price": 28388.28, "direction": "sell", "amount": 0.1}, {"trade_seq": 3274, "trade_id": "248769294", "timestamp": 1680095676628, "tick_direction": 2, "price": 0.2615, "mark_price": 0.26175377, "iv": 0.0, "instrument_name": "BTC-31MAR23-21000-C", "index_price": 28417.77, "direction": "sell", "amount": 0.1}, {"trade_seq": 3273, "trade_id": "248768976", "timestamp": 1680095575910, "tick_direction": 1, "price": 0.2625, "mark_price": 0.2622392, "iv": 178.91, "instrument_name": "BTC-31MAR23-21000-C", "index_price": 28435.29, "direction": "sell", "amount": 0.2}, {"trade_seq": 3272, "trade_id": "248768968", "timestamp": 1680095573046, "tick_direction": 1, "price": 0.2625, "mark_price": 0.26230916, "iv": 172.69, "instrument_name": "BTC-31MAR23-21000-C", "index_price": 28436.57, "direction": "sell", "amount": 0.2}, {"trade_seq": 3271, "trade_id": "248768967", "timestamp": 1680095573046, "tick_direction": 0, "price": 0.2625, "mark_price": 0.26230916, "iv": 172.69, "instrument_name": "BTC-31MAR23-21000-C", "index_price": 28436.57, "direction": "sell", "amount": 1.0}, {"trade_seq": 3270, "trade_id": "248434385", "timestamp": 1679926996506, "tick_direction": 2, "price": 0.233, "mark_price": 0.23336778, "iv": 99.55, "instrument_name": "BTC-31MAR23-21000-C", "index_price": 27374.47, "direction": "sell", "amount": 0.1}, {"trade_seq": 3269, "trade_id": "248432563", "timestamp": 1679926763029, "tick_direction": 0, "price": 0.2355, "mark_price": 0.23521804, "iv": 126.51, "instrument_name": "BTC-31MAR23-21000-C", "index_price": 27442.94, "direction": "sell", "amount": 0.1}, {"trade_seq": 3268, "trade_id": "248432349", "timestamp": 1679926759697, "tick_direction": 2, "price": 0.235, "mark_price": 0.23595153, "iv": 0.0, "instrument_name": "BTC-31MAR23-21000-C", "index_price": 27456.1, "direction": "sell", "amount": 1.0}, {"trade_seq": 3267, "trade_id": "248432295", "timestamp": 1679926759221, "tick_direction": 2, "price": 0.2355, "mark_price": 0.23674406, "iv": 0.0, "instrument_name": "BTC-31MAR23-21000-C", "index_price": 27456.1, "direction": "sell", "amount": 0.1}, {"trade_seq": 3266, "trade_id": "248225720", "timestamp": 1679807316349, "tick_direction": 2, "price": 0.238, "mark_price": 0.23793551, "iv": 110.13, "instrument_name": "BTC-31MAR23-21000-C", "index_price": 27518.2, "direction": "sell", "amount": 1.0}, {"trade_seq": 3265, "trade_id": "248224458", "timestamp": 1679803716997, "tick_direction": 0, "price": 0.2385, "mark_price": 0.23812033, "iv": 115.65, "instrument_name": "BTC-31MAR23-21000-C", "index_price": 27529.67, "direction": "sell", "amount": 1.0}, {"trade_seq": 3264, "trade_id": "248213785", "timestamp": 1679787643382, "tick_direction": 3, "price": 0.237, "mark_price": 0.2370789, "iv": 104.08, "instrument_name": "BTC-31MAR23-21000-C", "index_price": 27497.03, "direction": "buy", "amount": 0.2}, {"trade_seq": 3263, "trade_id": "248213691", "timestamp": 1679787445628, "tick_direction": 3, "price": 0.237, "mark_price": 0.23723827, "iv": 99.84, "instrument_name": "BTC-31MAR23-21000-C", "index_price": 27497.27, "direction": "buy", "amount": 5.0}, {"trade_seq": 3262, "trade_id": "248213690", "timestamp": 1679787444736, "tick_direction": 3, "price": 0.237, "mark_price": 0.23724205, "iv": 99.84, "instrument_name": "BTC-31MAR23-21000-C", "index_price": 27497.27, "direction": "buy", "amount": 1.2}, {"trade_seq": 3261, "trade_id": "248213595", "timestamp": 1679787279095, "tick_direction": 3, "price": 0.237, "mark_price": 0.23715275, "iv": 102.05, "instrument_name": "BTC-31MAR23-21000-C", "index_price": 27493.86, "direction": "buy", "amount": 1.3}, {"trade_seq": 3260, "trade_id": "248213593", "timestamp": 1679787278516, "tick_direction": 3, "price": 0.237, "mark_price": 0.23709587, "iv": 102.05, "instrument_name": "BTC-31MAR23-21000-C", "index_price": 27493.86, "direction": "buy", "amount": 1.4}, {"trade_seq": 3259, "trade_id": "248213592", "timestamp": 1679787278514, "tick_direction": 3, "price": 0.237, "mark_price": 0.23709587, "iv": 102.05, "instrument_name": "BTC-31MAR23-21000-C", "index_price": 27493.86, "direction": "buy", "amount": 3.4}, {"trade_seq": 3258, "trade_id": "248213587", "timestamp": 1679787276498, "tick_direction": 3, "price": 0.237, "mark_price": 0.2370833, "iv": 103.79, "instrument_name": "BTC-31MAR23-21000-C", "index_price": 27492.33, "direction": "buy", "amount": 0.3}, {"trade_seq": 3257, "trade_id": "248213586", "timestamp": 1679787276495, "tick_direction": 3, "price": 0.237, "mark_price": 0.2370833, "iv": 103.79, "instrument_name": "BTC-31MAR23-21000-C", "index_price": 27492.33, "direction": "buy", "amount": 0.1}, {"trade_seq": 3256, "trade_id": "248213585", "timestamp": 1679787276492, "tick_direction": 3, "price": 0.237, "mark_price": 0.2370833, "iv": 103.79, "instrument_name": "BTC-31MAR23-21000-C", "index_price": 27492.33, "direction": "buy", "amount": 2.1}, {"trade_seq": 3255, "trade_id": "248213578", "timestamp": 1679787266368, "tick_direction": 3, "price": 0.237, "mark_price": 0.23699761, "iv": 105.8, "instrument_name": "BTC-31MAR23-21000-C", "index_price": 27491.77, "direction": "buy", "amount": 0.1}, {"trade_seq": 3254, "trade_id": "248213577", "timestamp": 1679787266360, "tick_direction": 2, "price": 0.237, "mark_price": 0.23699761, "iv": 105.8, "instrument_name": "BTC-31MAR23-21000-C", "index_price": 27491.77, "direction": "buy", "amount": 1.2}, {"trade_seq": 3253, "trade_id": "248175144", "timestamp": 1679759781875, "tick_direction": 1, "price": 0.245, "mark_price": 0.24494152, "iv": 107.52, "instrument_name": "BTC-31MAR23-21000-C", "index_price": 27764.53, "direction": "sell", "amount": 1.0}, {"trade_seq": 3252, "trade_id": "248173608", "timestamp": 1679759499977, "tick_direction": 1, "price": 0.245, "mark_price": 0.24505533, "iv": 104.03, "instrument_name": "BTC-31MAR23-21000-C", "index_price": 27772.05, "direction": "buy", "amount": 0.5}, {"trade_seq": 3251, "trade_id": "248173607", "timestamp": 1679759499974, "tick_direction": 1, "price": 0.245, "mark_price": 0.24505533, "iv": 104.03, "instrument_name": "BTC-31MAR23-21000-C", "index_price": 27772.05, "direction": "buy", "amount": 1.2}, {"trade_seq": 3250, "trade_id": "248173575", "timestamp": 1679759491009, "tick_direction": 1, "price": 0.245, "mark_price": 0.24469003, "iv": 110.82, "instrument_name": "BTC-31MAR23-21000-C", "index_price": 27765.4, "direction": "buy", "amount": 0.7}, {"trade_seq": 3249, "trade_id": "248173574", "timestamp": 1679759491006, "tick_direction": 1, "price": 0.245, "mark_price": 0.24469003, "iv": 110.82, "instrument_name": "BTC-31MAR23-21000-C", "index_price": 27765.4, "direction": "buy", "amount": 1.5}, {"trade_seq": 3248, "trade_id": "248173565", "timestamp": 1679759490928, "tick_direction": 1, "price": 0.245, "mark_price": 0.24469003, "iv": 110.82, "instrument_name": "BTC-31MAR23-21000-C", "index_price": 27765.4, "direction": "buy", "amount": 2.3}, {"trade_seq": 3247, "trade_id": "248173342", "timestamp": 1679759451746, "tick_direction": 1, "price": 0.245, "mark_price": 0.24490878, "iv": 107.73, "instrument_name": "BTC-31MAR23-21000-C", "index_price": 27766.29, "direction": "buy", "amount": 1.4}, {"trade_seq": 3246, "trade_id": "248173333", "timestamp": 1679759451401, "tick_direction": 1, "price": 0.245, "mark_price": 0.24490878, "iv": 107.73, "instrument_name": "BTC-31MAR23-21000-C", "index_price": 27766.29, "direction": "buy", "amount": 0.9}, {"trade_seq": 3245, "trade_id": "248173332", "timestamp": 1679759451399, "tick_direction": 0, "price": 0.245, "mark_price": 0.24490878, "iv": 107.73, "instrument_name": "BTC-31MAR23-21000-C", "index_price": 27766.29, "direction": "buy", "amount": 1.5}, {"trade_seq": 3244, "trade_id": "248170064", "timestamp": 1679758419953, "tick_direction": 0, "price": 0.24, "mark_price": 0.23993813, "iv": 105.22, "instrument_name": "BTC-31MAR23-21000-C", "index_price": 27590.91, "direction": "buy", "amount": 1.0}, {"trade_seq": 3243, "trade_id": "248133189", "timestamp": 1679723473996, "tick_direction": 3, "price": 0.2365, "mark_price": 0.23627549, "iv": 103.8, "instrument_name": "BTC-31MAR23-21000-C", "index_price": 27446.32, "direction": "sell", "amount": 0.1}, {"trade_seq": 3242, "trade_id": "248133171", "timestamp": 1679723461149, "tick_direction": 2, "price": 0.2365, "mark_price": 0.23652723, "iv": 99.27, "instrument_name": "BTC-31MAR23-21000-C", "index_price": 27452.31, "direction": "sell", "amount": 0.1}, {"trade_seq": 3241, "trade_id": "248131881", "timestamp": 1679722490000, "tick_direction": 2, "price": 0.239, "mark_price": 0.23895853, "iv": 100.99, "instrument_name": "BTC-31MAR23-21000-C", "index_price": 27544.03, "direction": "sell", "amount": 1.0}, {"trade_seq": 3240, "trade_id": "248126066", "timestamp": 1679714375852, "tick_direction": 0, "price": 0.241, "mark_price": 0.24102051, "iv": 101.64, "instrument_name": "BTC-31MAR23-21000-C", "index_price": 27621.19, "direction": "sell", "amount": 1.0}, {"trade_seq": 3239, "trade_id": "248118299", "timestamp": 1679705096290, "tick_direction": 3, "price": 0.24, "mark_price": 0.24019186, "iv": 93.97, "instrument_name": "BTC-31MAR23-21000-C", "index_price": 27610.26, "direction": "buy", "amount": 1.3}, {"trade_seq": 3238, "trade_id": "248118297", "timestamp": 1679705094300, "tick_direction": 3, "price": 0.24, "mark_price": 0.23998583, "iv": 98.73, "instrument_name": "BTC-31MAR23-21000-C", "index_price": 27609.96, "direction": "buy", "amount": 0.3}, {"trade_seq": 3237, "trade_id": "248118296", "timestamp": 1679705094294, "tick_direction": 3, "price": 0.24, "mark_price": 0.23998583, "iv": 98.73, "instrument_name": "BTC-31MAR23-21000-C", "index_price": 27609.96, "direction": "buy", "amount": 0.1}, {"trade_seq": 3236, "trade_id": "248118295", "timestamp": 1679705094260, "tick_direction": 3, "price": 0.24, "mark_price": 0.23998583, "iv": 98.73, "instrument_name": "BTC-31MAR23-21000-C", "index_price": 27609.96, "direction": "buy", "amount": 2.8}, {"trade_seq": 3235, "trade_id": "248118268", "timestamp": 1679705093303, "tick_direction": 3, "price": 0.24, "mark_price": 0.23999119, "iv": 98.8, "instrument_name": "BTC-31MAR23-21000-C", "index_price": 27603.28, "direction": "buy", "amount": 0.3}, {"trade_seq": 3234, "trade_id": "248118267", "timestamp": 1679705093300, "tick_direction": 3, "price": 0.24, "mark_price": 0.23999119, "iv": 98.8, "instrument_name": "BTC-31MAR23-21000-C", "index_price": 27603.28, "direction": "buy", "amount": 0.7}, {"trade_seq": 3233, "trade_id": "248118263", "timestamp": 1679705093258, "tick_direction": 3, "price": 0.24, "mark_price": 0.23999119, "iv": 98.8, "instrument_name": "BTC-31MAR23-21000-C", "index_price": 27603.28, "direction": "buy", "amount": 1.8}, {"trade_seq": 3232, "trade_id": "248118262", "timestamp": 1679705093255, "tick_direction": 3, "price": 0.24, "mark_price": 0.23999119, "iv": 98.8, "instrument_name": "BTC-31MAR23-21000-C", "index_price": 27603.28, "direction": "buy", "amount": 2.5}, {"trade_seq": 3231, "trade_id": "248118255", "timestamp": 1679705091657, "tick_direction": 3, "price": 0.24, "mark_price": 0.23995332, "iv": 99.29, "instrument_name": "BTC-31MAR23-21000-C", "index_price": 27602.04, "direction": "buy", "amount": 0.1}, {"trade_seq": 3230, "trade_id": "248118254", "timestamp": 1679705091622, "tick_direction": 3, "price": 0.24, "mark_price": 0.23995332, "iv": 99.29, "instrument_name": "BTC-31MAR23-21000-C", "index_price": 27602.04, "direction": "buy", "amount": 1.4}, {"trade_seq": 3229, "trade_id": "248118253", "timestamp": 1679705084663, "tick_direction": 3, "price": 0.24, "mark_price": 0.2399555, "iv": 99.62, "instrument_name": "BTC-31MAR23-21000-C", "index_price": 27600.31, "direction": "buy", "amount": 1.3}, {"trade_seq": 3228, "trade_id": "248118251", "timestamp": 1679705073801, "tick_direction": 3, "price": 0.24, "mark_price": 0.23991244, "iv": 100.23, "instrument_name": "BTC-31MAR23-21000-C", "index_price": 27597.66, "direction": "buy", "amount": 1.3}, {"trade_seq": 3227, "trade_id": "248118250", "timestamp": 1679705073800, "tick_direction": 3, "price": 0.24, "mark_price": 0.23991244, "iv": 100.23, "instrument_name": "BTC-31MAR23-21000-C", "index_price": 27597.66, "direction": "buy", "amount": 0.1}, {"trade_seq": 3226, "trade_id": "248118249", "timestamp": 1679705073794, "tick_direction": 3, "price": 0.24, "mark_price": 0.23991244, "iv": 100.23, "instrument_name": "BTC-31MAR23-21000-C", "index_price": 27597.66, "direction": "buy", "amount": 1.4}, {"trade_seq": 3225, "trade_id": "248118212", "timestamp": 1679704986103, "tick_direction": 3, "price": 0.24, "mark_price": 0.2398563, "iv": 101.19, "instrument_name": "BTC-31MAR23-21000-C", "index_price": 27596.95, "direction": "buy", "amount": 2.1}, {"trade_seq": 3224, "trade_id": "248117732", "timestamp": 1679704499193, "tick_direction": 2, "price": 0.24, "mark_price": 0.23984544, "iv": 101.09, "instrument_name": "BTC-31MAR23-21000-C", "index_price": 27595.46, "direction": "buy", "amount": 2.5}, {"trade_seq": 3223, "trade_id": "248015532", "timestamp": 1679666833618, "tick_direction": 0, "price": 0.2495, "mark_price": 0.24952678, "iv": 101.92, "instrument_name": "BTC-31MAR23-21000-C", "index_price": 27930.01, "direction": "sell", "amount": 0.5}, {"trade_seq": 3222, "trade_id": "247979069", "timestamp": 1679658402121, "tick_direction": 2, "price": 0.2485, "mark_price": 0.24845957, "iv": 100.51, "instrument_name": "BTC-31MAR23-21000-C", "index_price": 27901.44, "direction": "sell", "amount": 0.1}, {"trade_seq": 3221, "trade_id": "247921842", "timestamp": 1679635987316, "tick_direction": 0, "price": 0.2595, "mark_price": 0.25940508, "iv": 99.59, "instrument_name": "BTC-31MAR23-21000-C", "index_price": 28303.22, "direction": "buy", "amount": 0.2}, {"trade_seq": 3220, "trade_id": "247911034", "timestamp": 1679625451910, "tick_direction": 3, "price": 0.2585, "mark_price": 0.25859753, "iv": 99.32, "instrument_name": "BTC-31MAR23-21000-C", "index_price": 28270.41, "direction": "sell", "amount": 0.1}, {"trade_seq": 3219, "trade_id": "247911033", "timestamp": 1679625451910, "tick_direction": 3, "price": 0.2585, "mark_price": 0.25859753, "iv": 99.32, "instrument_name": "BTC-31MAR23-21000-C", "index_price": 28270.41, "direction": "sell", "amount": 0.1}, {"trade_seq": 3218, "trade_id": "247911032", "timestamp": 1679625451910, "tick_direction": 2, "price": 0.2585, "mark_price": 0.25859753, "iv": 99.32, "instrument_name": "BTC-31MAR23-21000-C", "index_price": 28270.41, "direction": "sell", "amount": 0.1}, {"trade_seq": 3217, "trade_id": "247910944", "timestamp": 1679625434226, "tick_direction": 3, "price": 0.259, "mark_price": 0.25912462, "iv": 98.77, "instrument_name": "BTC-31MAR23-21000-C", "index_price": 28290.38, "direction": "sell", "amount": 0.2}, {"trade_seq": 3216, "trade_id": "247910943", "timestamp": 1679625434226, "tick_direction": 3, "price": 0.259, "mark_price": 0.25912462, "iv": 98.77, "instrument_name": "BTC-31MAR23-21000-C", "index_price": 28290.38, "direction": "sell", "amount": 0.1}, {"trade_seq": 3215, "trade_id": "247910942", "timestamp": 1679625434226, "tick_direction": 3, "price": 0.259, "mark_price": 0.25912462, "iv": 98.77, "instrument_name": "BTC-31MAR23-21000-C", "index_price": 28290.38, "direction": "sell", "amount": 0.1}, {"trade_seq": 3214, "trade_id": "247910941", "timestamp": 1679625434226, "tick_direction": 2, "price": 0.259, "mark_price": 0.25912462, "iv": 98.77, "instrument_name": "BTC-31MAR23-21000-C", "index_price": 28290.38, "direction": "sell", "amount": 0.1}, {"trade_seq": 3213, "trade_id": "247907176", "timestamp": 1679621461541, "tick_direction": 1, "price": 0.26, "mark_price": 0.25989902, "iv": 103.16, "instrument_name": "BTC-31MAR23-21000-C", "index_price": 28317.11, "direction": "sell", "amount": 0.2}, {"trade_seq": 3212, "trade_id": "247821287", "timestamp": 1679594230728, "tick_direction": 0, "price": 0.26, "mark_price": 0.25971338, "iv": 102.92, "instrument_name": "BTC-31MAR23-21000-C", "index_price": 28335.27, "direction": "buy", "amount": 0.4}, {"trade_seq": 3211, "trade_id": "247739020", "timestamp": 1679583568103, "tick_direction": 0, "price": 0.25, "mark_price": 0.24788235, "iv": 107.84, "instrument_name": "BTC-31MAR23-21000-C", "index_price": 27931.74, "direction": "buy", "amount": 1.0}, {"trade_seq": 3210, "trade_id": "247717674", "timestamp": 1679578846784, "tick_direction": 2, "price": 0.236, "mark_price": 0.23607677, "iv": 93.61, "instrument_name": "BTC-31MAR23-21000-C", "index_price": 27452.42, "direction": "sell", "amount": 0.1}, {"trade_seq": 3209, "trade_id": "247716420", "timestamp": 1679578564930, "tick_direction": 0, "price": 0.237, "mark_price": 0.23705966, "iv": 97.14, "instrument_name": "BTC-31MAR23-21000-C", "index_price": 27481.64, "direction": "sell", "amount": 0.1}, {"trade_seq": 3208, "trade_id": "247709535", "timestamp": 1679577497276, "tick_direction": 3, "price": 0.235, "mark_price": 0.23487544, "iv": 96.14, "instrument_name": "BTC-31MAR23-21000-C", "index_price": 27402.83, "direction": "sell", "amount": 0.1}, {"trade_seq": 3207, "trade_id": "247709533", "timestamp": 1679577497130, "tick_direction": 2, "price": 0.235, "mark_price": 0.23487544, "iv": 96.14, "instrument_name": "BTC-31MAR23-21000-C", "index_price": 27402.83, "direction": "sell", "amount": 0.1}, {"trade_seq": 3206, "trade_id": "247708113", "timestamp": 1679577382610, "tick_direction": 2, "price": 0.2355, "mark_price": 0.23658103, "iv": 89.26, "instrument_name": "BTC-31MAR23-21000-C", "index_price": 27423.99, "direction": "sell", "amount": 0.1}, {"trade_seq": 3205, "trade_id": "247704834", "timestamp": 1679576675442, "tick_direction": 2, "price": 0.238, "mark_price": 0.23811764, "iv": 93.0, "instrument_name": "BTC-31MAR23-21000-C", "index_price": 27515.5, "direction": "sell", "amount": 0.1}, {"trade_seq": 3204, "trade_id": "247676894", "timestamp": 1679563562140, "tick_direction": 2, "price": 0.2435, "mark_price": 0.24320468, "iv": 100.3, "instrument_name": "BTC-31MAR23-21000-C", "index_price": 27704.66, "direction": "sell", "amount": 0.5}, {"trade_seq": 3203, "trade_id": "247397186", "timestamp": 1679508094049, "tick_direction": 2, "price": 0.2605, "mark_price": 0.26567864, "iv": 0.0, "instrument_name": "BTC-31MAR23-21000-C", "index_price": 28452.55, "direction": "sell", "amount": 0.1}, {"trade_seq": 3202, "trade_id": "247382821", "timestamp": 1679507319674, "tick_direction": 0, "price": 0.2635, "mark_price": 0.26262216, "iv": 114.6, "instrument_name": "BTC-31MAR23-21000-C", "index_price": 28397.28, "direction": "sell", "amount": 0.1}, {"trade_seq": 3201, "trade_id": "247315615", "timestamp": 1679485833626, "tick_direction": 2, "price": 0.2575, "mark_price": 0.25767577, "iv": 101.87, "instrument_name": "BTC-31MAR23-21000-C", "index_price": 28206.26, "direction": "sell", "amount": 1.0}, {"trade_seq": 3200, "trade_id": "247314666", "timestamp": 1679484987327, "tick_direction": 0, "price": 0.258, "mark_price": 0.25814425, "iv": 101.48, "instrument_name": "BTC-31MAR23-21000-C", "index_price": 28225.37, "direction": "sell", "amount": 1.0}, {"trade_seq": 3199, "trade_id": "246906640", "timestamp": 1679329890500, "tick_direction": 0, "price": 0.247, "mark_price": 0.2466417, "iv": 98.0, "instrument_name": "BTC-31MAR23-21000-C", "index_price": 27780.13, "direction": "buy", "amount": 1.0}, {"trade_seq": 3198, "trade_id": "246906335", "timestamp": 1679329853481, "tick_direction": 1, "price": 0.246, "mark_price": 0.24614587, "iv": 94.69, "instrument_name": "BTC-31MAR23-21000-C", "index_price": 27758.73, "direction": "buy", "amount": 0.1}, {"trade_seq": 3197, "trade_id": "246906306", "timestamp": 1679329839061, "tick_direction": 1, "price": 0.246, "mark_price": 0.24585235, "iv": 95.48, "instrument_name": "BTC-31MAR23-21000-C", "index_price": 27754.02, "direction": "buy", "amount": 0.2}, {"trade_seq": 3196, "trade_id": "246906305", "timestamp": 1679329839026, "tick_direction": 0, "price": 0.246, "mark_price": 0.24585235, "iv": 95.48, "instrument_name": "BTC-31MAR23-21000-C", "index_price": 27754.02, "direction": "buy", "amount": 1.7}, {"trade_seq": 3195, "trade_id": "246905981", "timestamp": 1679329769489, "tick_direction": 0, "price": 0.245, "mark_price": 0.24465682, "iv": 97.99, "instrument_name": "BTC-31MAR23-21000-C", "index_price": 27711.44, "direction": "buy", "amount": 1.0}, {"trade_seq": 3194, "trade_id": "246903371", "timestamp": 1679329384330, "tick_direction": 3, "price": 0.243, "mark_price": 0.24248584, "iv": 98.46, "instrument_name": "BTC-31MAR23-21000-C", "index_price": 27617.48, "direction": "buy", "amount": 6.0}, {"trade_seq": 3193, "trade_id": "246903370", "timestamp": 1679329384330, "tick_direction": 2, "price": 0.243, "mark_price": 0.24248584, "iv": 98.46, "instrument_name": "BTC-31MAR23-21000-C", "index_price": 27617.48, "direction": "buy", "amount": 1.4}, {"trade_seq": 3192, "trade_id": "246900549", "timestamp": 1679329078898, "tick_direction": 3, "price": 0.245, "mark_price": 0.24496865, "iv": 94.65, "instrument_name": "BTC-31MAR23-21000-C", "index_price": 27711.59, "direction": "buy", "amount": 0.2}, {"trade_seq": 3191, "trade_id": "246900471", "timestamp": 1679329060737, "tick_direction": 2, "price": 0.245, "mark_price": 0.24512966, "iv": 93.35, "instrument_name": "BTC-31MAR23-21000-C", "index_price": 27715.1, "direction": "buy", "amount": 0.8}, {"trade_seq": 3190, "trade_id": "246890916", "timestamp": 1679327908233, "tick_direction": 2, "price": 0.2455, "mark_price": 0.2468087, "iv": 86.22, "instrument_name": "BTC-31MAR23-21000-C", "index_price": 27769.22, "direction": "sell", "amount": 0.1}, {"trade_seq": 3189, "trade_id": "246890640", "timestamp": 1679327904735, "tick_direction": 3, "price": 0.2475, "mark_price": 0.24860846, "iv": 89.51, "instrument_name": "BTC-31MAR23-21000-C", "index_price": 27803.32, "direction": "sell", "amount": 0.1}, {"trade_seq": 3188, "trade_id": "246890639", "timestamp": 1679327904735, "tick_direction": 2, "price": 0.2475, "mark_price": 0.24860846, "iv": 89.51, "instrument_name": "BTC-31MAR23-21000-C", "index_price": 27803.32, "direction": "sell", "amount": 0.1}, {"trade_seq": 3187, "trade_id": "246834780", "timestamp": 1679308334049, "tick_direction": 2, "price": 0.2595, "mark_price": 0.2593647, "iv": 102.13, "instrument_name": "BTC-31MAR23-21000-C", "index_price": 28241.76, "direction": "sell", "amount": 1.0}, {"trade_seq": 3186, "trade_id": "246810466", "timestamp": 1679302908266, "tick_direction": 2, "price": 0.2625, "mark_price": 0.2632042, "iv": 95.09, "instrument_name": "BTC-31MAR23-21000-C", "index_price": 28385.6, "direction": "buy", "amount": 2.0}, {"trade_seq": 3185, "trade_id": "246802598", "timestamp": 1679301426799, "tick_direction": 1, "price": 0.265, "mark_price": 0.26473118, "iv": 103.62, "instrument_name": "BTC-31MAR23-21000-C", "index_price": 28441.13, "direction": "buy", "amount": 0.3}, {"trade_seq": 3184, "trade_id": "246802597", "timestamp": 1679301426785, "tick_direction": 0, "price": 0.265, "mark_price": 0.26473118, "iv": 103.62, "instrument_name": "BTC-31MAR23-21000-C", "index_price": 28441.13, "direction": "buy", "amount": 0.2}, {"trade_seq": 3183, "trade_id": "246564520", "timestamp": 1679244814356, "tick_direction": 2, "price": 0.259, "mark_price": 0.25844475, "iv": 100.99, "instrument_name": "BTC-31MAR23-21000-C", "index_price": 28166.87, "direction": "sell", "amount": 0.2}, {"trade_seq": 3182, "trade_id": "246563954", "timestamp": 1679244757133, "tick_direction": 2, "price": 0.2595, "mark_price": 0.25914989, "iv": 99.01, "instrument_name": "BTC-31MAR23-21000-C", "index_price": 28204.49, "direction": "sell", "amount": 1.0}, {"trade_seq": 3181, "trade_id": "246563250", "timestamp": 1679244692452, "tick_direction": 0, "price": 0.26, "mark_price": 0.25965992, "iv": 98.76, "instrument_name": "BTC-31MAR23-21000-C", "index_price": 28212.51, "direction": "sell", "amount": 1.0}, {"trade_seq": 3180, "trade_id": "246279833", "timestamp": 1679125544453, "tick_direction": 2, "price": 0.24, "mark_price": 0.23992268, "iv": 87.51, "instrument_name": "BTC-31MAR23-21000-C", "index_price": 27488.57, "direction": "sell", "amount": 1.0}, {"trade_seq": 3179, "trade_id": "246160064", "timestamp": 1679093162539, "tick_direction": 0, "price": 0.25, "mark_price": 0.25009355, "iv": 89.04, "instrument_name": "BTC-31MAR23-21000-C", "index_price": 27793.83, "direction": "sell", "amount": 0.8}, {"trade_seq": 3178, "trade_id": "246158501", "timestamp": 1679093073997, "tick_direction": 1, "price": 0.2465, "mark_price": 0.24648082, "iv": 89.14, "instrument_name": "BTC-31MAR23-21000-C", "index_price": 27675.79, "direction": "sell", "amount": 0.9}, {"trade_seq": 3177, "trade_id": "246158192", "timestamp": 1679093049472, "tick_direction": 1, "price": 0.2465, "mark_price": 0.24657678, "iv": 88.79, "instrument_name": "BTC-31MAR23-21000-C", "index_price": 27676.2, "direction": "sell", "amount": 0.6}, {"trade_seq": 3176, "trade_id": "246157883", "timestamp": 1679093023698, "tick_direction": 0, "price": 0.2465, "mark_price": 0.24640866, "iv": 89.08, "instrument_name": "BTC-31MAR23-21000-C", "index_price": 27672.26, "direction": "sell", "amount": 0.7}, {"trade_seq": 3175, "trade_id": "246156998", "timestamp": 1679092960538, "tick_direction": 0, "price": 0.245, "mark_price": 0.24507284, "iv": 88.76, "instrument_name": "BTC-31MAR23-21000-C", "index_price": 27621.77, "direction": "sell", "amount": 0.3}, {"trade_seq": 3174, "trade_id": "246156728", "timestamp": 1679092939507, "tick_direction": 2, "price": 0.2435, "mark_price": 0.2436904, "iv": 88.63, "instrument_name": "BTC-31MAR23-21000-C", "index_price": 27575.97, "direction": "sell", "amount": 1.2}, {"trade_seq": 3173, "trade_id": "246156547", "timestamp": 1679092925199, "tick_direction": 1, "price": 0.245, "mark_price": 0.2453497, "iv": 86.83, "instrument_name": "BTC-31MAR23-21000-C", "index_price": 27629.38, "direction": "sell", "amount": 0.2}, {"trade_seq": 3172, "trade_id": "246156546", "timestamp": 1679092925187, "tick_direction": 0, "price": 0.245, "mark_price": 0.2453497, "iv": 86.83, "instrument_name": "BTC-31MAR23-21000-C", "index_price": 27629.38, "direction": "sell", "amount": 1.2}, {"trade_seq": 3171, "trade_id": "246156115", "timestamp": 1679092892711, "tick_direction": 3, "price": 0.244, "mark_price": 0.24421502, "iv": 89.36, "instrument_name": "BTC-31MAR23-21000-C", "index_price": 27584.76, "direction": "sell", "amount": 0.9}, {"trade_seq": 3170, "trade_id": "246156114", "timestamp": 1679092892496, "tick_direction": 2, "price": 0.244, "mark_price": 0.24421502, "iv": 88.03, "instrument_name": "BTC-31MAR23-21000-C", "index_price": 27591.21, "direction": "sell", "amount": 0.4}, {"trade_seq": 3169, "trade_id": "246155551", "timestamp": 1679092861309, "tick_direction": 3, "price": 0.2455, "mark_price": 0.24551966, "iv": 89.2, "instrument_name": "BTC-31MAR23-21000-C", "index_price": 27640.4, "direction": "sell", "amount": 0.5}, {"trade_seq": 3168, "trade_id": "246155550", "timestamp": 1679092861305, "tick_direction": 2, "price": 0.2455, "mark_price": 0.24551966, "iv": 89.2, "instrument_name": "BTC-31MAR23-21000-C", "index_price": 27640.4, "direction": "sell", "amount": 1.0}, {"trade_seq": 3167, "trade_id": "246154937", "timestamp": 1679092821182, "tick_direction": 1, "price": 0.2475, "mark_price": 0.24778848, "iv": 87.97, "instrument_name": "BTC-31MAR23-21000-C", "index_price": 27724.08, "direction": "sell", "amount": 0.9}, {"trade_seq": 3166, "trade_id": "246154436", "timestamp": 1679092785100, "tick_direction": 0, "price": 0.2475, "mark_price": 0.24775136, "iv": 89.39, "instrument_name": "BTC-31MAR23-21000-C", "index_price": 27717.04, "direction": "sell", "amount": 1.1}, {"trade_seq": 3165, "trade_id": "246153872", "timestamp": 1679092740058, "tick_direction": 3, "price": 0.247, "mark_price": 0.24734904, "iv": 87.94, "instrument_name": "BTC-31MAR23-21000-C", "index_price": 27707.19, "direction": "sell", "amount": 0.3}, {"trade_seq": 3164, "trade_id": "246153871", "timestamp": 1679092740019, "tick_direction": 3, "price": 0.247, "mark_price": 0.24734904, "iv": 87.94, "instrument_name": "BTC-31MAR23-21000-C", "index_price": 27707.19, "direction": "sell", "amount": 0.1}, {"trade_seq": 3163, "trade_id": "246153870", "timestamp": 1679092739995, "tick_direction": 2, "price": 0.247, "mark_price": 0.24734904, "iv": 87.07, "instrument_name": "BTC-31MAR23-21000-C", "index_price": 27707.19, "direction": "sell", "amount": 1.1}, {"trade_seq": 3162, "trade_id": "246153096", "timestamp": 1679092694002, "tick_direction": 3, "price": 0.2485, "mark_price": 0.24891059, "iv": 88.36, "instrument_name": "BTC-31MAR23-21000-C", "index_price": 27759.87, "direction": "sell", "amount": 0.7}, {"trade_seq": 3161, "trade_id": "246153095", "timestamp": 1679092693944, "tick_direction": 2, "price": 0.2485, "mark_price": 0.24891059, "iv": 88.36, "instrument_name": "BTC-31MAR23-21000-C", "index_price": 27759.87, "direction": "sell", "amount": 1.3}, {"trade_seq": 3160, "trade_id": "246152915", "timestamp": 1679092689268, "tick_direction": 0, "price": 0.249, "mark_price": 0.24928342, "iv": 86.55, "instrument_name": "BTC-31MAR23-21000-C", "index_price": 27783.62, "direction": "sell", "amount": 0.9}, {"trade_seq": 3159, "trade_id": "246152358", "timestamp": 1679092673074, "tick_direction": 3, "price": 0.247, "mark_price": 0.24723824, "iv": 87.92, "instrument_name": "BTC-31MAR23-21000-C", "index_price": 27697.72, "direction": "sell", "amount": 0.1}, {"trade_seq": 3158, "trade_id": "246152331", "timestamp": 1679092672194, "tick_direction": 3, "price": 0.247, "mark_price": 0.24690912, "iv": 87.1, "instrument_name": "BTC-31MAR23-21000-C", "index_price": 27706.65, "direction": "sell", "amount": 0.2}, {"trade_seq": 3157, "trade_id": "246152329", "timestamp": 1679092672181, "tick_direction": 2, "price": 0.247, "mark_price": 0.24690912, "iv": 87.1, "instrument_name": "BTC-31MAR23-21000-C", "index_price": 27706.65, "direction": "sell", "amount": 1.5}, {"trade_seq": 3156, "trade_id": "246151930", "timestamp": 1679092662373, "tick_direction": 0, "price": 0.2485, "mark_price": 0.24813443, "iv": 86.01, "instrument_name": "BTC-31MAR23-21000-C", "index_price": 27762.79, "direction": "sell", "amount": 1.2}, {"trade_seq": 3155, "trade_id": "246150537", "timestamp": 1679092628302, "tick_direction": 2, "price": 0.2435, "mark_price": 0.24371577, "iv": 86.39, "instrument_name": "BTC-31MAR23-21000-C", "index_price": 27576.94, "direction": "sell", "amount": 1.4}, {"trade_seq": 3154, "trade_id": "246150241", "timestamp": 1679092620937, "tick_direction": 0, "price": 0.244, "mark_price": 0.24406731, "iv": 86.03, "instrument_name": "BTC-31MAR23-21000-C", "index_price": 27604.53, "direction": "sell", "amount": 0.4}, {"trade_seq": 3153, "trade_id": "246147354", "timestamp": 1679092356524, "tick_direction": 3, "price": 0.2405, "mark_price": 0.24050996, "iv": 86.84, "instrument_name": "BTC-31MAR23-21000-C", "index_price": 27468.28, "direction": "sell", "amount": 1.0}, {"trade_seq": 3152, "trade_id": "246146835", "timestamp": 1679092325533, "tick_direction": 3, "price": 0.2405, "mark_price": 0.24056208, "iv": 87.0, "instrument_name": "BTC-31MAR23-21000-C", "index_price": 27464.52, "direction": "sell", "amount": 0.6}, {"trade_seq": 3151, "trade_id": "246146826", "timestamp": 1679092325188, "tick_direction": 2, "price": 0.2405, "mark_price": 0.2405978, "iv": 86.79, "instrument_name": "BTC-31MAR23-21000-C", "index_price": 27465.12, "direction": "sell", "amount": 1.2}, {"trade_seq": 3150, "trade_id": "246146689", "timestamp": 1679092308185, "tick_direction": 0, "price": 0.241, "mark_price": 0.2410508, "iv": 87.08, "instrument_name": "BTC-31MAR23-21000-C", "index_price": 27485.01, "direction": "sell", "amount": 1.4}, {"trade_seq": 3149, "trade_id": "246146361", "timestamp": 1679092272038, "tick_direction": 0, "price": 0.2395, "mark_price": 0.23982608, "iv": 86.42, "instrument_name": "BTC-31MAR23-21000-C", "index_price": 27430.94, "direction": "sell", "amount": 0.8}, {"trade_seq": 3148, "trade_id": "246145922", "timestamp": 1679092261672, "tick_direction": 3, "price": 0.239, "mark_price": 0.23914753, "iv": 86.47, "instrument_name": "BTC-31MAR23-21000-C", "index_price": 27412.45, "direction": "sell", "amount": 0.1}, {"trade_seq": 3147, "trade_id": "246145915", "timestamp": 1679092261264, "tick_direction": 2, "price": 0.239, "mark_price": 0.23914753, "iv": 86.47, "instrument_name": "BTC-31MAR23-21000-C", "index_price": 27412.45, "direction": "sell", "amount": 1.3}, {"trade_seq": 3146, "trade_id": "246145711", "timestamp": 1679092232776, "tick_direction": 3, "price": 0.24, "mark_price": 0.24009081, "iv": 86.73, "instrument_name": "BTC-31MAR23-21000-C", "index_price": 27446.98, "direction": "sell", "amount": 0.2}, {"trade_seq": 3145, "trade_id": "246145702", "timestamp": 1679092232185, "tick_direction": 2, "price": 0.24, "mark_price": 0.24023193, "iv": 86.73, "instrument_name": "BTC-31MAR23-21000-C", "index_price": 27446.98, "direction": "sell", "amount": 1.1}, {"trade_seq": 3144, "trade_id": "246145561", "timestamp": 1679092213077, "tick_direction": 1, "price": 0.241, "mark_price": 0.24106814, "iv": 86.85, "instrument_name": "BTC-31MAR23-21000-C", "index_price": 27475.74, "direction": "sell", "amount": 0.8}, {"trade_seq": 3143, "trade_id": "246145557", "timestamp": 1679092213017, "tick_direction": 0, "price": 0.241, "mark_price": 0.24106814, "iv": 86.85, "instrument_name": "BTC-31MAR23-21000-C", "index_price": 27475.74, "direction": "sell", "amount": 1.0}, {"trade_seq": 3142, "trade_id": "246145392", "timestamp": 1679092199750, "tick_direction": 2, "price": 0.2405, "mark_price": 0.24066099, "iv": 86.05, "instrument_name": "BTC-31MAR23-21000-C", "index_price": 27461.88, "direction": "sell", "amount": 1.0}, {"trade_seq": 3141, "trade_id": "246145240", "timestamp": 1679092188842, "tick_direction": 1, "price": 0.241, "mark_price": 0.24078272, "iv": 86.52, "instrument_name": "BTC-31MAR23-21000-C", "index_price": 27470.58, "direction": "sell", "amount": 0.8}, {"trade_seq": 3140, "trade_id": "246145152", "timestamp": 1679092183969, "tick_direction": 1, "price": 0.241, "mark_price": 0.24147157, "iv": 84.88, "instrument_name": "BTC-31MAR23-21000-C", "index_price": 27482.9, "direction": "sell", "amount": 0.1}, {"trade_seq": 3139, "trade_id": "246145151", "timestamp": 1679092183964, "tick_direction": 1, "price": 0.241, "mark_price": 0.24147157, "iv": 84.88, "instrument_name": "BTC-31MAR23-21000-C", "index_price": 27482.9, "direction": "sell", "amount": 0.5}, {"trade_seq": 3138, "trade_id": "246145149", "timestamp": 1679092183961, "tick_direction": 0, "price": 0.241, "mark_price": 0.24147157, "iv": 84.88, "instrument_name": "BTC-31MAR23-21000-C", "index_price": 27482.9, "direction": "sell", "amount": 1.1}, {"trade_seq": 3137, "trade_id": "246143988", "timestamp": 1679092111878, "tick_direction": 3, "price": 0.2395, "mark_price": 0.23956901, "iv": 85.99, "instrument_name": "BTC-31MAR23-21000-C", "index_price": 27428.58, "direction": "sell", "amount": 0.1}, {"trade_seq": 3136, "trade_id": "246143404", "timestamp": 1679092073264, "tick_direction": 3, "price": 0.2395, "mark_price": 0.23944437, "iv": 86.47, "instrument_name": "BTC-31MAR23-21000-C", "index_price": 27422.36, "direction": "sell", "amount": 0.2}, {"trade_seq": 3135, "trade_id": "246143403", "timestamp": 1679092073258, "tick_direction": 2, "price": 0.2395, "mark_price": 0.23944437, "iv": 86.47, "instrument_name": "BTC-31MAR23-21000-C", "index_price": 27422.36, "direction": "sell", "amount": 1.2}, {"trade_seq": 3134, "trade_id": "246140907", "timestamp": 1679091790129, "tick_direction": 1, "price": 0.24, "mark_price": 0.24019142, "iv": 84.46, "instrument_name": "BTC-31MAR23-21000-C", "index_price": 27447.68, "direction": "sell", "amount": 1.3}, {"trade_seq": 3133, "trade_id": "246140762", "timestamp": 1679091784959, "tick_direction": 0, "price": 0.24, "mark_price": 0.23922885, "iv": 89.83, "instrument_name": "BTC-31MAR23-21000-C", "index_price": 27432.87, "direction": "buy", "amount": 1.0}, {"trade_seq": 3132, "trade_id": "246138133", "timestamp": 1679091548430, "tick_direction": 2, "price": 0.236, "mark_price": 0.23640536, "iv": 82.9, "instrument_name": "BTC-31MAR23-21000-C", "index_price": 27306.18, "direction": "sell", "amount": 1.4}, {"trade_seq": 3131, "trade_id": "246137701", "timestamp": 1679091507083, "tick_direction": 1, "price": 0.237, "mark_price": 0.23705004, "iv": 85.08, "instrument_name": "BTC-31MAR23-21000-C", "index_price": 27341.23, "direction": "sell", "amount": 0.3}, {"trade_seq": 3130, "trade_id": "246137691", "timestamp": 1679091506992, "tick_direction": 0, "price": 0.237, "mark_price": 0.23705004, "iv": 84.91, "instrument_name": "BTC-31MAR23-21000-C", "index_price": 27341.23, "direction": "sell", "amount": 1.1}, {"trade_seq": 3129, "trade_id": "246137283", "timestamp": 1679091470145, "tick_direction": 0, "price": 0.235, "mark_price": 0.2349339, "iv": 85.08, "instrument_name": "BTC-31MAR23-21000-C", "index_price": 27262.73, "direction": "sell", "amount": 1.4}, {"trade_seq": 3128, "trade_id": "246136386", "timestamp": 1679091369986, "tick_direction": 3, "price": 0.2345, "mark_price": 0.23453279, "iv": 85.04, "instrument_name": "BTC-31MAR23-21000-C", "index_price": 27254.58, "direction": "sell", "amount": 1.4}, {"trade_seq": 3127, "trade_id": "246135821", "timestamp": 1679091256248, "tick_direction": 3, "price": 0.2345, "mark_price": 0.23431302, "iv": 85.87, "instrument_name": "BTC-31MAR23-21000-C", "index_price": 27244.65, "direction": "sell", "amount": 0.2}, {"trade_seq": 3126, "trade_id": "246135820", "timestamp": 1679091256198, "tick_direction": 3, "price": 0.2345, "mark_price": 0.23431302, "iv": 85.87, "instrument_name": "BTC-31MAR23-21000-C", "index_price": 27244.65, "direction": "sell", "amount": 1.2}, {"trade_seq": 3125, "trade_id": "246134756", "timestamp": 1679091065514, "tick_direction": 2, "price": 0.2345, "mark_price": 0.23473857, "iv": 83.79, "instrument_name": "BTC-31MAR23-21000-C", "index_price": 27246.41, "direction": "sell", "amount": 1.4}, {"trade_seq": 3124, "trade_id": "246134644", "timestamp": 1679091042257, "tick_direction": 3, "price": 0.235, "mark_price": 0.23505385, "iv": 85.22, "instrument_name": "BTC-31MAR23-21000-C", "index_price": 27258.76, "direction": "sell", "amount": 0.2}, {"trade_seq": 3123, "trade_id": "246134642", "timestamp": 1679091042175, "tick_direction": 3, "price": 0.235, "mark_price": 0.23505385, "iv": 85.22, "instrument_name": "BTC-31MAR23-21000-C", "index_price": 27258.76, "direction": "sell", "amount": 0.1}, {"trade_seq": 3122, "trade_id": "246134641", "timestamp": 1679091042171, "tick_direction": 3, "price": 0.235, "mark_price": 0.23505385, "iv": 85.22, "instrument_name": "BTC-31MAR23-21000-C", "index_price": 27258.76, "direction": "sell", "amount": 0.1}, {"trade_seq": 3121, "trade_id": "246134640", "timestamp": 1679091042165, "tick_direction": 2, "price": 0.235, "mark_price": 0.23505385, "iv": 85.22, "instrument_name": "BTC-31MAR23-21000-C", "index_price": 27258.76, "direction": "sell", "amount": 1.1}, {"trade_seq": 3120, "trade_id": "246134243", "timestamp": 1679091008880, "tick_direction": 3, "price": 0.2355, "mark_price": 0.23558089, "iv": 84.66, "instrument_name": "BTC-31MAR23-21000-C", "index_price": 27284.06, "direction": "sell", "amount": 1.3}, {"trade_seq": 3119, "trade_id": "246133197", "timestamp": 1679090941030, "tick_direction": 2, "price": 0.2355, "mark_price": 0.23588562, "iv": 83.67, "instrument_name": "BTC-31MAR23-21000-C", "index_price": 27279.14, "direction": "sell", "amount": 1.4}, {"trade_seq": 3118, "trade_id": "246132807", "timestamp": 1679090906218, "tick_direction": 3, "price": 0.2365, "mark_price": 0.23657296, "iv": 84.62, "instrument_name": "BTC-31MAR23-21000-C", "index_price": 27315.33, "direction": "sell", "amount": 0.3}, {"trade_seq": 3117, "trade_id": "246132805", "timestamp": 1679090905943, "tick_direction": 2, "price": 0.2365, "mark_price": 0.23657296, "iv": 84.62, "instrument_name": "BTC-31MAR23-21000-C", "index_price": 27315.33, "direction": "sell", "amount": 1.1}, {"trade_seq": 3116, "trade_id": "246132334", "timestamp": 1679090879650, "tick_direction": 0, "price": 0.2375, "mark_price": 0.23820274, "iv": 80.57, "instrument_name": "BTC-31MAR23-21000-C", "index_price": 27368.78, "direction": "sell", "amount": 1.3}, {"trade_seq": 3115, "trade_id": "246131291", "timestamp": 1679090813703, "tick_direction": 1, "price": 0.234, "mark_price": 0.23404339, "iv": 84.22, "instrument_name": "BTC-31MAR23-21000-C", "index_price": 27227.59, "direction": "sell", "amount": 1.4}, {"trade_seq": 3114, "trade_id": "246131138", "timestamp": 1679090800199, "tick_direction": 0, "price": 0.234, "mark_price": 0.23437771, "iv": 82.54, "instrument_name": "BTC-31MAR23-21000-C", "index_price": 27231.46, "direction": "sell", "amount": 1.4}, {"trade_seq": 3113, "trade_id": "246130457", "timestamp": 1679090736454, "tick_direction": 0, "price": 0.2325, "mark_price": 0.2324888, "iv": 84.18, "instrument_name": "BTC-31MAR23-21000-C", "index_price": 27179.4, "direction": "sell", "amount": 1.4}, {"trade_seq": 3112, "trade_id": "246129535", "timestamp": 1679090655101, "tick_direction": 2, "price": 0.231, "mark_price": 0.23108388, "iv": 84.12, "instrument_name": "BTC-31MAR23-21000-C", "index_price": 27125.34, "direction": "sell", "amount": 1.3}, {"trade_seq": 3111, "trade_id": "246129256", "timestamp": 1679090605188, "tick_direction": 2, "price": 0.2315, "mark_price": 0.23173251, "iv": 83.12, "instrument_name": "BTC-31MAR23-21000-C", "index_price": 27148.19, "direction": "sell", "amount": 1.4}, {"trade_seq": 3110, "trade_id": "246129104", "timestamp": 1679090588371, "tick_direction": 2, "price": 0.232, "mark_price": 0.23203014, "iv": 84.3, "instrument_name": "BTC-31MAR23-21000-C", "index_price": 27164.1, "direction": "sell", "amount": 1.5}, {"trade_seq": 3109, "trade_id": "246128640", "timestamp": 1679090565122, "tick_direction": 3, "price": 0.2335, "mark_price": 0.23378764, "iv": 82.94, "instrument_name": "BTC-31MAR23-21000-C", "index_price": 27228.15, "direction": "sell", "amount": 1.3}, {"trade_seq": 3108, "trade_id": "246128639", "timestamp": 1679090565122, "tick_direction": 2, "price": 0.2335, "mark_price": 0.23378764, "iv": 82.94, "instrument_name": "BTC-31MAR23-21000-C", "index_price": 27228.15, "direction": "sell", "amount": 3.9}, {"trade_seq": 3107, "trade_id": "246128519", "timestamp": 1679090543213, "tick_direction": 1, "price": 0.234, "mark_price": 0.23415511, "iv": 84.15, "instrument_name": "BTC-31MAR23-21000-C", "index_price": 27240.53, "direction": "sell", "amount": 1.4}, {"trade_seq": 3106, "trade_id": "246128146", "timestamp": 1679090518096, "tick_direction": 1, "price": 0.234, "mark_price": 0.23457907, "iv": 81.28, "instrument_name": "BTC-31MAR23-21000-C", "index_price": 27254.24, "direction": "sell", "amount": 6.0}, {"trade_seq": 3105, "trade_id": "246128145", "timestamp": 1679090518096, "tick_direction": 0, "price": 0.234, "mark_price": 0.23457907, "iv": 81.28, "instrument_name": "BTC-31MAR23-21000-C", "index_price": 27254.24, "direction": "sell", "amount": 1.5}, {"trade_seq": 3104, "trade_id": "246127503", "timestamp": 1679090495881, "tick_direction": 1, "price": 0.2335, "mark_price": 0.23371571, "iv": 83.25, "instrument_name": "BTC-31MAR23-21000-C", "index_price": 27227.59, "direction": "sell", "amount": 1.3}, {"trade_seq": 3103, "trade_id": "246127501", "timestamp": 1679090495873, "tick_direction": 0, "price": 0.2335, "mark_price": 0.23371571, "iv": 83.25, "instrument_name": "BTC-31MAR23-21000-C", "index_price": 27227.59, "direction": "sell", "amount": 1.3}, {"trade_seq": 3102, "trade_id": "246127232", "timestamp": 1679090474821, "tick_direction": 1, "price": 0.233, "mark_price": 0.23319811, "iv": 83.27, "instrument_name": "BTC-31MAR23-21000-C", "index_price": 27205.44, "direction": "sell", "amount": 3.6}, {"trade_seq": 3101, "trade_id": "246127231", "timestamp": 1679090474821, "tick_direction": 1, "price": 0.233, "mark_price": 0.23319811, "iv": 83.27, "instrument_name": "BTC-31MAR23-21000-C", "index_price": 27205.44, "direction": "sell", "amount": 1.6}, {"trade_seq": 3100, "trade_id": "246124190", "timestamp": 1679090227316, "tick_direction": 0, "price": 0.233, "mark_price": 0.23335711, "iv": 83.38, "instrument_name": "BTC-31MAR23-21000-C", "index_price": 27203.73, "direction": "sell", "amount": 1.4}, {"trade_seq": 3099, "trade_id": "246123568", "timestamp": 1679090172190, "tick_direction": 0, "price": 0.2315, "mark_price": 0.23128654, "iv": 84.31, "instrument_name": "BTC-31MAR23-21000-C", "index_price": 27147.81, "direction": "sell", "amount": 0.3}, {"trade_seq": 3098, "trade_id": "246120230", "timestamp": 1679089772602, "tick_direction": 1, "price": 0.2255, "mark_price": 0.22554635, "iv": 82.94, "instrument_name": "BTC-31MAR23-21000-C", "index_price": 26937.53, "direction": "sell", "amount": 0.1}, {"trade_seq": 3097, "trade_id": "246120229", "timestamp": 1679089772597, "tick_direction": 0, "price": 0.2255, "mark_price": 0.22554635, "iv": 82.94, "instrument_name": "BTC-31MAR23-21000-C", "index_price": 26937.53, "direction": "sell", "amount": 1.1}, {"trade_seq": 3096, "trade_id": "246119379", "timestamp": 1679089705209, "tick_direction": 2, "price": 0.2245, "mark_price": 0.22486307, "iv": 82.63, "instrument_name": "BTC-31MAR23-21000-C", "index_price": 26900.25, "direction": "sell", "amount": 1.3}, {"trade_seq": 3095, "trade_id": "246119287", "timestamp": 1679089701920, "tick_direction": 2, "price": 0.2255, "mark_price": 0.22557683, "iv": 84.54, "instrument_name": "BTC-31MAR23-21000-C", "index_price": 26935.0, "direction": "sell", "amount": 1.1}, {"trade_seq": 3094, "trade_id": "246118872", "timestamp": 1679089684966, "tick_direction": 2, "price": 0.2265, "mark_price": 0.22670799, "iv": 82.43, "instrument_name": "BTC-31MAR23-21000-C", "index_price": 26979.57, "direction": "sell", "amount": 0.4}, {"trade_seq": 3093, "trade_id": "246118004", "timestamp": 1679089588842, "tick_direction": 2, "price": 0.228, "mark_price": 0.22801073, "iv": 81.99, "instrument_name": "BTC-31MAR23-21000-C", "index_price": 27033.58, "direction": "sell", "amount": 1.3}, {"trade_seq": 3092, "trade_id": "246116886", "timestamp": 1679089549885, "tick_direction": 2, "price": 0.2305, "mark_price": 0.2307708, "iv": 82.26, "instrument_name": "BTC-31MAR23-21000-C", "index_price": 27131.81, "direction": "sell", "amount": 1.2}, {"trade_seq": 3091, "trade_id": "246113670", "timestamp": 1679089394253, "tick_direction": 1, "price": 0.2335, "mark_price": 0.23346534, "iv": 82.38, "instrument_name": "BTC-31MAR23-21000-C", "index_price": 27223.19, "direction": "sell", "amount": 0.2}, {"trade_seq": 3090, "trade_id": "246113665", "timestamp": 1679089394183, "tick_direction": 0, "price": 0.2335, "mark_price": 0.23346534, "iv": 82.38, "instrument_name": "BTC-31MAR23-21000-C", "index_price": 27223.19, "direction": "sell", "amount": 0.1}, {"trade_seq": 3089, "trade_id": "246112146", "timestamp": 1679089348923, "tick_direction": 1, "price": 0.229, "mark_price": 0.22810741, "iv": 84.04, "instrument_name": "BTC-31MAR23-21000-C", "index_price": 27059.31, "direction": "buy", "amount": 0.5}, {"trade_seq": 3088, "trade_id": "246112114", "timestamp": 1679089348278, "tick_direction": 0, "price": 0.229, "mark_price": 0.22802162, "iv": 84.04, "instrument_name": "BTC-31MAR23-21000-C", "index_price": 27059.31, "direction": "buy", "amount": 0.5}, {"trade_seq": 3087, "trade_id": "246110292", "timestamp": 1679088988424, "tick_direction": 0, "price": 0.2255, "mark_price": 0.22558476, "iv": 82.49, "instrument_name": "BTC-31MAR23-21000-C", "index_price": 26941.22, "direction": "sell", "amount": 1.3}, {"trade_seq": 3086, "trade_id": "246108477", "timestamp": 1679088169278, "tick_direction": 1, "price": 0.2245, "mark_price": 0.22453938, "iv": 83.52, "instrument_name": "BTC-31MAR23-21000-C", "index_price": 26898.4, "direction": "sell", "amount": 1.3}, {"trade_seq": 3085, "trade_id": "246108425", "timestamp": 1679088156240, "tick_direction": 1, "price": 0.2245, "mark_price": 0.22462599, "iv": 82.85, "instrument_name": "BTC-31MAR23-21000-C", "index_price": 26904.14, "direction": "sell", "amount": 0.1}, {"trade_seq": 3084, "trade_id": "246108347", "timestamp": 1679088155252, "tick_direction": 0, "price": 0.2245, "mark_price": 0.2246242, "iv": 83.07, "instrument_name": "BTC-31MAR23-21000-C", "index_price": 26904.77, "direction": "sell", "amount": 0.3}, {"trade_seq": 3083, "trade_id": "246010712", "timestamp": 1679063976772, "tick_direction": 2, "price": 0.2075, "mark_price": 0.20875746, "iv": 79.33, "instrument_name": "BTC-31MAR23-21000-C", "index_price": 26336.85, "direction": "sell", "amount": 0.1}, {"trade_seq": 3082, "trade_id": "245995285", "timestamp": 1679060962198, "tick_direction": 2, "price": 0.2115, "mark_price": 0.21207126, "iv": 80.94, "instrument_name": "BTC-31MAR23-21000-C", "index_price": 26466.59, "direction": "sell", "amount": 0.1}, {"trade_seq": 3081, "trade_id": "245990458", "timestamp": 1679060117845, "tick_direction": 0, "price": 0.2155, "mark_price": 0.21597163, "iv": 82.79, "instrument_name": "BTC-31MAR23-21000-C", "index_price": 26594.21, "direction": "sell", "amount": 0.1}, {"trade_seq": 3080, "trade_id": "245904419", "timestamp": 1679042880727, "tick_direction": 0, "price": 0.1985, "mark_price": 0.19822531, "iv": 76.02, "instrument_name": "BTC-31MAR23-21000-C", "index_price": 26052.97, "direction": "sell", "amount": 0.5}, {"trade_seq": 3079, "trade_id": "245747687", "timestamp": 1679012361481, "tick_direction": 1, "price": 0.167, "mark_price": 0.16711734, "iv": 69.94, "instrument_name": "BTC-31MAR23-21000-C", "index_price": 25027.84, "direction": "sell", "amount": 0.1}, {"trade_seq": 3078, "trade_id": "245743919", "timestamp": 1679009539654, "tick_direction": 1, "price": 0.167, "mark_price": 0.16700536, "iv": 70.54, "instrument_name": "BTC-31MAR23-21000-C", "index_price": 25039.1, "direction": "buy", "amount": 1.0}, {"trade_seq": 3077, "trade_id": "245743137", "timestamp": 1679008691326, "tick_direction": 1, "price": 0.167, "mark_price": 0.1673388, "iv": 69.62, "instrument_name": "BTC-31MAR23-21000-C", "index_price": 25036.54, "direction": "buy", "amount": 0.1}, {"trade_seq": 3076, "trade_id": "245743136", "timestamp": 1679008691313, "tick_direction": 0, "price": 0.167, "mark_price": 0.1673388, "iv": 69.62, "instrument_name": "BTC-31MAR23-21000-C", "index_price": 25036.54, "direction": "buy", "amount": 0.9}, {"trade_seq": 3075, "trade_id": "245743006", "timestamp": 1679008577782, "tick_direction": 2, "price": 0.1665, "mark_price": 0.16686123, "iv": 69.55, "instrument_name": "BTC-31MAR23-21000-C", "index_price": 25019.76, "direction": "buy", "amount": 1.0}, {"trade_seq": 3074, "trade_id": "245742706", "timestamp": 1679008333787, "tick_direction": 0, "price": 0.1675, "mark_price": 0.16774883, "iv": 69.88, "instrument_name": "BTC-31MAR23-21000-C", "index_price": 25054.2, "direction": "buy", "amount": 1.0}, {"trade_seq": 3073, "trade_id": "245742382", "timestamp": 1679008086593, "tick_direction": 1, "price": 0.167, "mark_price": 0.16718165, "iv": 69.57, "instrument_name": "BTC-31MAR23-21000-C", "index_price": 25036.48, "direction": "buy", "amount": 1.0}, {"trade_seq": 3072, "trade_id": "245742250", "timestamp": 1679007996763, "tick_direction": 0, "price": 0.167, "mark_price": 0.16704675, "iv": 70.27, "instrument_name": "BTC-31MAR23-21000-C", "index_price": 25032.75, "direction": "buy", "amount": 1.0}, {"trade_seq": 3071, "trade_id": "245740872", "timestamp": 1679007340165, "tick_direction": 3, "price": 0.166, "mark_price": 0.16597993, "iv": 70.34, "instrument_name": "BTC-31MAR23-21000-C", "index_price": 25001.39, "direction": "buy", "amount": 0.1}, {"trade_seq": 3070, "trade_id": "245740783", "timestamp": 1679007253678, "tick_direction": 3, "price": 0.166, "mark_price": 0.16610915, "iv": 69.96, "instrument_name": "BTC-31MAR23-21000-C", "index_price": 25002.43, "direction": "buy", "amount": 0.2}, {"trade_seq": 3069, "trade_id": "245740750", "timestamp": 1679007239095, "tick_direction": 3, "price": 0.166, "mark_price": 0.16621708, "iv": 69.6, "instrument_name": "BTC-31MAR23-21000-C", "index_price": 25006.37, "direction": "buy", "amount": 0.1}, {"trade_seq": 3068, "trade_id": "245740748", "timestamp": 1679007230213, "tick_direction": 2, "price": 0.166, "mark_price": 0.16625764, "iv": 69.54, "instrument_name": "BTC-31MAR23-21000-C", "index_price": 25005.96, "direction": "buy", "amount": 0.2}, {"trade_seq": 3067, "trade_id": "245740699", "timestamp": 1679007152124, "tick_direction": 1, "price": 0.1665, "mark_price": 0.16671076, "iv": 69.64, "instrument_name": "BTC-31MAR23-21000-C", "index_price": 25025.22, "direction": "buy", "amount": 0.1}, {"trade_seq": 3066, "trade_id": "245740695", "timestamp": 1679007147395, "tick_direction": 0, "price": 0.1665, "mark_price": 0.16676148, "iv": 69.46, "instrument_name": "BTC-31MAR23-21000-C", "index_price": 25027.13, "direction": "buy", "amount": 0.2}, {"trade_seq": 3065, "trade_id": "245740234", "timestamp": 1679006787192, "tick_direction": 0, "price": 0.1655, "mark_price": 0.1655979, "iv": 69.81, "instrument_name": "BTC-31MAR23-21000-C", "index_price": 24993.97, "direction": "buy", "amount": 0.1}, {"trade_seq": 3064, "trade_id": "245604533", "timestamp": 1678959708189, "tick_direction": 0, "price": 0.1555, "mark_price": 0.15439905, "iv": 71.15, "instrument_name": "BTC-31MAR23-21000-C", "index_price": 24652.35, "direction": "buy", "amount": 0.1}, {"trade_seq": 3063, "trade_id": "245598504", "timestamp": 1678958181331, "tick_direction": 2, "price": 0.15, "mark_price": 0.15137818, "liquidation": "M", "iv": 64.34, "instrument_name": "BTC-31MAR23-21000-C", "index_price": 24530.72, "direction": "buy", "amount": 1.0}, {"trade_seq": 3062, "trade_id": "245589977", "timestamp": 1678954158934, "tick_direction": 2, "price": 0.1545, "mark_price": 0.15528661, "liquidation": "M", "iv": 63.74, "instrument_name": "BTC-31MAR23-21000-C", "index_price": 24702.26, "direction": "buy", "amount": 0.5}, {"trade_seq": 3061, "trade_id": "245586704", "timestamp": 1678953080641, "tick_direction": 1, "price": 0.1734, "mark_price": 0.15416255, "iv": 105.78, "instrument_name": "BTC-31MAR23-21000-C", "index_price": 24657.81, "direction": "sell", "block_trade_id": "68627", "amount": 25.0}, {"trade_seq": 3060, "trade_id": "245577436", "timestamp": 1678950690818, "tick_direction": 0, "price": 0.1734, "mark_price": 0.15532268, "iv": 103.98, "instrument_name": "BTC-31MAR23-21000-C", "index_price": 24694.31, "direction": "buy", "block_trade_id": "68623", "amount": 25.0}, {"trade_seq": 3059, "trade_id": "245541455", "timestamp": 1678927410055, "tick_direction": 3, "price": 0.146, "mark_price": 0.14601553, "iv": 70.0, "instrument_name": "BTC-31MAR23-21000-C", "index_price": 24316.08, "direction": "sell", "amount": 11.3}, {"trade_seq": 3058, "trade_id": "245541447", "timestamp": 1678927409689, "tick_direction": 3, "price": 0.146, "mark_price": 0.14601553, "iv": 69.95, "instrument_name": "BTC-31MAR23-21000-C", "index_price": 24316.08, "direction": "sell", "amount": 0.9}, {"trade_seq": 3057, "trade_id": "245541443", "timestamp": 1678927405226, "tick_direction": 3, "price": 0.146, "mark_price": 0.14596323, "iv": 69.98, "instrument_name": "BTC-31MAR23-21000-C", "index_price": 24316.87, "direction": "sell", "amount": 0.1}, {"trade_seq": 3056, "trade_id": "245541437", "timestamp": 1678927398871, "tick_direction": 2, "price": 0.146, "mark_price": 0.14605093, "iv": 69.81, "instrument_name": "BTC-31MAR23-21000-C", "index_price": 24319.63, "direction": "sell", "amount": 1.0}, {"trade_seq": 3055, "trade_id": "245540867", "timestamp": 1678927096364, "tick_direction": 3, "price": 0.1465, "mark_price": 0.14653066, "iv": 70.08, "instrument_name": "BTC-31MAR23-21000-C", "index_price": 24331.73, "direction": "sell", "amount": 2.4}, {"trade_seq": 3054, "trade_id": "245540866", "timestamp": 1678927096341, "tick_direction": 3, "price": 0.1465, "mark_price": 0.14653066, "iv": 70.08, "instrument_name": "BTC-31MAR23-21000-C", "index_price": 24331.73, "direction": "sell", "amount": 0.3}, {"trade_seq": 3053, "trade_id": "245540864", "timestamp": 1678927096291, "tick_direction": 3, "price": 0.1465, "mark_price": 0.14653066, "iv": 70.08, "instrument_name": "BTC-31MAR23-21000-C", "index_price": 24331.73, "direction": "sell", "amount": 1.5}, {"trade_seq": 3052, "trade_id": "245540856", "timestamp": 1678927095503, "tick_direction": 3, "price": 0.1465, "mark_price": 0.14662717, "iv": 70.06, "instrument_name": "BTC-31MAR23-21000-C", "index_price": 24331.92, "direction": "sell", "amount": 1.3}, {"trade_seq": 3051, "trade_id": "245540853", "timestamp": 1678927093973, "tick_direction": 3, "price": 0.1465, "mark_price": 0.146615, "iv": 69.86, "instrument_name": "BTC-31MAR23-21000-C", "index_price": 24335.37, "direction": "sell", "amount": 0.6}, {"trade_seq": 3050, "trade_id": "245540852", "timestamp": 1678927093970, "tick_direction": 3, "price": 0.1465, "mark_price": 0.146615, "iv": 69.86, "instrument_name": "BTC-31MAR23-21000-C", "index_price": 24335.37, "direction": "sell", "amount": 1.4}, {"trade_seq": 3049, "trade_id": "245540845", "timestamp": 1678927093495, "tick_direction": 2, "price": 0.1465, "mark_price": 0.146615, "iv": 69.86, "instrument_name": "BTC-31MAR23-21000-C", "index_price": 24335.37, "direction": "sell", "amount": 1.2}, {"trade_seq": 3048, "trade_id": "245408864", "timestamp": 1678893789887, "tick_direction": 3, "price": 0.1605, "mark_price": 0.16172938, "iv": 71.17, "instrument_name": "BTC-31MAR23-21000-C", "index_price": 24740.69, "direction": "sell", "amount": 2.1}, {"trade_seq": 3047, "trade_id": "245408863", "timestamp": 1678893789887, "tick_direction": 2, "price": 0.1605, "mark_price": 0.16172938, "iv": 71.17, "instrument_name": "BTC-31MAR23-21000-C", "index_price": 24740.69, "direction": "sell", "amount": 3.9}, {"trade_seq": 3046, "trade_id": "245389032", "timestamp": 1678890317112, "tick_direction": 3, "price": 0.166, "mark_price": 0.16664778, "iv": 73.59, "instrument_name": "BTC-31MAR23-21000-C", "index_price": 24900.34, "direction": "buy", "amount": 0.2}, {"trade_seq": 3045, "trade_id": "245389031", "timestamp": 1678890317103, "tick_direction": 2, "price": 0.166, "mark_price": 0.16664778, "iv": 73.59, "instrument_name": "BTC-31MAR23-21000-C", "index_price": 24900.34, "direction": "buy", "amount": 0.1}, {"trade_seq": 3044, "trade_id": "245387411", "timestamp": 1678889946362, "tick_direction": 1, "price": 0.1665, "mark_price": 0.16636677, "iv": 75.93, "instrument_name": "BTC-31MAR23-21000-C", "index_price": 24888.69, "direction": "sell", "amount": 8.6}, {"trade_seq": 3043, "trade_id": "245387410", "timestamp": 1678889946346, "tick_direction": 0, "price": 0.1665, "mark_price": 0.16636677, "iv": 75.93, "instrument_name": "BTC-31MAR23-21000-C", "index_price": 24888.69, "direction": "sell", "amount": 1.4}, {"trade_seq": 3042, "trade_id": "245314705", "timestamp": 1678876128545, "tick_direction": 2, "price": 0.1555, "mark_price": 0.15584283, "iv": 69.76, "instrument_name": "BTC-31MAR23-21000-C", "index_price": 24582.91, "direction": "sell", "amount": 0.1}, {"trade_seq": 3041, "trade_id": "245306339", "timestamp": 1678873258567, "tick_direction": 2, "price": 0.1575, "mark_price": 0.15855655, "iv": 68.61, "instrument_name": "BTC-31MAR23-21000-C", "index_price": 24676.21, "direction": "sell", "amount": 0.1}, {"trade_seq": 3040, "trade_id": "245305961", "timestamp": 1678873230239, "tick_direction": 2, "price": 0.1595, "mark_price": 0.1598384, "iv": 70.17, "instrument_name": "BTC-31MAR23-21000-C", "index_price": 24724.18, "direction": "sell", "amount": 0.1}, {"trade_seq": 3039, "trade_id": "245211322", "timestamp": 1678826728979, "tick_direction": 1, "price": 0.1615, "mark_price": 0.16187405, "iv": 70.72, "instrument_name": "BTC-31MAR23-21000-C", "index_price": 24761.0, "direction": "buy", "amount": 2.2}, {"trade_seq": 3038, "trade_id": "245211302", "timestamp": 1678826726963, "tick_direction": 1, "price": 0.1615, "mark_price": 0.16185547, "iv": 70.76, "instrument_name": "BTC-31MAR23-21000-C", "index_price": 24757.73, "direction": "buy", "amount": 5.0}, {"trade_seq": 3037, "trade_id": "245211293", "timestamp": 1678826720544, "tick_direction": 1, "price": 0.1615, "mark_price": 0.16169141, "iv": 71.06, "instrument_name": "BTC-31MAR23-21000-C", "index_price": 24751.98, "direction": "buy", "amount": 0.1}, {"trade_seq": 3036, "trade_id": "245211291", "timestamp": 1678826719522, "tick_direction": 1, "price": 0.1615, "mark_price": 0.16167337, "iv": 71.19, "instrument_name": "BTC-31MAR23-21000-C", "index_price": 24750.7, "direction": "buy", "amount": 0.1}, {"trade_seq": 3035, "trade_id": "245210828", "timestamp": 1678826593613, "tick_direction": 1, "price": 0.1615, "mark_price": 0.16157567, "iv": 71.31, "instrument_name": "BTC-31MAR23-21000-C", "index_price": 24759.48, "direction": "buy", "amount": 5.0}, {"trade_seq": 3034, "trade_id": "245210815", "timestamp": 1678826588503, "tick_direction": 1, "price": 0.1615, "mark_price": 0.16139807, "iv": 71.59, "instrument_name": "BTC-31MAR23-21000-C", "index_price": 24753.65, "direction": "buy", "amount": 0.2}, {"trade_seq": 3033, "trade_id": "245210812", "timestamp": 1678826585105, "tick_direction": 0, "price": 0.1615, "mark_price": 0.16126134, "iv": 71.77, "instrument_name": "BTC-31MAR23-21000-C", "index_price": 24750.81, "direction": "buy", "amount": 5.0}, {"trade_seq": 3032, "trade_id": "245210695", "timestamp": 1678826533651, "tick_direction": 0, "price": 0.161, "mark_price": 0.16083959, "iv": 70.98, "instrument_name": "BTC-31MAR23-21000-C", "index_price": 24744.42, "direction": "buy", "amount": 11.0}, {"trade_seq": 3031, "trade_id": "245209127", "timestamp": 1678826371293, "tick_direction": 2, "price": 0.1555, "mark_price": 0.15756496, "iv": 66.46, "instrument_name": "BTC-31MAR23-21000-C", "index_price": 24602.72, "direction": "sell", "amount": 0.1}, {"trade_seq": 3030, "trade_id": "245208710", "timestamp": 1678826357356, "tick_direction": 2, "price": 0.1575, "mark_price": 0.15887387, "iv": 68.2, "instrument_name": "BTC-31MAR23-21000-C", "index_price": 24652.53, "direction": "sell", "amount": 0.1}, {"trade_seq": 3029, "trade_id": "245207517", "timestamp": 1678826276660, "tick_direction": 3, "price": 0.162, "mark_price": 0.16278315, "iv": 69.32, "instrument_name": "BTC-31MAR23-21000-C", "index_price": 24798.18, "direction": "buy", "amount": 6.0}, {"trade_seq": 3028, "trade_id": "245207509", "timestamp": 1678826271959, "tick_direction": 2, "price": 0.162, "mark_price": 0.16266848, "iv": 70.25, "instrument_name": "BTC-31MAR23-21000-C", "index_price": 24781.6, "direction": "buy", "amount": 5.0}, {"trade_seq": 3027, "trade_id": "245205702", "timestamp": 1678825877428, "tick_direction": 1, "price": 0.1685, "mark_price": 0.16891937, "iv": 71.18, "instrument_name": "BTC-31MAR23-21000-C", "index_price": 25000.17, "direction": "buy", "amount": 4.4}, {"trade_seq": 3026, "trade_id": "245205699", "timestamp": 1678825876393, "tick_direction": 1, "price": 0.1685, "mark_price": 0.1687913, "iv": 71.5, "instrument_name": "BTC-31MAR23-21000-C", "index_price": 24995.04, "direction": "buy", "amount": 0.1}, {"trade_seq": 3025, "trade_id": "245205698", "timestamp": 1678825876390, "tick_direction": 1, "price": 0.1685, "mark_price": 0.1687913, "iv": 71.5, "instrument_name": "BTC-31MAR23-21000-C", "index_price": 24995.04, "direction": "buy", "amount": 2.7}, {"trade_seq": 3024, "trade_id": "245205697", "timestamp": 1678825876105, "tick_direction": 1, "price": 0.1685, "mark_price": 0.16884645, "iv": 71.5, "instrument_name": "BTC-31MAR23-21000-C", "index_price": 24995.04, "direction": "buy", "amount": 2.7}, {"trade_seq": 3023, "trade_id": "245205527", "timestamp": 1678825779081, "tick_direction": 1, "price": 0.1685, "mark_price": 0.16882154, "iv": 71.37, "instrument_name": "BTC-31MAR23-21000-C", "index_price": 24989.75, "direction": "buy", "amount": 0.2}, {"trade_seq": 3022, "trade_id": "245205526", "timestamp": 1678825778120, "tick_direction": 0, "price": 0.1685, "mark_price": 0.1687894, "iv": 71.49, "instrument_name": "BTC-31MAR23-21000-C", "index_price": 24988.58, "direction": "buy", "amount": 0.9}, {"trade_seq": 3021, "trade_id": "245205459", "timestamp": 1678825756887, "tick_direction": 3, "price": 0.168, "mark_price": 0.16837616, "iv": 71.31, "instrument_name": "BTC-31MAR23-21000-C", "index_price": 24974.12, "direction": "buy", "amount": 9.7}, {"trade_seq": 3020, "trade_id": "245205458", "timestamp": 1678825756863, "tick_direction": 3, "price": 0.168, "mark_price": 0.16837616, "iv": 71.31, "instrument_name": "BTC-31MAR23-21000-C", "index_price": 24974.12, "direction": "buy", "amount": 1.2}, {"trade_seq": 3019, "trade_id": "245205362", "timestamp": 1678825713955, "tick_direction": 2, "price": 0.168, "mark_price": 0.16805031, "iv": 72.11, "instrument_name": "BTC-31MAR23-21000-C", "index_price": 24962.01, "direction": "buy", "amount": 0.1}, {"trade_seq": 3018, "trade_id": "245204955", "timestamp": 1678825527391, "tick_direction": 0, "price": 0.1685, "mark_price": 0.16837723, "iv": 72.33, "instrument_name": "BTC-31MAR23-21000-C", "index_price": 24979.12, "direction": "buy", "amount": 5.0}, {"trade_seq": 3017, "trade_id": "245204938", "timestamp": 1678825525842, "tick_direction": 0, "price": 0.168, "mark_price": 0.16796787, "iv": 71.99, "instrument_name": "BTC-31MAR23-21000-C", "index_price": 24972.01, "direction": "buy", "amount": 5.0}, {"trade_seq": 3016, "trade_id": "245203393", "timestamp": 1678825383216, "tick_direction": 3, "price": 0.167, "mark_price": 0.16785008, "iv": 70.27, "instrument_name": "BTC-31MAR23-21000-C", "index_price": 24952.51, "direction": "buy", "amount": 0.3}, {"trade_seq": 3015, "trade_id": "245203392", "timestamp": 1678825383089, "tick_direction": 3, "price": 0.167, "mark_price": 0.16785008, "iv": 70.27, "instrument_name": "BTC-31MAR23-21000-C", "index_price": 24952.51, "direction": "buy", "amount": 2.3}, {"trade_seq": 3014, "trade_id": "245203381", "timestamp": 1678825382775, "tick_direction": 3, "price": 0.167, "mark_price": 0.16785008, "iv": 70.27, "instrument_name": "BTC-31MAR23-21000-C", "index_price": 24952.51, "direction": "buy", "amount": 0.2}, {"trade_seq": 3013, "trade_id": "245203380", "timestamp": 1678825381144, "tick_direction": 3, "price": 0.167, "mark_price": 0.16763782, "iv": 70.39, "instrument_name": "BTC-31MAR23-21000-C", "index_price": 24951.46, "direction": "buy", "amount": 5.6}, {"trade_seq": 3012, "trade_id": "245203378", "timestamp": 1678825379133, "tick_direction": 3, "price": 0.167, "mark_price": 0.1675558, "iv": 70.97, "instrument_name": "BTC-31MAR23-21000-C", "index_price": 24944.44, "direction": "buy", "amount": 1.0}, {"trade_seq": 3011, "trade_id": "245203377", "timestamp": 1678825379126, "tick_direction": 3, "price": 0.167, "mark_price": 0.1675558, "iv": 70.97, "instrument_name": "BTC-31MAR23-21000-C", "index_price": 24944.44, "direction": "buy", "amount": 0.1}, {"trade_seq": 3010, "trade_id": "245203376", "timestamp": 1678825379120, "tick_direction": 2, "price": 0.167, "mark_price": 0.1675558, "iv": 70.97, "instrument_name": "BTC-31MAR23-21000-C", "index_price": 24944.44, "direction": "buy", "amount": 1.5}, {"trade_seq": 3009, "trade_id": "245199473", "timestamp": 1678824721620, "tick_direction": 2, "price": 0.1695, "mark_price": 0.16993696, "iv": 71.74, "instrument_name": "BTC-31MAR23-21000-C", "index_price": 25008.4, "direction": "sell", "amount": 0.9}, {"trade_seq": 3008, "trade_id": "245141505", "timestamp": 1678814199217, "tick_direction": 2, "price": 0.1935, "mark_price": 0.19378072, "iv": 74.87, "instrument_name": "BTC-31MAR23-21000-C", "index_price": 25809.76, "direction": "sell", "amount": 0.1}, {"trade_seq": 3007, "trade_id": "245135567", "timestamp": 1678811863488, "tick_direction": 0, "price": 0.1945, "mark_price": 0.19566, "iv": 71.48, "instrument_name": "BTC-31MAR23-21000-C", "index_price": 25893.71, "direction": "sell", "block_trade_id": "68334", "amount": 25.0}, {"trade_seq": 3006, "trade_id": "245084174", "timestamp": 1678800018603, "tick_direction": 2, "price": 0.1935, "mark_price": 0.19865545, "iv": 0.0, "instrument_name": "BTC-31MAR23-21000-C", "index_price": 25953.5, "direction": "sell", "amount": 0.8}, {"trade_seq": 3005, "trade_id": "245083945", "timestamp": 1678800000929, "tick_direction": 2, "price": 0.1965, "mark_price": 0.19593733, "iv": 73.26, "instrument_name": "BTC-31MAR23-21000-C", "index_price": 25864.0, "direction": "sell", "amount": 0.1}, {"trade_seq": 3004, "trade_id": "245059943", "timestamp": 1678798625732, "tick_direction": 2, "price": 0.1985, "mark_price": 0.19833404, "iv": 74.17, "instrument_name": "BTC-31MAR23-21000-C", "index_price": 25984.87, "direction": "buy", "amount": 1.0}, {"trade_seq": 3003, "trade_id": "245048596", "timestamp": 1678798044750, "tick_direction": 1, "price": 0.199, "mark_price": 0.19652923, "iv": 79.18, "instrument_name": "BTC-31MAR23-21000-C", "index_price": 25893.7, "direction": "buy", "amount": 0.8}, {"trade_seq": 3002, "trade_id": "245048595", "timestamp": 1678798044745, "tick_direction": 1, "price": 0.199, "mark_price": 0.19652923, "iv": 79.18, "instrument_name": "BTC-31MAR23-21000-C", "index_price": 25893.7, "direction": "buy", "amount": 0.1}, {"trade_seq": 3001, "trade_id": "245048594", "timestamp": 1678798044737, "tick_direction": 0, "price": 0.199, "mark_price": 0.19652923, "iv": 79.18, "instrument_name": "BTC-31MAR23-21000-C", "index_price": 25893.7, "direction": "buy", "amount": 0.1}, {"trade_seq": 3000, "trade_id": "245047249", "timestamp": 1678798025162, "tick_direction": 1, "price": 0.195, "mark_price": 0.19323702, "iv": 74.25, "instrument_name": "BTC-31MAR23-21000-C", "index_price": 25826.48, "direction": "buy", "amount": 0.2}, {"trade_seq": 2999, "trade_id": "245047248", "timestamp": 1678798025154, "tick_direction": 1, "price": 0.195, "mark_price": 0.19323702, "iv": 74.25, "instrument_name": "BTC-31MAR23-21000-C", "index_price": 25826.48, "direction": "buy", "amount": 0.2}, {"trade_seq": 2998, "trade_id": "245047237", "timestamp": 1678798025093, "tick_direction": 0, "price": 0.195, "mark_price": 0.19323702, "iv": 74.25, "instrument_name": "BTC-31MAR23-21000-C", "index_price": 25826.48, "direction": "buy", "amount": 0.6}, {"trade_seq": 2997, "trade_id": "245046548", "timestamp": 1678798013918, "tick_direction": 0, "price": 0.1905, "mark_price": 0.18996225, "iv": 69.99, "instrument_name": "BTC-31MAR23-21000-C", "index_price": 25747.57, "direction": "buy", "amount": 0.1}, {"trade_seq": 2996, "trade_id": "245046508", "timestamp": 1678798010239, "tick_direction": 0, "price": 0.19, "mark_price": 0.19017011, "iv": 69.88, "instrument_name": "BTC-31MAR23-21000-C", "index_price": 25714.3, "direction": "buy", "amount": 0.1}, {"trade_seq": 2995, "trade_id": "245046173", "timestamp": 1678798005516, "tick_direction": 0, "price": 0.1895, "mark_price": 0.18964846, "iv": 66.17, "instrument_name": "BTC-31MAR23-21000-C", "index_price": 25757.05, "direction": "buy", "amount": 0.1}, {"trade_seq": 2994, "trade_id": "245039703", "timestamp": 1678797693719, "tick_direction": 2, "price": 0.1703, "mark_price": 0.17364476, "iv": 57.21, "instrument_name": "BTC-31MAR23-21000-C", "index_price": 25226.36, "direction": "sell", "combo_id": "BTC-CS-31MAR23-21000_25500", "block_trade_id": "68213", "amount": 60.0}, {"trade_seq": 2993, "trade_id": "245038773", "timestamp": 1678797590444, "tick_direction": 0, "price": 0.1717, "mark_price": 0.17228677, "iv": 67.04, "instrument_name": "BTC-31MAR23-21000-C", "index_price": 25177.36, "direction": "sell", "combo_id": "BTC-CS-31MAR23-21000_25500", "block_trade_id": "68211", "amount": 50.0}, {"trade_seq": 2992, "trade_id": "245038091", "timestamp": 1678797540527, "tick_direction": 2, "price": 0.1683, "mark_price": 0.17045824, "iv": 60.77, "instrument_name": "BTC-31MAR23-21000-C", "index_price": 25139.58, "direction": "sell", "combo_id": "BTC-CS-31MAR23-21000_25500", "block_trade_id": "68208", "amount": 50.0}, {"trade_seq": 2991, "trade_id": "245024396", "timestamp": 1678797095876, "tick_direction": 0, "price": 0.179, "mark_price": 0.17797758, "iv": 71.26, "instrument_name": "BTC-31MAR23-21000-C", "index_price": 25288.06, "direction": "buy", "amount": 1.0}, {"trade_seq": 2990, "trade_id": "245020994", "timestamp": 1678797046141, "tick_direction": 0, "price": 0.17, "mark_price": 0.16810794, "iv": 71.79, "instrument_name": "BTC-31MAR23-21000-C", "index_price": 25021.6, "direction": "buy", "amount": 1.0}, {"trade_seq": 2989, "trade_id": "245000413", "timestamp": 1678793571444, "tick_direction": 2, "price": 0.1648, "mark_price": 0.16322355, "iv": 76.78, "instrument_name": "BTC-31MAR23-21000-C", "index_price": 24785.49, "direction": "sell", "combo_id": "BTC-CS-31MAR23-21000_25000", "block_trade_id": "68166", "amount": 50.0}, {"trade_seq": 2988, "trade_id": "244994761", "timestamp": 1678792662969, "tick_direction": 0, "price": 0.1662, "mark_price": 0.16649311, "iv": 71.87, "instrument_name": "BTC-31MAR23-21000-C", "index_price": 24903.86, "direction": "sell", "combo_id": "BTC-CS-31MAR23-21000_25500", "block_trade_id": "68162", "amount": 50.0}, {"trade_seq": 2987, "trade_id": "244986739", "timestamp": 1678791267947, "tick_direction": 0, "price": 0.155, "mark_price": 0.15394406, "iv": 69.66, "instrument_name": "BTC-31MAR23-21000-C", "index_price": 24558.39, "direction": "sell", "amount": 0.1}, {"trade_seq": 2986, "trade_id": "244917265", "timestamp": 1678760908591, "tick_direction": 2, "price": 0.148, "mark_price": 0.14845541, "iv": 65.03, "instrument_name": "BTC-31MAR23-21000-C", "index_price": 24380.66, "direction": "sell", "amount": 0.4}, {"trade_seq": 2985, "trade_id": "244916239", "timestamp": 1678760148082, "tick_direction": 1, "price": 0.15, "mark_price": 0.14957679, "iv": 66.95, "instrument_name": "BTC-31MAR23-21000-C", "index_price": 24428.05, "direction": "sell", "amount": 0.3}, {"trade_seq": 2984, "trade_id": "244915149", "timestamp": 1678759633168, "tick_direction": 0, "price": 0.15, "mark_price": 0.14990985, "iv": 66.55, "instrument_name": "BTC-31MAR23-21000-C", "index_price": 24439.71, "direction": "sell", "amount": 1.0}, {"trade_seq": 2983, "trade_id": "244894612", "timestamp": 1678750037080, "tick_direction": 1, "price": 0.142, "mark_price": 0.14090378, "iv": 69.45, "instrument_name": "BTC-31MAR23-21000-C", "index_price": 24104.41, "direction": "sell", "amount": 1.0}, {"trade_seq": 2982, "trade_id": "244846089", "timestamp": 1678728869270, "tick_direction": 0, "price": 0.142, "mark_price": 0.14210354, "iv": 68.43, "instrument_name": "BTC-31MAR23-21000-C", "index_price": 24102.98, "direction": "buy", "amount": 2.0}, {"trade_seq": 2981, "trade_id": "244843491", "timestamp": 1678727873940, "tick_direction": 2, "price": 0.136, "mark_price": 0.13982806, "iv": 61.12, "instrument_name": "BTC-31MAR23-21000-C", "index_price": 24012.24, "direction": "sell", "amount": 5.0}, {"trade_seq": 2980, "trade_id": "244841438", "timestamp": 1678727112953, "tick_direction": 2, "price": 0.1395, "mark_price": 0.14002597, "iv": 68.7, "instrument_name": "BTC-31MAR23-21000-C", "index_price": 23998.76, "direction": "sell", "amount": 0.1}, {"trade_seq": 2979, "trade_id": "244839733", "timestamp": 1678726609798, "tick_direction": 2, "price": 0.143, "mark_price": 0.14313507, "iv": 70.5, "instrument_name": "BTC-31MAR23-21000-C", "index_price": 24099.75, "direction": "buy", "amount": 0.3}