{"trades": [{"trade_seq": 3430, "trade_id": "234866767", "timestamp": 1668045717009, "tick_direction": 3, "price": 0.0005, "mark_price": 3e-08, "iv": 176.72, "instrument_name": "BTC-30DEC22-120000-C", "index_price": 16117.56, "direction": "buy", "block_trade_id": "55598", "amount": 60.0}, {"trade_seq": 3429, "trade_id": "234379922", "timestamp": 1667986803281, "tick_direction": 3, "price": 0.0005, "mark_price": 1.7e-07, "iv": 167.43, "instrument_name": "BTC-30DEC22-120000-C", "index_price": 17837.34, "direction": "sell", "amount": 20.0}, {"trade_seq": 3428, "trade_id": "234376698", "timestamp": 1667985882102, "tick_direction": 3, "price": 0.0005, "mark_price": 2e-07, "iv": 166.48, "instrument_name": "BTC-30DEC22-120000-C", "index_price": 18064.09, "direction": "buy", "amount": 3.0}, {"trade_seq": 3427, "trade_id": "232747938", "timestamp": 1666732694538, "tick_direction": 3, "price": 0.0005, "mark_price": 9.8e-06, "iv": 139.53, "instrument_name": "BTC-30DEC22-120000-C", "index_price": 20151.1, "direction": "sell", "amount": 0.1}, {"trade_seq": 3426, "trade_id": "231490937", "timestamp": 1665225925091, "tick_direction": 3, "price": 0.0005, "mark_price": 5.336e-05, "iv": 126.01, "instrument_name": "BTC-30DEC22-120000-C", "index_price": 19508.69, "direction": "buy", "amount": 0.1}, {"trade_seq": 3425, "trade_id": "230338959", "timestamp": 1664271762396, "tick_direction": 3, "price": 0.0005, "mark_price": 0.00016792, "iv": 116.42, "instrument_name": "BTC-30DEC22-120000-C", "index_price": 20204.34, "direction": "buy", "amount": 1.0}, {"trade_seq": 3424, "trade_id": "230338958", "timestamp": 1664271762396, "tick_direction": 3, "price": 0.0005, "mark_price": 0.00016792, "iv": 116.42, "instrument_name": "BTC-30DEC22-120000-C", "index_price": 20204.34, "direction": "buy", "amount": 3.0}, {"trade_seq": 3423, "trade_id": "230238738", "timestamp": 1664198309558, "tick_direction": 3, "price": 0.0005, "mark_price": 0.00012164, "iv": 119.08, "instrument_name": "BTC-30DEC22-120000-C", "index_price": 19072.82, "direction": "sell", "amount": 22.2}, {"trade_seq": 3422, "trade_id": "230238737", "timestamp": 1664198309556, "tick_direction": 3, "price": 0.0005, "mark_price": 0.00012164, "iv": 119.08, "instrument_name": "BTC-30DEC22-120000-C", "index_price": 19072.82, "direction": "buy", "amount": 4.9}, {"trade_seq": 3421, "trade_id": "230218736", "timestamp": 1664183307425, "tick_direction": 3, "price": 0.0005, "mark_price": 0.00013007, "iv": 118.52, "instrument_name": "BTC-30DEC22-120000-C", "index_price": 19218.81, "direction": "buy", "amount": 0.1}, {"trade_seq": 3420, "trade_id": "230050872", "timestamp": 1663965872513, "tick_direction": 3, "price": 0.0005, "mark_price": 0.00013931, "iv": 117.88, "instrument_name": "BTC-30DEC22-120000-C", "index_price": 18909.64, "direction": "sell", "amount": 4.2}, {"trade_seq": 3419, "trade_id": "230050871", "timestamp": 1663965872511, "tick_direction": 3, "price": 0.0005, "mark_price": 0.00013931, "iv": 117.88, "instrument_name": "BTC-30DEC22-120000-C", "index_price": 18909.64, "direction": "sell", "amount": 21.0}, {"trade_seq": 3418, "trade_id": "230050870", "timestamp": 1663965872508, "tick_direction": 3, "price": 0.0005, "mark_price": 0.00013931, "iv": 117.88, "instrument_name": "BTC-30DEC22-120000-C", "index_price": 18909.64, "direction": "buy", "amount": 3.0}, {"trade_seq": 3417, "trade_id": "228948211", "timestamp": 1663044032804, "tick_direction": 3, "price": 0.0005, "mark_price": 0.00071743, "iv": 103.21, "instrument_name": "BTC-30DEC22-120000-C", "index_price": 22325.45, "direction": "sell", "amount": 5.0}, {"trade_seq": 3416, "trade_id": "228900220", "timestamp": 1662994587768, "tick_direction": 3, "price": 0.0005, "mark_price": 0.00070052, "iv": 102.99, "instrument_name": "BTC-30DEC22-120000-C", "index_price": 22310.85, "direction": "buy", "amount": 4.5}, {"trade_seq": 3415, "trade_id": "228900219", "timestamp": 1662994584823, "tick_direction": 3, "price": 0.0005, "mark_price": 0.00070171, "iv": 103.0, "instrument_name": "BTC-30DEC22-120000-C", "index_price": 22309.88, "direction": "sell", "amount": 0.5}, {"trade_seq": 3414, "trade_id": "227969733", "timestamp": 1661961948568, "tick_direction": 3, "price": 0.0005, "mark_price": 0.00072199, "iv": 102.78, "instrument_name": "BTC-30DEC22-120000-C", "index_price": 20171.07, "direction": "sell", "amount": 5.0}, {"trade_seq": 3413, "trade_id": "227969732", "timestamp": 1661961948568, "tick_direction": 3, "price": 0.0005, "mark_price": 0.00072199, "iv": 102.78, "instrument_name": "BTC-30DEC22-120000-C", "index_price": 20171.07, "direction": "sell", "amount": 4.0}, {"trade_seq": 3412, "trade_id": "227969731", "timestamp": 1661961948568, "tick_direction": 2, "price": 0.0005, "mark_price": 0.00072199, "iv": 102.78, "instrument_name": "BTC-30DEC22-120000-C", "index_price": 20171.07, "direction": "sell", "amount": 1.0}, {"trade_seq": 3411, "trade_id": "227518563", "timestamp": 1661513941280, "tick_direction": 2, "price": 0.001, "mark_price": 0.00135905, "iv": 104.71, "instrument_name": "BTC-30DEC22-120000-C", "index_price": 21153.59, "direction": "sell", "amount": 4.0}, {"trade_seq": 3410, "trade_id": "227509285", "timestamp": 1661508289684, "tick_direction": 2, "price": 0.0015, "mark_price": 0.0012456, "iv": 108.24, "instrument_name": "BTC-30DEC22-120000-C", "index_price": 21441.54, "direction": "sell", "amount": 0.2}, {"trade_seq": 3409, "trade_id": "227135996", "timestamp": 1661022243255, "tick_direction": 3, "price": 0.002, "mark_price": 0.00222973, "iv": 109.84, "instrument_name": "BTC-30DEC22-120000-C", "index_price": 21121.83, "direction": "sell", "amount": 8.0}, {"trade_seq": 3408, "trade_id": "227135995", "timestamp": 1661022243255, "tick_direction": 3, "price": 0.002, "mark_price": 0.00222973, "iv": 109.84, "instrument_name": "BTC-30DEC22-120000-C", "index_price": 21121.83, "direction": "sell", "amount": 28.5}, {"trade_seq": 3407, "trade_id": "227081551", "timestamp": 1660948406761, "tick_direction": 3, "price": 0.002, "mark_price": 0.00221058, "iv": 109.63, "instrument_name": "BTC-30DEC22-120000-C", "index_price": 21089.63, "direction": "sell", "amount": 35.0}, {"trade_seq": 3406, "trade_id": "226984435", "timestamp": 1660899388378, "tick_direction": 2, "price": 0.002, "mark_price": 0.00224566, "iv": 107.7, "instrument_name": "BTC-30DEC22-120000-C", "index_price": 21826.85, "direction": "sell", "amount": 2.5}, {"trade_seq": 3405, "trade_id": "226603903", "timestamp": 1660560761497, "tick_direction": 1, "price": 0.0025, "mark_price": 0.00225976, "iv": 103.08, "instrument_name": "BTC-30DEC22-120000-C", "index_price": 24224.64, "direction": "buy", "amount": 9.7}, {"trade_seq": 3404, "trade_id": "226603902", "timestamp": 1660560761497, "tick_direction": 0, "price": 0.0025, "mark_price": 0.00225976, "iv": 103.08, "instrument_name": "BTC-30DEC22-120000-C", "index_price": 24224.64, "direction": "buy", "amount": 2.8}, {"trade_seq": 3403, "trade_id": "226597454", "timestamp": 1660552184129, "tick_direction": 3, "price": 0.002, "mark_price": 0.00224311, "iv": 100.93, "instrument_name": "BTC-30DEC22-120000-C", "index_price": 24022.63, "direction": "sell", "amount": 3.0}, {"trade_seq": 3402, "trade_id": "226534096", "timestamp": 1660491813885, "tick_direction": 3, "price": 0.002, "mark_price": 0.00274481, "iv": 99.56, "instrument_name": "BTC-30DEC22-120000-C", "index_price": 24510.46, "direction": "sell", "amount": 0.1}, {"trade_seq": 3401, "trade_id": "226471418", "timestamp": 1660379833054, "tick_direction": 3, "price": 0.002, "mark_price": 0.00252555, "iv": 98.94, "instrument_name": "BTC-30DEC22-120000-C", "index_price": 24561.28, "direction": "sell", "amount": 0.1}, {"trade_seq": 3400, "trade_id": "226372171", "timestamp": 1660273091054, "tick_direction": 3, "price": 0.002, "mark_price": 0.00228841, "iv": 99.7, "instrument_name": "BTC-30DEC22-120000-C", "index_price": 24036.01, "direction": "sell", "amount": 4.1}, {"trade_seq": 3399, "trade_id": "226339324", "timestamp": 1660237826438, "tick_direction": 3, "price": 0.002, "mark_price": 0.00224093, "iv": 98.91, "instrument_name": "BTC-30DEC22-120000-C", "index_price": 24333.79, "direction": "sell", "amount": 23.6}, {"trade_seq": 3398, "trade_id": "226284792", "timestamp": 1660199660659, "tick_direction": 3, "price": 0.002, "mark_price": 0.00230462, "iv": 98.32, "instrument_name": "BTC-30DEC22-120000-C", "index_price": 24552.95, "direction": "sell", "amount": 2.0}, {"trade_seq": 3397, "trade_id": "225851826", "timestamp": 1659686810833, "tick_direction": 2, "price": 0.002, "mark_price": 0.00244325, "iv": 98.98, "instrument_name": "BTC-30DEC22-120000-C", "index_price": 23233.95, "direction": "sell", "amount": 1.0}, {"trade_seq": 3396, "trade_id": "225197924", "timestamp": 1659119422617, "tick_direction": 3, "price": 0.0025, "mark_price": 0.00255677, "iv": 97.81, "instrument_name": "BTC-30DEC22-120000-C", "index_price": 23889.35, "direction": "sell", "amount": 0.1}, {"trade_seq": 3395, "trade_id": "224838102", "timestamp": 1658976567367, "tick_direction": 3, "price": 0.0025, "mark_price": 0.00296446, "iv": 98.59, "instrument_name": "BTC-30DEC22-120000-C", "index_price": 23315.83, "direction": "sell", "amount": 2.8}, {"trade_seq": 3394, "trade_id": "224391923", "timestamp": 1658703163567, "tick_direction": 2, "price": 0.0025, "mark_price": 0.00283334, "iv": 98.8, "instrument_name": "BTC-30DEC22-120000-C", "index_price": 22748.59, "direction": "buy", "amount": 5.0}, {"trade_seq": 3393, "trade_id": "224332444", "timestamp": 1658646516765, "tick_direction": 1, "price": 0.0035, "mark_price": 0.00350369, "iv": 102.39, "instrument_name": "BTC-30DEC22-120000-C", "index_price": 22806.82, "direction": "sell", "amount": 1.8}, {"trade_seq": 3392, "trade_id": "223870385", "timestamp": 1658349780434, "tick_direction": 1, "price": 0.0035, "mark_price": 0.00337683, "iv": 100.59, "instrument_name": "BTC-30DEC22-120000-C", "index_price": 23154.0, "direction": "sell", "amount": 2.5}, {"trade_seq": 3391, "trade_id": "223394817", "timestamp": 1658168947878, "tick_direction": 1, "price": 0.0035, "mark_price": 0.0026701, "iv": 102.59, "instrument_name": "BTC-30DEC22-120000-C", "index_price": 21926.8, "direction": "sell", "amount": 1.1}, {"trade_seq": 3390, "trade_id": "223394816", "timestamp": 1658168947875, "tick_direction": 1, "price": 0.0035, "mark_price": 0.0026701, "iv": 102.59, "instrument_name": "BTC-30DEC22-120000-C", "index_price": 21926.8, "direction": "buy", "amount": 1.6}, {"trade_seq": 3389, "trade_id": "223394815", "timestamp": 1658168947875, "tick_direction": 1, "price": 0.0035, "mark_price": 0.0026701, "iv": 102.59, "instrument_name": "BTC-30DEC22-120000-C", "index_price": 21926.8, "direction": "buy", "amount": 21.2}, {"trade_seq": 3388, "trade_id": "223394802", "timestamp": 1658168934935, "tick_direction": 1, "price": 0.0035, "mark_price": 0.00266734, "iv": 102.61, "instrument_name": "BTC-30DEC22-120000-C", "index_price": 21922.25, "direction": "buy", "amount": 21.2}, {"trade_seq": 3387, "trade_id": "223394801", "timestamp": 1658168934935, "tick_direction": 1, "price": 0.0035, "mark_price": 0.00266734, "iv": 102.61, "instrument_name": "BTC-30DEC22-120000-C", "index_price": 21922.25, "direction": "buy", "amount": 2.1}, {"trade_seq": 3386, "trade_id": "223394800", "timestamp": 1658168916981, "tick_direction": 1, "price": 0.0035, "mark_price": 0.00266419, "iv": 102.61, "instrument_name": "BTC-30DEC22-120000-C", "index_price": 21922.91, "direction": "buy", "amount": 21.2}, {"trade_seq": 3385, "trade_id": "223394799", "timestamp": 1658168916981, "tick_direction": 0, "price": 0.0035, "mark_price": 0.00266419, "iv": 102.61, "instrument_name": "BTC-30DEC22-120000-C", "index_price": 21922.91, "direction": "buy", "amount": 2.0}, {"trade_seq": 3384, "trade_id": "222976889", "timestamp": 1657821673707, "tick_direction": 3, "price": 0.0025, "mark_price": 0.00249423, "iv": 100.21, "instrument_name": "BTC-30DEC22-120000-C", "index_price": 20690.92, "direction": "sell", "amount": 0.2}, {"trade_seq": 3383, "trade_id": "221157403", "timestamp": 1656403832158, "tick_direction": 3, "price": 0.0025, "mark_price": 0.00338312, "iv": 95.35, "instrument_name": "BTC-30DEC22-120000-C", "index_price": 20866.91, "direction": "sell", "amount": 1.1}, {"trade_seq": 3382, "trade_id": "221157402", "timestamp": 1656403832158, "tick_direction": 2, "price": 0.0025, "mark_price": 0.00338312, "iv": 95.35, "instrument_name": "BTC-30DEC22-120000-C", "index_price": 20866.91, "direction": "sell", "amount": 11.1}, {"trade_seq": 3381, "trade_id": "221157401", "timestamp": 1656403832154, "tick_direction": 3, "price": 0.003, "mark_price": 0.00338312, "iv": 97.33, "instrument_name": "BTC-30DEC22-120000-C", "index_price": 20866.91, "direction": "buy", "amount": 14.5}, {"trade_seq": 3380, "trade_id": "220981173", "timestamp": 1656180231105, "tick_direction": 3, "price": 0.003, "mark_price": 0.00335095, "iv": 96.18, "instrument_name": "BTC-30DEC22-120000-C", "index_price": 21079.44, "direction": "buy", "amount": 1.3}, {"trade_seq": 3379, "trade_id": "220981172", "timestamp": 1656180230090, "tick_direction": 3, "price": 0.003, "mark_price": 0.00334999, "iv": 96.18, "instrument_name": "BTC-30DEC22-120000-C", "index_price": 21079.4, "direction": "buy", "amount": 0.8}, {"trade_seq": 3378, "trade_id": "220965688", "timestamp": 1656159101897, "tick_direction": 3, "price": 0.003, "mark_price": 0.00357811, "iv": 95.66, "instrument_name": "BTC-30DEC22-120000-C", "index_price": 21274.08, "direction": "sell", "amount": 0.8}, {"trade_seq": 3377, "trade_id": "220965664", "timestamp": 1656159092685, "tick_direction": 2, "price": 0.003, "mark_price": 0.00356628, "iv": 95.69, "instrument_name": "BTC-30DEC22-120000-C", "index_price": 21257.71, "direction": "sell", "amount": 1.0}, {"trade_seq": 3376, "trade_id": "220965588", "timestamp": 1656159078623, "tick_direction": 0, "price": 0.0035, "mark_price": 0.00357342, "iv": 97.39, "instrument_name": "BTC-30DEC22-120000-C", "index_price": 21273.36, "direction": "sell", "amount": 1.3}, {"trade_seq": 3375, "trade_id": "220891976", "timestamp": 1656079196338, "tick_direction": 0, "price": 0.003, "mark_price": 0.00387836, "iv": 95.67, "instrument_name": "BTC-30DEC22-120000-C", "index_price": 21179.03, "direction": "sell", "amount": 15.0}, {"trade_seq": 3374, "trade_id": "220835739", "timestamp": 1656055803178, "tick_direction": 2, "price": 0.002, "mark_price": 0.00293567, "iv": 92.22, "instrument_name": "BTC-30DEC22-120000-C", "index_price": 20845.1, "direction": "sell", "amount": 0.1}, {"trade_seq": 3373, "trade_id": "220763458", "timestamp": 1656010217110, "tick_direction": 0, "price": 0.003, "mark_price": 0.00246747, "iv": 97.2, "instrument_name": "BTC-30DEC22-120000-C", "index_price": 20412.56, "direction": "buy", "amount": 1.0}, {"trade_seq": 3372, "trade_id": "220612288", "timestamp": 1655919544145, "tick_direction": 3, "price": 0.0025, "mark_price": 0.00224133, "iv": 95.32, "instrument_name": "BTC-30DEC22-120000-C", "index_price": 20279.05, "direction": "buy", "amount": 15.0}, {"trade_seq": 3371, "trade_id": "220578574", "timestamp": 1655906473162, "tick_direction": 3, "price": 0.0025, "mark_price": 0.00252373, "iv": 94.3, "instrument_name": "BTC-30DEC22-120000-C", "index_price": 20746.29, "direction": "buy", "amount": 2.9}, {"trade_seq": 3370, "trade_id": "220578573", "timestamp": 1655906473159, "tick_direction": 2, "price": 0.0025, "mark_price": 0.00252373, "iv": 94.3, "instrument_name": "BTC-30DEC22-120000-C", "index_price": 20746.29, "direction": "buy", "amount": 12.1}, {"trade_seq": 3369, "trade_id": "219700970", "timestamp": 1655544160579, "tick_direction": 2, "price": 0.003, "mark_price": 0.00379338, "iv": 98.66, "instrument_name": "BTC-30DEC22-120000-C", "index_price": 19111.66, "direction": "sell", "amount": 1.0}, {"trade_seq": 3368, "trade_id": "219613080", "timestamp": 1655534842207, "tick_direction": 0, "price": 0.0036, "mark_price": 0.00311154, "iv": 97.79, "instrument_name": "BTC-30DEC22-120000-C", "index_price": 20372.23, "direction": "buy", "block_trade_id": "42389", "amount": 37.5}, {"trade_seq": 3367, "trade_id": "219545799", "timestamp": 1655478875287, "tick_direction": 2, "price": 0.003, "mark_price": 0.00315551, "iv": 95.17, "instrument_name": "BTC-30DEC22-120000-C", "index_price": 20583.03, "direction": "buy", "amount": 13.1}, {"trade_seq": 3366, "trade_id": "219491745", "timestamp": 1655459032151, "tick_direction": 1, "price": 0.0035, "mark_price": 0.00429363, "iv": 96.16, "instrument_name": "BTC-30DEC22-120000-C", "index_price": 20884.06, "direction": "sell", "amount": 10.6}, {"trade_seq": 3365, "trade_id": "219320766", "timestamp": 1655398749680, "tick_direction": 1, "price": 0.0035, "mark_price": 0.00370185, "iv": 95.41, "instrument_name": "BTC-30DEC22-120000-C", "index_price": 21116.83, "direction": "sell", "amount": 1.6}, {"trade_seq": 3364, "trade_id": "219318712", "timestamp": 1655397589967, "tick_direction": 1, "price": 0.0035, "mark_price": 0.00364508, "iv": 95.49, "instrument_name": "BTC-30DEC22-120000-C", "index_price": 21085.64, "direction": "buy", "amount": 0.5}, {"trade_seq": 3363, "trade_id": "219278443", "timestamp": 1655388408034, "tick_direction": 1, "price": 0.0035, "mark_price": 0.0027014, "iv": 96.19, "instrument_name": "BTC-30DEC22-120000-C", "index_price": 20761.04, "direction": "buy", "amount": 1.6}, {"trade_seq": 3362, "trade_id": "219269634", "timestamp": 1655386688861, "tick_direction": 1, "price": 0.0035, "mark_price": 0.00273011, "iv": 95.51, "instrument_name": "BTC-30DEC22-120000-C", "index_price": 21097.41, "direction": "buy", "amount": 1.3}, {"trade_seq": 3361, "trade_id": "219234913", "timestamp": 1655372328709, "tick_direction": 1, "price": 0.0035, "mark_price": 0.00346663, "iv": 95.32, "instrument_name": "BTC-30DEC22-120000-C", "index_price": 21149.91, "direction": "sell", "amount": 1.8}, {"trade_seq": 3360, "trade_id": "219234828", "timestamp": 1655372306373, "tick_direction": 1, "price": 0.0035, "mark_price": 0.00349802, "iv": 95.33, "instrument_name": "BTC-30DEC22-120000-C", "index_price": 21152.74, "direction": "sell", "amount": 1.8}, {"trade_seq": 3359, "trade_id": "219205844", "timestamp": 1655358910560, "tick_direction": 1, "price": 0.0035, "mark_price": 0.00271451, "iv": 93.8, "instrument_name": "BTC-30DEC22-120000-C", "index_price": 21900.07, "direction": "buy", "amount": 0.2}, {"trade_seq": 3358, "trade_id": "219205808", "timestamp": 1655358901094, "tick_direction": 1, "price": 0.0035, "mark_price": 0.00271285, "iv": 93.8, "instrument_name": "BTC-30DEC22-120000-C", "index_price": 21893.96, "direction": "buy", "amount": 0.2}, {"trade_seq": 3357, "trade_id": "219205805", "timestamp": 1655358890807, "tick_direction": 1, "price": 0.0035, "mark_price": 0.00271228, "iv": 93.79, "instrument_name": "BTC-30DEC22-120000-C", "index_price": 21897.53, "direction": "buy", "amount": 0.2}, {"trade_seq": 3356, "trade_id": "219205801", "timestamp": 1655358881615, "tick_direction": 1, "price": 0.0035, "mark_price": 0.00270984, "iv": 93.8, "instrument_name": "BTC-30DEC22-120000-C", "index_price": 21897.94, "direction": "buy", "amount": 0.2}, {"trade_seq": 3355, "trade_id": "219205777", "timestamp": 1655358872301, "tick_direction": 1, "price": 0.0035, "mark_price": 0.00271217, "iv": 93.78, "instrument_name": "BTC-30DEC22-120000-C", "index_price": 21905.32, "direction": "buy", "amount": 0.2}, {"trade_seq": 3354, "trade_id": "219205774", "timestamp": 1655358861049, "tick_direction": 1, "price": 0.0035, "mark_price": 0.0027088, "iv": 93.79, "instrument_name": "BTC-30DEC22-120000-C", "index_price": 21902.88, "direction": "buy", "amount": 0.2}, {"trade_seq": 3353, "trade_id": "219205764", "timestamp": 1655358851949, "tick_direction": 1, "price": 0.0035, "mark_price": 0.00270515, "iv": 93.79, "instrument_name": "BTC-30DEC22-120000-C", "index_price": 21900.9, "direction": "buy", "amount": 0.2}, {"trade_seq": 3352, "trade_id": "219205762", "timestamp": 1655358845351, "tick_direction": 0, "price": 0.0035, "mark_price": 0.00270555, "iv": 93.79, "instrument_name": "BTC-30DEC22-120000-C", "index_price": 21902.88, "direction": "buy", "amount": 0.2}, {"trade_seq": 3351, "trade_id": "219194385", "timestamp": 1655349540563, "tick_direction": 3, "price": 0.003, "mark_price": 0.0030178, "iv": 91.37, "instrument_name": "BTC-30DEC22-120000-C", "index_price": 22257.17, "direction": "buy", "amount": 0.2}, {"trade_seq": 3350, "trade_id": "219194217", "timestamp": 1655349530752, "tick_direction": 3, "price": 0.003, "mark_price": 0.00298857, "iv": 91.29, "instrument_name": "BTC-30DEC22-120000-C", "index_price": 22282.71, "direction": "buy", "amount": 0.3}, {"trade_seq": 3349, "trade_id": "219194140", "timestamp": 1655349521252, "tick_direction": 3, "price": 0.003, "mark_price": 0.00291349, "iv": 91.27, "instrument_name": "BTC-30DEC22-120000-C", "index_price": 22298.32, "direction": "buy", "amount": 0.3}, {"trade_seq": 3348, "trade_id": "219194112", "timestamp": 1655349520482, "tick_direction": 3, "price": 0.003, "mark_price": 0.00291349, "iv": 91.26, "instrument_name": "BTC-30DEC22-120000-C", "index_price": 22306.27, "direction": "buy", "amount": 0.3}, {"trade_seq": 3347, "trade_id": "219193912", "timestamp": 1655349392628, "tick_direction": 3, "price": 0.003, "mark_price": 0.0026817, "iv": 91.19, "instrument_name": "BTC-30DEC22-120000-C", "index_price": 22332.66, "direction": "buy", "amount": 0.3}, {"trade_seq": 3346, "trade_id": "219193895", "timestamp": 1655349385505, "tick_direction": 3, "price": 0.003, "mark_price": 0.00268444, "iv": 91.17, "instrument_name": "BTC-30DEC22-120000-C", "index_price": 22346.23, "direction": "buy", "amount": 0.3}, {"trade_seq": 3345, "trade_id": "219193866", "timestamp": 1655349373430, "tick_direction": 3, "price": 0.003, "mark_price": 0.0026834, "iv": 91.15, "instrument_name": "BTC-30DEC22-120000-C", "index_price": 22357.27, "direction": "buy", "amount": 0.3}, {"trade_seq": 3344, "trade_id": "219193758", "timestamp": 1655349299778, "tick_direction": 2, "price": 0.003, "mark_price": 0.00268508, "iv": 91.14, "instrument_name": "BTC-30DEC22-120000-C", "index_price": 22363.09, "direction": "buy", "amount": 0.3}, {"trade_seq": 3343, "trade_id": "219045731", "timestamp": 1655315217139, "tick_direction": 2, "price": 0.004, "mark_price": 0.00394365, "iv": 97.66, "instrument_name": "BTC-30DEC22-120000-C", "index_price": 20716.91, "direction": "sell", "amount": 1.0}, {"trade_seq": 3342, "trade_id": "219014810", "timestamp": 1655306258276, "tick_direction": 3, "price": 0.005, "mark_price": 0.00364936, "iv": 99.08, "instrument_name": "BTC-30DEC22-120000-C", "index_price": 21277.98, "direction": "sell", "amount": 2.2}, {"trade_seq": 3341, "trade_id": "219014799", "timestamp": 1655306248777, "tick_direction": 2, "price": 0.005, "mark_price": 0.00370471, "iv": 99.1, "instrument_name": "BTC-30DEC22-120000-C", "index_price": 21268.92, "direction": "sell", "amount": 2.1}, {"trade_seq": 3340, "trade_id": "219014791", "timestamp": 1655306238778, "tick_direction": 1, "price": 0.0055, "mark_price": 0.00379153, "iv": 100.27, "instrument_name": "BTC-30DEC22-120000-C", "index_price": 21292.99, "direction": "sell", "amount": 2.2}, {"trade_seq": 3339, "trade_id": "218970147", "timestamp": 1655293464326, "tick_direction": 0, "price": 0.0055, "mark_price": 0.00619757, "iv": 100.54, "instrument_name": "BTC-30DEC22-120000-C", "index_price": 21137.76, "direction": "sell", "amount": 1.0}, {"trade_seq": 3338, "trade_id": "218871463", "timestamp": 1655278717960, "tick_direction": 3, "price": 0.005, "mark_price": 0.00531887, "iv": 99.54, "instrument_name": "BTC-30DEC22-120000-C", "index_price": 21028.76, "direction": "sell", "amount": 0.3}, {"trade_seq": 3337, "trade_id": "218871461", "timestamp": 1655278715950, "tick_direction": 2, "price": 0.005, "mark_price": 0.0053217, "iv": 99.54, "instrument_name": "BTC-30DEC22-120000-C", "index_price": 21029.03, "direction": "sell", "amount": 1.0}, {"trade_seq": 3336, "trade_id": "218860266", "timestamp": 1655274676106, "tick_direction": 1, "price": 0.0065, "mark_price": 0.00549264, "iv": 103.08, "instrument_name": "BTC-30DEC22-120000-C", "index_price": 20980.1, "direction": "buy", "amount": 0.6}, {"trade_seq": 3335, "trade_id": "218860025", "timestamp": 1655274584730, "tick_direction": 1, "price": 0.0065, "mark_price": 0.00534977, "iv": 102.88, "instrument_name": "BTC-30DEC22-120000-C", "index_price": 21062.81, "direction": "sell", "amount": 6.0}, {"trade_seq": 3334, "trade_id": "218859844", "timestamp": 1655274533353, "tick_direction": 1, "price": 0.0065, "mark_price": 0.00515617, "iv": 102.99, "instrument_name": "BTC-30DEC22-120000-C", "index_price": 21007.89, "direction": "sell", "amount": 9.0}, {"trade_seq": 3333, "trade_id": "218859843", "timestamp": 1655274533350, "tick_direction": 0, "price": 0.0065, "mark_price": 0.00515617, "iv": 102.99, "instrument_name": "BTC-30DEC22-120000-C", "index_price": 21007.89, "direction": "buy", "amount": 1.0}, {"trade_seq": 3332, "trade_id": "218859791", "timestamp": 1655274506976, "tick_direction": 1, "price": 0.006, "mark_price": 0.00495903, "iv": 102.02, "instrument_name": "BTC-30DEC22-120000-C", "index_price": 20967.68, "direction": "sell", "amount": 2.6}, {"trade_seq": 3331, "trade_id": "218859790", "timestamp": 1655274506973, "tick_direction": 0, "price": 0.006, "mark_price": 0.00495903, "iv": 102.02, "instrument_name": "BTC-30DEC22-120000-C", "index_price": 20967.68, "direction": "buy", "amount": 1.2}, {"trade_seq": 3330, "trade_id": "218816983", "timestamp": 1655264901294, "tick_direction": 1, "price": 0.004, "mark_price": 0.00445586, "iv": 95.6, "instrument_name": "BTC-30DEC22-120000-C", "index_price": 21579.94, "direction": "sell", "amount": 1.3}, {"trade_seq": 3329, "trade_id": "218812661", "timestamp": 1655262094935, "tick_direction": 1, "price": 0.004, "mark_price": 0.00351271, "iv": 94.92, "instrument_name": "BTC-30DEC22-120000-C", "index_price": 21933.16, "direction": "sell", "amount": 1.7}, {"trade_seq": 3328, "trade_id": "218812660", "timestamp": 1655262094933, "tick_direction": 1, "price": 0.004, "mark_price": 0.00351271, "iv": 94.92, "instrument_name": "BTC-30DEC22-120000-C", "index_price": 21933.16, "direction": "sell", "amount": 1.7}, {"trade_seq": 3327, "trade_id": "218812659", "timestamp": 1655262093988, "tick_direction": 1, "price": 0.004, "mark_price": 0.00349397, "iv": 94.92, "instrument_name": "BTC-30DEC22-120000-C", "index_price": 21932.89, "direction": "buy", "amount": 1.2}, {"trade_seq": 3326, "trade_id": "218805882", "timestamp": 1655256682017, "tick_direction": 1, "price": 0.004, "mark_price": 0.00311193, "iv": 94.83, "instrument_name": "BTC-30DEC22-120000-C", "index_price": 21965.34, "direction": "sell", "amount": 0.7}, {"trade_seq": 3325, "trade_id": "218805881", "timestamp": 1655256682014, "tick_direction": 0, "price": 0.004, "mark_price": 0.00311193, "iv": 94.83, "instrument_name": "BTC-30DEC22-120000-C", "index_price": 21965.34, "direction": "buy", "amount": 1.3}, {"trade_seq": 3324, "trade_id": "218804227", "timestamp": 1655255388758, "tick_direction": 3, "price": 0.0035, "mark_price": 0.00351661, "iv": 93.6, "instrument_name": "BTC-30DEC22-120000-C", "index_price": 21823.75, "direction": "buy", "amount": 0.5}, {"trade_seq": 3323, "trade_id": "218804226", "timestamp": 1655255388382, "tick_direction": 3, "price": 0.0035, "mark_price": 0.00351661, "iv": 93.6, "instrument_name": "BTC-30DEC22-120000-C", "index_price": 21822.41, "direction": "sell", "amount": 1.5}, {"trade_seq": 3322, "trade_id": "218556203", "timestamp": 1655197729061, "tick_direction": 3, "price": 0.0035, "mark_price": 0.00353135, "iv": 91.73, "instrument_name": "BTC-30DEC22-120000-C", "index_price": 22575.09, "direction": "sell", "amount": 1.6}, {"trade_seq": 3321, "trade_id": "218521033", "timestamp": 1655190934106, "tick_direction": 3, "price": 0.0035, "mark_price": 0.00350977, "iv": 92.44, "instrument_name": "BTC-30DEC22-120000-C", "index_price": 22214.88, "direction": "buy", "amount": 0.2}, {"trade_seq": 3320, "trade_id": "218521032", "timestamp": 1655190934101, "tick_direction": 3, "price": 0.0035, "mark_price": 0.00350977, "iv": 92.44, "instrument_name": "BTC-30DEC22-120000-C", "index_price": 22214.88, "direction": "sell", "amount": 0.8}, {"trade_seq": 3319, "trade_id": "218512630", "timestamp": 1655188712017, "tick_direction": 2, "price": 0.0035, "mark_price": 0.00357531, "iv": 91.8, "instrument_name": "BTC-30DEC22-120000-C", "index_price": 22538.16, "direction": "sell", "amount": 1.0}, {"trade_seq": 3318, "trade_id": "218486302", "timestamp": 1655184440754, "tick_direction": 1, "price": 0.0045, "mark_price": 0.00430878, "iv": 93.9, "instrument_name": "BTC-30DEC22-120000-C", "index_price": 22913.42, "direction": "sell", "amount": 2.1}, {"trade_seq": 3317, "trade_id": "218468962", "timestamp": 1655182212606, "tick_direction": 0, "price": 0.0045, "mark_price": 0.00410955, "iv": 95.97, "instrument_name": "BTC-30DEC22-120000-C", "index_price": 21894.64, "direction": "sell", "amount": 8.2}, {"trade_seq": 3316, "trade_id": "218454844", "timestamp": 1655178033503, "tick_direction": 2, "price": 0.0035, "mark_price": 0.00476026, "iv": 93.18, "instrument_name": "BTC-30DEC22-120000-C", "index_price": 21823.11, "direction": "sell", "amount": 1.0}, {"trade_seq": 3315, "trade_id": "218385791", "timestamp": 1655170196404, "tick_direction": 0, "price": 0.0045, "mark_price": 0.00345101, "iv": 97.5, "instrument_name": "BTC-30DEC22-120000-C", "index_price": 21151.36, "direction": "buy", "amount": 0.1}, {"trade_seq": 3314, "trade_id": "218330150", "timestamp": 1655163649286, "tick_direction": 0, "price": 0.004, "mark_price": 0.00384352, "iv": 93.85, "instrument_name": "BTC-30DEC22-120000-C", "index_price": 22240.02, "direction": "sell", "amount": 0.1}, {"trade_seq": 3313, "trade_id": "218318260", "timestamp": 1655162361190, "tick_direction": 1, "price": 0.0035, "mark_price": 0.00463126, "iv": 92.5, "instrument_name": "BTC-30DEC22-120000-C", "index_price": 22173.92, "direction": "sell", "amount": 12.3}, {"trade_seq": 3312, "trade_id": "218316873", "timestamp": 1655162240761, "tick_direction": 1, "price": 0.0035, "mark_price": 0.00428671, "iv": 92.64, "instrument_name": "BTC-30DEC22-120000-C", "index_price": 22082.3, "direction": "sell", "amount": 1.1}, {"trade_seq": 3311, "trade_id": "218082451", "timestamp": 1655115273122, "tick_direction": 1, "price": 0.0035, "mark_price": 0.00384195, "iv": 88.87, "instrument_name": "BTC-30DEC22-120000-C", "index_price": 23930.98, "direction": "buy", "amount": 3.7}, {"trade_seq": 3310, "trade_id": "218078658", "timestamp": 1655114593957, "tick_direction": 1, "price": 0.0035, "mark_price": 0.00326091, "iv": 88.76, "instrument_name": "BTC-30DEC22-120000-C", "index_price": 24009.19, "direction": "buy", "amount": 6.3}, {"trade_seq": 3309, "trade_id": "217705286", "timestamp": 1655008455224, "tick_direction": 1, "price": 0.0035, "mark_price": 0.00290312, "iv": 82.33, "instrument_name": "BTC-30DEC22-120000-C", "index_price": 27537.89, "direction": "sell", "amount": 2.4}, {"trade_seq": 3308, "trade_id": "217705274", "timestamp": 1655008435183, "tick_direction": 1, "price": 0.0035, "mark_price": 0.0028887, "iv": 82.33, "instrument_name": "BTC-30DEC22-120000-C", "index_price": 27538.9, "direction": "sell", "amount": 3.3}, {"trade_seq": 3307, "trade_id": "217705273", "timestamp": 1655008435180, "tick_direction": 1, "price": 0.0035, "mark_price": 0.0028887, "iv": 82.33, "instrument_name": "BTC-30DEC22-120000-C", "index_price": 27538.9, "direction": "sell", "amount": 11.5}, {"trade_seq": 3306, "trade_id": "217705270", "timestamp": 1655008433175, "tick_direction": 1, "price": 0.0035, "mark_price": 0.00288758, "iv": 82.33, "instrument_name": "BTC-30DEC22-120000-C", "index_price": 27538.12, "direction": "sell", "amount": 15.0}, {"trade_seq": 3305, "trade_id": "217705269", "timestamp": 1655008433112, "tick_direction": 0, "price": 0.0035, "mark_price": 0.00288758, "iv": 82.33, "instrument_name": "BTC-30DEC22-120000-C", "index_price": 27538.12, "direction": "sell", "amount": 15.0}, {"trade_seq": 3304, "trade_id": "217674631", "timestamp": 1654997793114, "tick_direction": 3, "price": 0.0025, "mark_price": 0.00363381, "iv": 77.68, "instrument_name": "BTC-30DEC22-120000-C", "index_price": 28375.42, "direction": "sell", "amount": 3.4}, {"trade_seq": 3303, "trade_id": "217663773", "timestamp": 1654985309303, "tick_direction": 3, "price": 0.0025, "mark_price": 0.003221, "iv": 77.35, "instrument_name": "BTC-30DEC22-120000-C", "index_price": 28544.73, "direction": "sell", "amount": 0.1}, {"trade_seq": 3302, "trade_id": "217663772", "timestamp": 1654985309297, "tick_direction": 3, "price": 0.0025, "mark_price": 0.003221, "iv": 77.35, "instrument_name": "BTC-30DEC22-120000-C", "index_price": 28544.73, "direction": "sell", "amount": 0.1}, {"trade_seq": 3301, "trade_id": "217663771", "timestamp": 1654985309290, "tick_direction": 3, "price": 0.0025, "mark_price": 0.003221, "iv": 77.35, "instrument_name": "BTC-30DEC22-120000-C", "index_price": 28544.73, "direction": "sell", "amount": 0.1}, {"trade_seq": 3300, "trade_id": "217663770", "timestamp": 1654985309282, "tick_direction": 3, "price": 0.0025, "mark_price": 0.003221, "iv": 77.35, "instrument_name": "BTC-30DEC22-120000-C", "index_price": 28544.73, "direction": "sell", "amount": 0.1}, {"trade_seq": 3299, "trade_id": "217663769", "timestamp": 1654985309274, "tick_direction": 3, "price": 0.0025, "mark_price": 0.003221, "iv": 77.35, "instrument_name": "BTC-30DEC22-120000-C", "index_price": 28544.73, "direction": "sell", "amount": 0.2}, {"trade_seq": 3298, "trade_id": "217663768", "timestamp": 1654985309265, "tick_direction": 3, "price": 0.0025, "mark_price": 0.003221, "iv": 77.35, "instrument_name": "BTC-30DEC22-120000-C", "index_price": 28544.73, "direction": "sell", "amount": 0.3}, {"trade_seq": 3297, "trade_id": "217663767", "timestamp": 1654985307295, "tick_direction": 3, "price": 0.0025, "mark_price": 0.00322271, "iv": 77.35, "instrument_name": "BTC-30DEC22-120000-C", "index_price": 28544.25, "direction": "sell", "amount": 0.1}, {"trade_seq": 3296, "trade_id": "217663766", "timestamp": 1654985307289, "tick_direction": 3, "price": 0.0025, "mark_price": 0.00322271, "iv": 77.35, "instrument_name": "BTC-30DEC22-120000-C", "index_price": 28544.25, "direction": "sell", "amount": 0.1}, {"trade_seq": 3295, "trade_id": "217663765", "timestamp": 1654985307279, "tick_direction": 3, "price": 0.0025, "mark_price": 0.00322271, "iv": 77.35, "instrument_name": "BTC-30DEC22-120000-C", "index_price": 28544.25, "direction": "sell", "amount": 0.1}, {"trade_seq": 3294, "trade_id": "217663764", "timestamp": 1654985307268, "tick_direction": 3, "price": 0.0025, "mark_price": 0.00322271, "iv": 77.35, "instrument_name": "BTC-30DEC22-120000-C", "index_price": 28544.25, "direction": "sell", "amount": 0.1}, {"trade_seq": 3293, "trade_id": "217663763", "timestamp": 1654985307257, "tick_direction": 3, "price": 0.0025, "mark_price": 0.00322271, "iv": 77.35, "instrument_name": "BTC-30DEC22-120000-C", "index_price": 28544.25, "direction": "sell", "amount": 0.2}, {"trade_seq": 3292, "trade_id": "217663762", "timestamp": 1654985307249, "tick_direction": 3, "price": 0.0025, "mark_price": 0.00322271, "iv": 77.35, "instrument_name": "BTC-30DEC22-120000-C", "index_price": 28544.25, "direction": "sell", "amount": 0.3}, {"trade_seq": 3291, "trade_id": "217663761", "timestamp": 1654985305275, "tick_direction": 3, "price": 0.0025, "mark_price": 0.00322598, "iv": 77.34, "instrument_name": "BTC-30DEC22-120000-C", "index_price": 28545.12, "direction": "sell", "amount": 0.1}, {"trade_seq": 3290, "trade_id": "217663760", "timestamp": 1654985305268, "tick_direction": 3, "price": 0.0025, "mark_price": 0.00322598, "iv": 77.34, "instrument_name": "BTC-30DEC22-120000-C", "index_price": 28545.12, "direction": "sell", "amount": 0.1}, {"trade_seq": 3289, "trade_id": "217663759", "timestamp": 1654985305260, "tick_direction": 3, "price": 0.0025, "mark_price": 0.00322598, "iv": 77.34, "instrument_name": "BTC-30DEC22-120000-C", "index_price": 28545.12, "direction": "sell", "amount": 0.1}, {"trade_seq": 3288, "trade_id": "217663758", "timestamp": 1654985305253, "tick_direction": 3, "price": 0.0025, "mark_price": 0.00322598, "iv": 77.34, "instrument_name": "BTC-30DEC22-120000-C", "index_price": 28545.12, "direction": "sell", "amount": 0.1}, {"trade_seq": 3287, "trade_id": "217663757", "timestamp": 1654985305246, "tick_direction": 3, "price": 0.0025, "mark_price": 0.00322598, "iv": 77.34, "instrument_name": "BTC-30DEC22-120000-C", "index_price": 28545.12, "direction": "sell", "amount": 0.2}, {"trade_seq": 3286, "trade_id": "217663756", "timestamp": 1654985305239, "tick_direction": 3, "price": 0.0025, "mark_price": 0.00322598, "iv": 77.34, "instrument_name": "BTC-30DEC22-120000-C", "index_price": 28545.12, "direction": "sell", "amount": 0.2}, {"trade_seq": 3285, "trade_id": "217663755", "timestamp": 1654985305230, "tick_direction": 3, "price": 0.0025, "mark_price": 0.00322598, "iv": 77.34, "instrument_name": "BTC-30DEC22-120000-C", "index_price": 28545.12, "direction": "sell", "amount": 0.3}, {"trade_seq": 3284, "trade_id": "217663754", "timestamp": 1654985304520, "tick_direction": 3, "price": 0.0025, "mark_price": 0.00322755, "iv": 77.34, "instrument_name": "BTC-30DEC22-120000-C", "index_price": 28548.88, "direction": "sell", "amount": 0.1}, {"trade_seq": 3283, "trade_id": "217663751", "timestamp": 1654985303263, "tick_direction": 3, "price": 0.0025, "mark_price": 0.00322801, "iv": 77.34, "instrument_name": "BTC-30DEC22-120000-C", "index_price": 28549.11, "direction": "sell", "amount": 0.1}, {"trade_seq": 3282, "trade_id": "217663750", "timestamp": 1654985303256, "tick_direction": 3, "price": 0.0025, "mark_price": 0.00322801, "iv": 77.34, "instrument_name": "BTC-30DEC22-120000-C", "index_price": 28549.11, "direction": "sell", "amount": 0.1}, {"trade_seq": 3281, "trade_id": "217663749", "timestamp": 1654985303248, "tick_direction": 3, "price": 0.0025, "mark_price": 0.00322801, "iv": 77.34, "instrument_name": "BTC-30DEC22-120000-C", "index_price": 28549.11, "direction": "sell", "amount": 0.1}, {"trade_seq": 3280, "trade_id": "217663748", "timestamp": 1654985303236, "tick_direction": 3, "price": 0.0025, "mark_price": 0.00322801, "iv": 77.34, "instrument_name": "BTC-30DEC22-120000-C", "index_price": 28549.11, "direction": "sell", "amount": 0.1}, {"trade_seq": 3279, "trade_id": "217663747", "timestamp": 1654985303228, "tick_direction": 3, "price": 0.0025, "mark_price": 0.00322801, "iv": 77.34, "instrument_name": "BTC-30DEC22-120000-C", "index_price": 28549.11, "direction": "sell", "amount": 0.2}, {"trade_seq": 3278, "trade_id": "217663746", "timestamp": 1654985303220, "tick_direction": 3, "price": 0.0025, "mark_price": 0.00322801, "iv": 77.34, "instrument_name": "BTC-30DEC22-120000-C", "index_price": 28549.11, "direction": "sell", "amount": 0.2}, {"trade_seq": 3277, "trade_id": "217663745", "timestamp": 1654985303212, "tick_direction": 3, "price": 0.0025, "mark_price": 0.00322801, "iv": 77.34, "instrument_name": "BTC-30DEC22-120000-C", "index_price": 28549.11, "direction": "sell", "amount": 0.3}, {"trade_seq": 3276, "trade_id": "217663744", "timestamp": 1654985302378, "tick_direction": 3, "price": 0.0025, "mark_price": 0.00322791, "iv": 77.33, "instrument_name": "BTC-30DEC22-120000-C", "index_price": 28551.39, "direction": "sell", "amount": 0.1}, {"trade_seq": 3275, "trade_id": "217663743", "timestamp": 1654985302360, "tick_direction": 3, "price": 0.0025, "mark_price": 0.00322791, "iv": 77.33, "instrument_name": "BTC-30DEC22-120000-C", "index_price": 28551.39, "direction": "sell", "amount": 0.1}, {"trade_seq": 3274, "trade_id": "217663741", "timestamp": 1654985301266, "tick_direction": 3, "price": 0.0025, "mark_price": 0.00322751, "iv": 77.33, "instrument_name": "BTC-30DEC22-120000-C", "index_price": 28551.52, "direction": "sell", "amount": 0.1}, {"trade_seq": 3273, "trade_id": "217663740", "timestamp": 1654985301259, "tick_direction": 3, "price": 0.0025, "mark_price": 0.00322751, "iv": 77.33, "instrument_name": "BTC-30DEC22-120000-C", "index_price": 28551.52, "direction": "sell", "amount": 0.1}, {"trade_seq": 3272, "trade_id": "217663739", "timestamp": 1654985301250, "tick_direction": 3, "price": 0.0025, "mark_price": 0.00322751, "iv": 77.33, "instrument_name": "BTC-30DEC22-120000-C", "index_price": 28551.52, "direction": "sell", "amount": 0.1}, {"trade_seq": 3271, "trade_id": "217663738", "timestamp": 1654985301241, "tick_direction": 3, "price": 0.0025, "mark_price": 0.00322751, "iv": 77.33, "instrument_name": "BTC-30DEC22-120000-C", "index_price": 28551.52, "direction": "sell", "amount": 0.1}, {"trade_seq": 3270, "trade_id": "217663737", "timestamp": 1654985301228, "tick_direction": 3, "price": 0.0025, "mark_price": 0.00322751, "iv": 77.33, "instrument_name": "BTC-30DEC22-120000-C", "index_price": 28551.52, "direction": "sell", "amount": 0.2}, {"trade_seq": 3269, "trade_id": "217663736", "timestamp": 1654985301222, "tick_direction": 3, "price": 0.0025, "mark_price": 0.00322751, "iv": 77.33, "instrument_name": "BTC-30DEC22-120000-C", "index_price": 28551.52, "direction": "sell", "amount": 0.2}, {"trade_seq": 3268, "trade_id": "217663735", "timestamp": 1654985301195, "tick_direction": 3, "price": 0.0025, "mark_price": 0.00322751, "iv": 77.33, "instrument_name": "BTC-30DEC22-120000-C", "index_price": 28551.52, "direction": "sell", "amount": 0.3}, {"trade_seq": 3267, "trade_id": "217663734", "timestamp": 1654985299236, "tick_direction": 3, "price": 0.0025, "mark_price": 0.00322668, "iv": 77.34, "instrument_name": "BTC-30DEC22-120000-C", "index_price": 28551.18, "direction": "sell", "amount": 0.1}, {"trade_seq": 3266, "trade_id": "217663733", "timestamp": 1654985299229, "tick_direction": 3, "price": 0.0025, "mark_price": 0.00322668, "iv": 77.34, "instrument_name": "BTC-30DEC22-120000-C", "index_price": 28551.18, "direction": "sell", "amount": 0.1}, {"trade_seq": 3265, "trade_id": "217663732", "timestamp": 1654985299222, "tick_direction": 3, "price": 0.0025, "mark_price": 0.00322668, "iv": 77.34, "instrument_name": "BTC-30DEC22-120000-C", "index_price": 28551.18, "direction": "sell", "amount": 0.1}, {"trade_seq": 3264, "trade_id": "217663731", "timestamp": 1654985299215, "tick_direction": 3, "price": 0.0025, "mark_price": 0.00322668, "iv": 77.34, "instrument_name": "BTC-30DEC22-120000-C", "index_price": 28551.18, "direction": "sell", "amount": 0.1}, {"trade_seq": 3263, "trade_id": "217663730", "timestamp": 1654985299207, "tick_direction": 3, "price": 0.0025, "mark_price": 0.00322668, "iv": 77.34, "instrument_name": "BTC-30DEC22-120000-C", "index_price": 28551.18, "direction": "sell", "amount": 0.2}, {"trade_seq": 3262, "trade_id": "217663729", "timestamp": 1654985299200, "tick_direction": 3, "price": 0.0025, "mark_price": 0.00322668, "iv": 77.34, "instrument_name": "BTC-30DEC22-120000-C", "index_price": 28551.18, "direction": "sell", "amount": 0.2}, {"trade_seq": 3261, "trade_id": "217663728", "timestamp": 1654985299177, "tick_direction": 3, "price": 0.0025, "mark_price": 0.00322668, "iv": 77.34, "instrument_name": "BTC-30DEC22-120000-C", "index_price": 28551.18, "direction": "sell", "amount": 0.3}, {"trade_seq": 3260, "trade_id": "217663727", "timestamp": 1654985297217, "tick_direction": 3, "price": 0.0025, "mark_price": 0.00322443, "iv": 77.34, "instrument_name": "BTC-30DEC22-120000-C", "index_price": 28550.86, "direction": "sell", "amount": 0.1}, {"trade_seq": 3259, "trade_id": "217663726", "timestamp": 1654985297211, "tick_direction": 3, "price": 0.0025, "mark_price": 0.00322443, "iv": 77.34, "instrument_name": "BTC-30DEC22-120000-C", "index_price": 28550.86, "direction": "sell", "amount": 0.1}, {"trade_seq": 3258, "trade_id": "217663725", "timestamp": 1654985297205, "tick_direction": 3, "price": 0.0025, "mark_price": 0.00322443, "iv": 77.34, "instrument_name": "BTC-30DEC22-120000-C", "index_price": 28550.86, "direction": "sell", "amount": 0.1}, {"trade_seq": 3257, "trade_id": "217663724", "timestamp": 1654985297198, "tick_direction": 3, "price": 0.0025, "mark_price": 0.00322443, "iv": 77.34, "instrument_name": "BTC-30DEC22-120000-C", "index_price": 28550.86, "direction": "sell", "amount": 0.1}, {"trade_seq": 3256, "trade_id": "217663723", "timestamp": 1654985297190, "tick_direction": 3, "price": 0.0025, "mark_price": 0.00322443, "iv": 77.34, "instrument_name": "BTC-30DEC22-120000-C", "index_price": 28550.86, "direction": "sell", "amount": 0.2}, {"trade_seq": 3255, "trade_id": "217663722", "timestamp": 1654985297183, "tick_direction": 3, "price": 0.0025, "mark_price": 0.00322443, "iv": 77.34, "instrument_name": "BTC-30DEC22-120000-C", "index_price": 28550.86, "direction": "sell", "amount": 0.2}, {"trade_seq": 3254, "trade_id": "217663721", "timestamp": 1654985297158, "tick_direction": 3, "price": 0.0025, "mark_price": 0.00322443, "iv": 77.34, "instrument_name": "BTC-30DEC22-120000-C", "index_price": 28550.86, "direction": "sell", "amount": 0.3}, {"trade_seq": 3253, "trade_id": "217663720", "timestamp": 1654985295724, "tick_direction": 3, "price": 0.0025, "mark_price": 0.00322352, "iv": 77.34, "instrument_name": "BTC-30DEC22-120000-C", "index_price": 28549.64, "direction": "sell", "amount": 0.1}, {"trade_seq": 3252, "trade_id": "217663719", "timestamp": 1654985295717, "tick_direction": 3, "price": 0.0025, "mark_price": 0.00322352, "iv": 77.34, "instrument_name": "BTC-30DEC22-120000-C", "index_price": 28549.64, "direction": "sell", "amount": 0.1}, {"trade_seq": 3251, "trade_id": "217663718", "timestamp": 1654985295709, "tick_direction": 3, "price": 0.0025, "mark_price": 0.00322352, "iv": 77.34, "instrument_name": "BTC-30DEC22-120000-C", "index_price": 28549.64, "direction": "sell", "amount": 0.1}, {"trade_seq": 3250, "trade_id": "217663717", "timestamp": 1654985295700, "tick_direction": 3, "price": 0.0025, "mark_price": 0.00322352, "iv": 77.34, "instrument_name": "BTC-30DEC22-120000-C", "index_price": 28549.64, "direction": "sell", "amount": 0.1}, {"trade_seq": 3249, "trade_id": "217663716", "timestamp": 1654985295692, "tick_direction": 3, "price": 0.0025, "mark_price": 0.00322352, "iv": 77.34, "instrument_name": "BTC-30DEC22-120000-C", "index_price": 28549.64, "direction": "sell", "amount": 0.2}, {"trade_seq": 3248, "trade_id": "217663715", "timestamp": 1654985295685, "tick_direction": 3, "price": 0.0025, "mark_price": 0.00322352, "iv": 77.34, "instrument_name": "BTC-30DEC22-120000-C", "index_price": 28549.64, "direction": "sell", "amount": 0.2}, {"trade_seq": 3247, "trade_id": "217663714", "timestamp": 1654985295678, "tick_direction": 3, "price": 0.0025, "mark_price": 0.00322352, "iv": 77.34, "instrument_name": "BTC-30DEC22-120000-C", "index_price": 28549.64, "direction": "sell", "amount": 0.3}, {"trade_seq": 3246, "trade_id": "217663713", "timestamp": 1654985293229, "tick_direction": 3, "price": 0.0025, "mark_price": 0.00322242, "iv": 77.34, "instrument_name": "BTC-30DEC22-120000-C", "index_price": 28550.14, "direction": "sell", "amount": 0.1}, {"trade_seq": 3245, "trade_id": "217663712", "timestamp": 1654985293216, "tick_direction": 3, "price": 0.0025, "mark_price": 0.00322242, "iv": 77.34, "instrument_name": "BTC-30DEC22-120000-C", "index_price": 28550.14, "direction": "sell", "amount": 0.1}, {"trade_seq": 3244, "trade_id": "217663711", "timestamp": 1654985293209, "tick_direction": 3, "price": 0.0025, "mark_price": 0.00322242, "iv": 77.34, "instrument_name": "BTC-30DEC22-120000-C", "index_price": 28550.14, "direction": "sell", "amount": 0.1}, {"trade_seq": 3243, "trade_id": "217663710", "timestamp": 1654985293202, "tick_direction": 3, "price": 0.0025, "mark_price": 0.00322242, "iv": 77.34, "instrument_name": "BTC-30DEC22-120000-C", "index_price": 28550.14, "direction": "sell", "amount": 0.1}, {"trade_seq": 3242, "trade_id": "217663709", "timestamp": 1654985293194, "tick_direction": 3, "price": 0.0025, "mark_price": 0.00322242, "iv": 77.34, "instrument_name": "BTC-30DEC22-120000-C", "index_price": 28550.14, "direction": "sell", "amount": 0.2}, {"trade_seq": 3241, "trade_id": "217663708", "timestamp": 1654985293187, "tick_direction": 3, "price": 0.0025, "mark_price": 0.00322242, "iv": 77.34, "instrument_name": "BTC-30DEC22-120000-C", "index_price": 28550.14, "direction": "sell", "amount": 0.3}, {"trade_seq": 3240, "trade_id": "217663707", "timestamp": 1654985293180, "tick_direction": 3, "price": 0.0025, "mark_price": 0.00322242, "iv": 77.34, "instrument_name": "BTC-30DEC22-120000-C", "index_price": 28550.14, "direction": "sell", "amount": 0.4}, {"trade_seq": 3239, "trade_id": "217663706", "timestamp": 1654985293172, "tick_direction": 3, "price": 0.0025, "mark_price": 0.00322242, "iv": 77.34, "instrument_name": "BTC-30DEC22-120000-C", "index_price": 28550.14, "direction": "sell", "amount": 0.5}, {"trade_seq": 3238, "trade_id": "217663705", "timestamp": 1654985293165, "tick_direction": 3, "price": 0.0025, "mark_price": 0.00322242, "iv": 77.34, "instrument_name": "BTC-30DEC22-120000-C", "index_price": 28550.14, "direction": "sell", "amount": 0.7}, {"trade_seq": 3237, "trade_id": "217663704", "timestamp": 1654985293156, "tick_direction": 3, "price": 0.0025, "mark_price": 0.00322242, "iv": 77.34, "instrument_name": "BTC-30DEC22-120000-C", "index_price": 28550.14, "direction": "sell", "amount": 0.9}, {"trade_seq": 3236, "trade_id": "217663703", "timestamp": 1654985293148, "tick_direction": 3, "price": 0.0025, "mark_price": 0.00322242, "iv": 77.34, "instrument_name": "BTC-30DEC22-120000-C", "index_price": 28550.14, "direction": "sell", "amount": 1.2}, {"trade_seq": 3235, "trade_id": "217663702", "timestamp": 1654985293136, "tick_direction": 2, "price": 0.0025, "mark_price": 0.00322242, "iv": 77.34, "instrument_name": "BTC-30DEC22-120000-C", "index_price": 28550.14, "direction": "sell", "amount": 1.6}, {"trade_seq": 3234, "trade_id": "217661122", "timestamp": 1654980710900, "tick_direction": 1, "price": 0.0035, "mark_price": 0.00306364, "iv": 80.67, "instrument_name": "BTC-30DEC22-120000-C", "index_price": 28475.67, "direction": "buy", "amount": 0.7}, {"trade_seq": 3233, "trade_id": "217661121", "timestamp": 1654980709973, "tick_direction": 0, "price": 0.0035, "mark_price": 0.00306332, "iv": 80.67, "instrument_name": "BTC-30DEC22-120000-C", "index_price": 28475.79, "direction": "buy", "amount": 0.9}, {"trade_seq": 3232, "trade_id": "217655214", "timestamp": 1654972795334, "tick_direction": 3, "price": 0.0025, "mark_price": 0.00342236, "iv": 77.1, "instrument_name": "BTC-30DEC22-120000-C", "index_price": 28685.66, "direction": "sell", "amount": 0.1}, {"trade_seq": 3231, "trade_id": "217655212", "timestamp": 1654972793888, "tick_direction": 3, "price": 0.0025, "mark_price": 0.00342574, "iv": 77.09, "instrument_name": "BTC-30DEC22-120000-C", "index_price": 28689.01, "direction": "sell", "amount": 0.1}, {"trade_seq": 3230, "trade_id": "217655209", "timestamp": 1654972793855, "tick_direction": 3, "price": 0.0025, "mark_price": 0.00342574, "iv": 77.09, "instrument_name": "BTC-30DEC22-120000-C", "index_price": 28689.01, "direction": "sell", "amount": 0.1}, {"trade_seq": 3229, "trade_id": "217655197", "timestamp": 1654972792230, "tick_direction": 3, "price": 0.0025, "mark_price": 0.00342653, "iv": 77.09, "instrument_name": "BTC-30DEC22-120000-C", "index_price": 28694.62, "direction": "sell", "amount": 0.1}, {"trade_seq": 3228, "trade_id": "217655192", "timestamp": 1654972790104, "tick_direction": 3, "price": 0.0025, "mark_price": 0.00343446, "iv": 77.06, "instrument_name": "BTC-30DEC22-120000-C", "index_price": 28700.38, "direction": "sell", "amount": 0.1}, {"trade_seq": 3227, "trade_id": "217655155", "timestamp": 1654972773957, "tick_direction": 3, "price": 0.0025, "mark_price": 0.00340165, "iv": 77.09, "instrument_name": "BTC-30DEC22-120000-C", "index_price": 28683.9, "direction": "sell", "amount": 0.1}, {"trade_seq": 3226, "trade_id": "217655154", "timestamp": 1654972773948, "tick_direction": 3, "price": 0.0025, "mark_price": 0.00340165, "iv": 77.09, "instrument_name": "BTC-30DEC22-120000-C", "index_price": 28683.9, "direction": "sell", "amount": 0.1}, {"trade_seq": 3225, "trade_id": "217655153", "timestamp": 1654972773840, "tick_direction": 3, "price": 0.0025, "mark_price": 0.00340165, "iv": 77.09, "instrument_name": "BTC-30DEC22-120000-C", "index_price": 28683.9, "direction": "sell", "amount": 0.1}, {"trade_seq": 3224, "trade_id": "217655152", "timestamp": 1654972773724, "tick_direction": 3, "price": 0.0025, "mark_price": 0.003404, "iv": 77.09, "instrument_name": "BTC-30DEC22-120000-C", "index_price": 28683.9, "direction": "sell", "amount": 0.2}, {"trade_seq": 3223, "trade_id": "217655151", "timestamp": 1654972773710, "tick_direction": 3, "price": 0.0025, "mark_price": 0.003404, "iv": 77.09, "instrument_name": "BTC-30DEC22-120000-C", "index_price": 28683.9, "direction": "sell", "amount": 0.2}, {"trade_seq": 3222, "trade_id": "217655150", "timestamp": 1654972773694, "tick_direction": 3, "price": 0.0025, "mark_price": 0.003404, "iv": 77.09, "instrument_name": "BTC-30DEC22-120000-C", "index_price": 28683.5, "direction": "sell", "amount": 0.3}, {"trade_seq": 3221, "trade_id": "217655149", "timestamp": 1654972773683, "tick_direction": 3, "price": 0.0025, "mark_price": 0.003404, "iv": 77.09, "instrument_name": "BTC-30DEC22-120000-C", "index_price": 28683.5, "direction": "sell", "amount": 0.4}, {"trade_seq": 3220, "trade_id": "217655148", "timestamp": 1654972773670, "tick_direction": 3, "price": 0.0025, "mark_price": 0.003404, "iv": 77.09, "instrument_name": "BTC-30DEC22-120000-C", "index_price": 28683.5, "direction": "sell", "amount": 0.5}, {"trade_seq": 3219, "trade_id": "217655147", "timestamp": 1654972773655, "tick_direction": 3, "price": 0.0025, "mark_price": 0.003404, "iv": 77.09, "instrument_name": "BTC-30DEC22-120000-C", "index_price": 28683.5, "direction": "sell", "amount": 0.6}, {"trade_seq": 3218, "trade_id": "217655146", "timestamp": 1654972773646, "tick_direction": 3, "price": 0.0025, "mark_price": 0.003404, "iv": 77.09, "instrument_name": "BTC-30DEC22-120000-C", "index_price": 28683.5, "direction": "sell", "amount": 1.2}, {"trade_seq": 3217, "trade_id": "217655145", "timestamp": 1654972773638, "tick_direction": 3, "price": 0.0025, "mark_price": 0.003404, "iv": 77.09, "instrument_name": "BTC-30DEC22-120000-C", "index_price": 28683.5, "direction": "sell", "amount": 1.2}, {"trade_seq": 3216, "trade_id": "217655144", "timestamp": 1654972773625, "tick_direction": 3, "price": 0.0025, "mark_price": 0.003404, "iv": 77.09, "instrument_name": "BTC-30DEC22-120000-C", "index_price": 28683.5, "direction": "sell", "amount": 1.6}, {"trade_seq": 3215, "trade_id": "217655143", "timestamp": 1654972772459, "tick_direction": 3, "price": 0.0025, "mark_price": 0.00340728, "iv": 77.08, "instrument_name": "BTC-30DEC22-120000-C", "index_price": 28687.81, "direction": "sell", "amount": 0.1}, {"trade_seq": 3214, "trade_id": "217655138", "timestamp": 1654972770701, "tick_direction": 3, "price": 0.0025, "mark_price": 0.00340557, "iv": 77.07, "instrument_name": "BTC-30DEC22-120000-C", "index_price": 28693.56, "direction": "sell", "amount": 0.1}, {"trade_seq": 3213, "trade_id": "217655137", "timestamp": 1654972770690, "tick_direction": 3, "price": 0.0025, "mark_price": 0.00340557, "iv": 77.07, "instrument_name": "BTC-30DEC22-120000-C", "index_price": 28693.56, "direction": "sell", "amount": 0.1}, {"trade_seq": 3212, "trade_id": "217655135", "timestamp": 1654972770562, "tick_direction": 3, "price": 0.0025, "mark_price": 0.00340557, "iv": 77.08, "instrument_name": "BTC-30DEC22-120000-C", "index_price": 28693.21, "direction": "sell", "amount": 0.1}, {"trade_seq": 3211, "trade_id": "217655134", "timestamp": 1654972770156, "tick_direction": 3, "price": 0.0025, "mark_price": 0.00340557, "iv": 77.08, "instrument_name": "BTC-30DEC22-120000-C", "index_price": 28693.21, "direction": "sell", "amount": 0.1}, {"trade_seq": 3210, "trade_id": "217655133", "timestamp": 1654972769736, "tick_direction": 3, "price": 0.0025, "mark_price": 0.00340602, "iv": 77.08, "instrument_name": "BTC-30DEC22-120000-C", "index_price": 28693.21, "direction": "sell", "amount": 0.1}, {"trade_seq": 3209, "trade_id": "217655132", "timestamp": 1654972769727, "tick_direction": 3, "price": 0.0025, "mark_price": 0.00340602, "iv": 77.08, "instrument_name": "BTC-30DEC22-120000-C", "index_price": 28693.21, "direction": "sell", "amount": 0.1}, {"trade_seq": 3208, "trade_id": "217655131", "timestamp": 1654972769720, "tick_direction": 3, "price": 0.0025, "mark_price": 0.00340602, "iv": 77.08, "instrument_name": "BTC-30DEC22-120000-C", "index_price": 28693.21, "direction": "sell", "amount": 0.1}, {"trade_seq": 3207, "trade_id": "217655130", "timestamp": 1654972769710, "tick_direction": 3, "price": 0.0025, "mark_price": 0.00340602, "iv": 77.08, "instrument_name": "BTC-30DEC22-120000-C", "index_price": 28693.21, "direction": "sell", "amount": 0.2}, {"trade_seq": 3206, "trade_id": "217655129", "timestamp": 1654972769702, "tick_direction": 3, "price": 0.0025, "mark_price": 0.00340602, "iv": 77.08, "instrument_name": "BTC-30DEC22-120000-C", "index_price": 28693.21, "direction": "sell", "amount": 0.3}, {"trade_seq": 3205, "trade_id": "217655128", "timestamp": 1654972769692, "tick_direction": 3, "price": 0.0025, "mark_price": 0.00340602, "iv": 77.08, "instrument_name": "BTC-30DEC22-120000-C", "index_price": 28693.21, "direction": "sell", "amount": 0.3}, {"trade_seq": 3204, "trade_id": "217655127", "timestamp": 1654972769680, "tick_direction": 3, "price": 0.0025, "mark_price": 0.00340602, "iv": 77.08, "instrument_name": "BTC-30DEC22-120000-C", "index_price": 28693.21, "direction": "sell", "amount": 0.4}, {"trade_seq": 3203, "trade_id": "217655126", "timestamp": 1654972769663, "tick_direction": 3, "price": 0.0025, "mark_price": 0.00340602, "iv": 77.08, "instrument_name": "BTC-30DEC22-120000-C", "index_price": 28689.91, "direction": "sell", "amount": 0.6}, {"trade_seq": 3202, "trade_id": "217655125", "timestamp": 1654972769653, "tick_direction": 3, "price": 0.0025, "mark_price": 0.00340602, "iv": 77.08, "instrument_name": "BTC-30DEC22-120000-C", "index_price": 28689.91, "direction": "sell", "amount": 0.7}, {"trade_seq": 3201, "trade_id": "217655124", "timestamp": 1654972769639, "tick_direction": 3, "price": 0.0025, "mark_price": 0.00340602, "iv": 77.08, "instrument_name": "BTC-30DEC22-120000-C", "index_price": 28689.91, "direction": "sell", "amount": 1.0}, {"trade_seq": 3200, "trade_id": "217655123", "timestamp": 1654972769624, "tick_direction": 3, "price": 0.0025, "mark_price": 0.00340602, "iv": 77.08, "instrument_name": "BTC-30DEC22-120000-C", "index_price": 28689.91, "direction": "sell", "amount": 1.3}, {"trade_seq": 3199, "trade_id": "217655122", "timestamp": 1654972769607, "tick_direction": 3, "price": 0.0025, "mark_price": 0.00340602, "iv": 77.08, "instrument_name": "BTC-30DEC22-120000-C", "index_price": 28689.91, "direction": "sell", "amount": 1.7}, {"trade_seq": 3198, "trade_id": "217655121", "timestamp": 1654972769586, "tick_direction": 3, "price": 0.0025, "mark_price": 0.00340602, "iv": 77.08, "instrument_name": "BTC-30DEC22-120000-C", "index_price": 28689.91, "direction": "sell", "amount": 2.3}, {"trade_seq": 3197, "trade_id": "217655120", "timestamp": 1654972769572, "tick_direction": 3, "price": 0.0025, "mark_price": 0.00340602, "iv": 77.08, "instrument_name": "BTC-30DEC22-120000-C", "index_price": 28689.91, "direction": "sell", "amount": 3.0}, {"trade_seq": 3196, "trade_id": "217655119", "timestamp": 1654972769554, "tick_direction": 3, "price": 0.0025, "mark_price": 0.00340602, "iv": 77.08, "instrument_name": "BTC-30DEC22-120000-C", "index_price": 28689.91, "direction": "sell", "amount": 4.0}, {"trade_seq": 3195, "trade_id": "217654960", "timestamp": 1654972745047, "tick_direction": 3, "price": 0.0025, "mark_price": 0.0033915, "iv": 76.98, "instrument_name": "BTC-30DEC22-120000-C", "index_price": 28755.94, "direction": "sell", "amount": 0.1}, {"trade_seq": 3194, "trade_id": "217654934", "timestamp": 1654972743905, "tick_direction": 3, "price": 0.0025, "mark_price": 0.00338599, "iv": 76.98, "instrument_name": "BTC-30DEC22-120000-C", "index_price": 28756.89, "direction": "sell", "amount": 0.1}, {"trade_seq": 3193, "trade_id": "217654847", "timestamp": 1654972741387, "tick_direction": 3, "price": 0.0025, "mark_price": 0.00337916, "iv": 77.03, "instrument_name": "BTC-30DEC22-120000-C", "index_price": 28736.57, "direction": "sell", "amount": 0.1}, {"trade_seq": 3192, "trade_id": "217654846", "timestamp": 1654972741376, "tick_direction": 3, "price": 0.0025, "mark_price": 0.00337916, "iv": 77.03, "instrument_name": "BTC-30DEC22-120000-C", "index_price": 28736.57, "direction": "sell", "amount": 0.1}, {"trade_seq": 3191, "trade_id": "217654845", "timestamp": 1654972741349, "tick_direction": 3, "price": 0.0025, "mark_price": 0.00337916, "iv": 77.03, "instrument_name": "BTC-30DEC22-120000-C", "index_price": 28736.57, "direction": "sell", "amount": 0.1}, {"trade_seq": 3190, "trade_id": "217654844", "timestamp": 1654972741337, "tick_direction": 3, "price": 0.0025, "mark_price": 0.00337916, "iv": 77.03, "instrument_name": "BTC-30DEC22-120000-C", "index_price": 28736.57, "direction": "sell", "amount": 0.2}, {"trade_seq": 3189, "trade_id": "217654843", "timestamp": 1654972741326, "tick_direction": 3, "price": 0.0025, "mark_price": 0.00337916, "iv": 77.03, "instrument_name": "BTC-30DEC22-120000-C", "index_price": 28736.57, "direction": "sell", "amount": 0.2}, {"trade_seq": 3188, "trade_id": "217654842", "timestamp": 1654972741316, "tick_direction": 3, "price": 0.0025, "mark_price": 0.00337916, "iv": 77.03, "instrument_name": "BTC-30DEC22-120000-C", "index_price": 28736.57, "direction": "sell", "amount": 0.2}, {"trade_seq": 3187, "trade_id": "217654841", "timestamp": 1654972741299, "tick_direction": 3, "price": 0.0025, "mark_price": 0.00337916, "iv": 77.03, "instrument_name": "BTC-30DEC22-120000-C", "index_price": 28736.57, "direction": "sell", "amount": 0.3}, {"trade_seq": 3186, "trade_id": "217654840", "timestamp": 1654972741282, "tick_direction": 3, "price": 0.0025, "mark_price": 0.00337916, "iv": 77.03, "instrument_name": "BTC-30DEC22-120000-C", "index_price": 28736.57, "direction": "sell", "amount": 0.5}, {"trade_seq": 3185, "trade_id": "217654609", "timestamp": 1654972728922, "tick_direction": 3, "price": 0.0025, "mark_price": 0.00332775, "iv": 77.16, "instrument_name": "BTC-30DEC22-120000-C", "index_price": 28640.39, "direction": "sell", "amount": 0.1}, {"trade_seq": 3184, "trade_id": "217654607", "timestamp": 1654972727438, "tick_direction": 3, "price": 0.0025, "mark_price": 0.00332468, "iv": 77.16, "instrument_name": "BTC-30DEC22-120000-C", "index_price": 28641.91, "direction": "sell", "amount": 0.1}, {"trade_seq": 3183, "trade_id": "217654606", "timestamp": 1654972727426, "tick_direction": 3, "price": 0.0025, "mark_price": 0.00332468, "iv": 77.16, "instrument_name": "BTC-30DEC22-120000-C", "index_price": 28641.91, "direction": "sell", "amount": 0.1}, {"trade_seq": 3182, "trade_id": "217654605", "timestamp": 1654972727413, "tick_direction": 3, "price": 0.0025, "mark_price": 0.00332468, "iv": 77.16, "instrument_name": "BTC-30DEC22-120000-C", "index_price": 28641.91, "direction": "sell", "amount": 0.2}, {"trade_seq": 3181, "trade_id": "217654604", "timestamp": 1654972727400, "tick_direction": 3, "price": 0.0025, "mark_price": 0.00332468, "iv": 77.16, "instrument_name": "BTC-30DEC22-120000-C", "index_price": 28641.91, "direction": "sell", "amount": 0.2}, {"trade_seq": 3180, "trade_id": "217654603", "timestamp": 1654972727378, "tick_direction": 3, "price": 0.0025, "mark_price": 0.00332468, "iv": 77.16, "instrument_name": "BTC-30DEC22-120000-C", "index_price": 28641.91, "direction": "sell", "amount": 0.3}, {"trade_seq": 3179, "trade_id": "217654602", "timestamp": 1654972727358, "tick_direction": 3, "price": 0.0025, "mark_price": 0.00332468, "iv": 77.16, "instrument_name": "BTC-30DEC22-120000-C", "index_price": 28644.79, "direction": "sell", "amount": 0.1}, {"trade_seq": 3178, "trade_id": "217654601", "timestamp": 1654972727354, "tick_direction": 3, "price": 0.0025, "mark_price": 0.00332468, "iv": 77.16, "instrument_name": "BTC-30DEC22-120000-C", "index_price": 28644.79, "direction": "sell", "amount": 0.3}, {"trade_seq": 3177, "trade_id": "217654600", "timestamp": 1654972727333, "tick_direction": 3, "price": 0.0025, "mark_price": 0.00332468, "iv": 77.16, "instrument_name": "BTC-30DEC22-120000-C", "index_price": 28644.79, "direction": "sell", "amount": 0.1}, {"trade_seq": 3176, "trade_id": "217654599", "timestamp": 1654972727310, "tick_direction": 3, "price": 0.0025, "mark_price": 0.00332468, "iv": 77.16, "instrument_name": "BTC-30DEC22-120000-C", "index_price": 28644.79, "direction": "sell", "amount": 0.5}, {"trade_seq": 3175, "trade_id": "217654597", "timestamp": 1654972727279, "tick_direction": 3, "price": 0.0025, "mark_price": 0.00332468, "iv": 77.16, "instrument_name": "BTC-30DEC22-120000-C", "index_price": 28644.79, "direction": "sell", "amount": 0.7}, {"trade_seq": 3174, "trade_id": "217654596", "timestamp": 1654972727267, "tick_direction": 3, "price": 0.0025, "mark_price": 0.00332468, "iv": 77.16, "instrument_name": "BTC-30DEC22-120000-C", "index_price": 28644.79, "direction": "sell", "amount": 0.9}, {"trade_seq": 3173, "trade_id": "217654595", "timestamp": 1654972727255, "tick_direction": 2, "price": 0.0025, "mark_price": 0.00332468, "iv": 77.16, "instrument_name": "BTC-30DEC22-120000-C", "index_price": 28644.79, "direction": "sell", "amount": 1.2}, {"trade_seq": 3172, "trade_id": "217654576", "timestamp": 1654972721050, "tick_direction": 3, "price": 0.003, "mark_price": 0.00331915, "iv": 78.84, "instrument_name": "BTC-30DEC22-120000-C", "index_price": 28643.24, "direction": "sell", "amount": 1.0}, {"trade_seq": 3171, "trade_id": "217654575", "timestamp": 1654972721050, "tick_direction": 2, "price": 0.003, "mark_price": 0.00331915, "iv": 78.84, "instrument_name": "BTC-30DEC22-120000-C", "index_price": 28643.24, "direction": "sell", "amount": 0.2}, {"trade_seq": 3170, "trade_id": "217127857", "timestamp": 1654649917345, "tick_direction": 1, "price": 0.0045, "mark_price": 0.00422351, "iv": 78.61, "instrument_name": "BTC-30DEC22-120000-C", "index_price": 31080.76, "direction": "buy", "amount": 0.1}, {"trade_seq": 3169, "trade_id": "217127856", "timestamp": 1654649917284, "tick_direction": 1, "price": 0.0045, "mark_price": 0.00422351, "iv": 78.61, "instrument_name": "BTC-30DEC22-120000-C", "index_price": 31080.76, "direction": "buy", "amount": 0.1}, {"trade_seq": 3168, "trade_id": "217127852", "timestamp": 1654649916921, "tick_direction": 1, "price": 0.0045, "mark_price": 0.00422363, "iv": 78.62, "instrument_name": "BTC-30DEC22-120000-C", "index_price": 31070.6, "direction": "buy", "amount": 0.1}, {"trade_seq": 3167, "trade_id": "217127850", "timestamp": 1654649916906, "tick_direction": 1, "price": 0.0045, "mark_price": 0.00422363, "iv": 78.62, "instrument_name": "BTC-30DEC22-120000-C", "index_price": 31070.6, "direction": "buy", "amount": 0.1}, {"trade_seq": 3166, "trade_id": "217127846", "timestamp": 1654649916233, "tick_direction": 1, "price": 0.0045, "mark_price": 0.00422363, "iv": 78.62, "instrument_name": "BTC-30DEC22-120000-C", "index_price": 31070.6, "direction": "buy", "amount": 0.1}, {"trade_seq": 3165, "trade_id": "217127825", "timestamp": 1654649907904, "tick_direction": 1, "price": 0.0045, "mark_price": 0.00422404, "iv": 78.62, "instrument_name": "BTC-30DEC22-120000-C", "index_price": 31066.36, "direction": "buy", "amount": 0.1}, {"trade_seq": 3164, "trade_id": "217127824", "timestamp": 1654649907594, "tick_direction": 1, "price": 0.0045, "mark_price": 0.00422404, "iv": 78.62, "instrument_name": "BTC-30DEC22-120000-C", "index_price": 31066.36, "direction": "buy", "amount": 0.1}, {"trade_seq": 3163, "trade_id": "217127822", "timestamp": 1654649904722, "tick_direction": 1, "price": 0.0045, "mark_price": 0.00422155, "iv": 78.62, "instrument_name": "BTC-30DEC22-120000-C", "index_price": 31066.77, "direction": "buy", "amount": 0.1}, {"trade_seq": 3162, "trade_id": "217127818", "timestamp": 1654649900972, "tick_direction": 1, "price": 0.0045, "mark_price": 0.00421597, "iv": 78.64, "instrument_name": "BTC-30DEC22-120000-C", "index_price": 31057.89, "direction": "buy", "amount": 0.1}, {"trade_seq": 3161, "trade_id": "217127817", "timestamp": 1654649900623, "tick_direction": 1, "price": 0.0045, "mark_price": 0.00421597, "iv": 78.64, "instrument_name": "BTC-30DEC22-120000-C", "index_price": 31057.89, "direction": "buy", "amount": 0.1}, {"trade_seq": 3160, "trade_id": "217127816", "timestamp": 1654649900605, "tick_direction": 1, "price": 0.0045, "mark_price": 0.00421597, "iv": 78.64, "instrument_name": "BTC-30DEC22-120000-C", "index_price": 31057.89, "direction": "buy", "amount": 0.1}, {"trade_seq": 3159, "trade_id": "217127814", "timestamp": 1654649899402, "tick_direction": 1, "price": 0.0045, "mark_price": 0.00421765, "iv": 78.64, "instrument_name": "BTC-30DEC22-120000-C", "index_price": 31055.2, "direction": "buy", "amount": 0.1}, {"trade_seq": 3158, "trade_id": "217127808", "timestamp": 1654649895329, "tick_direction": 1, "price": 0.0045, "mark_price": 0.00421324, "iv": 78.65, "instrument_name": "BTC-30DEC22-120000-C", "index_price": 31060.6, "direction": "buy", "amount": 0.1}, {"trade_seq": 3157, "trade_id": "217127806", "timestamp": 1654649894417, "tick_direction": 1, "price": 0.0045, "mark_price": 0.00421321, "iv": 78.65, "instrument_name": "BTC-30DEC22-120000-C", "index_price": 31052.78, "direction": "buy", "amount": 0.1}, {"trade_seq": 3156, "trade_id": "217127805", "timestamp": 1654649894385, "tick_direction": 1, "price": 0.0045, "mark_price": 0.00421321, "iv": 78.65, "instrument_name": "BTC-30DEC22-120000-C", "index_price": 31052.78, "direction": "buy", "amount": 0.1}, {"trade_seq": 3155, "trade_id": "217127803", "timestamp": 1654649894193, "tick_direction": 1, "price": 0.0045, "mark_price": 0.00421321, "iv": 78.66, "instrument_name": "BTC-30DEC22-120000-C", "index_price": 31052.78, "direction": "buy", "amount": 0.1}, {"trade_seq": 3154, "trade_id": "217127802", "timestamp": 1654649893949, "tick_direction": 1, "price": 0.0045, "mark_price": 0.00420951, "iv": 78.66, "instrument_name": "BTC-30DEC22-120000-C", "index_price": 31047.42, "direction": "buy", "amount": 0.1}, {"trade_seq": 3153, "trade_id": "217127800", "timestamp": 1654649893415, "tick_direction": 1, "price": 0.0045, "mark_price": 0.00420951, "iv": 78.66, "instrument_name": "BTC-30DEC22-120000-C", "index_price": 31047.42, "direction": "buy", "amount": 0.1}, {"trade_seq": 3152, "trade_id": "217127797", "timestamp": 1654649889947, "tick_direction": 1, "price": 0.0045, "mark_price": 0.00420939, "iv": 78.66, "instrument_name": "BTC-30DEC22-120000-C", "index_price": 31047.71, "direction": "buy", "amount": 0.1}, {"trade_seq": 3151, "trade_id": "217127776", "timestamp": 1654649889253, "tick_direction": 1, "price": 0.0045, "mark_price": 0.00420939, "iv": 78.66, "instrument_name": "BTC-30DEC22-120000-C", "index_price": 31047.71, "direction": "buy", "amount": 0.1}, {"trade_seq": 3150, "trade_id": "217127774", "timestamp": 1654649887693, "tick_direction": 1, "price": 0.0045, "mark_price": 0.00420939, "iv": 78.66, "instrument_name": "BTC-30DEC22-120000-C", "index_price": 31049.15, "direction": "buy", "amount": 0.1}, {"trade_seq": 3149, "trade_id": "217127773", "timestamp": 1654649887304, "tick_direction": 1, "price": 0.0045, "mark_price": 0.00420939, "iv": 78.66, "instrument_name": "BTC-30DEC22-120000-C", "index_price": 31049.15, "direction": "buy", "amount": 0.1}, {"trade_seq": 3148, "trade_id": "217127745", "timestamp": 1654649884166, "tick_direction": 1, "price": 0.0045, "mark_price": 0.0042136, "iv": 78.65, "instrument_name": "BTC-30DEC22-120000-C", "index_price": 31055.84, "direction": "buy", "amount": 0.1}, {"trade_seq": 3147, "trade_id": "217127704", "timestamp": 1654649881194, "tick_direction": 1, "price": 0.0045, "mark_price": 0.00421698, "iv": 78.64, "instrument_name": "BTC-30DEC22-120000-C", "index_price": 31062.23, "direction": "buy", "amount": 0.1}, {"trade_seq": 3146, "trade_id": "217127696", "timestamp": 1654649869482, "tick_direction": 1, "price": 0.0045, "mark_price": 0.0042205, "iv": 78.63, "instrument_name": "BTC-30DEC22-120000-C", "index_price": 31072.46, "direction": "buy", "amount": 0.1}, {"trade_seq": 3145, "trade_id": "217127693", "timestamp": 1654649867390, "tick_direction": 1, "price": 0.0045, "mark_price": 0.0042283, "iv": 78.62, "instrument_name": "BTC-30DEC22-120000-C", "index_price": 31078.54, "direction": "buy", "amount": 0.1}, {"trade_seq": 3144, "trade_id": "217127692", "timestamp": 1654649867380, "tick_direction": 1, "price": 0.0045, "mark_price": 0.0042283, "iv": 78.62, "instrument_name": "BTC-30DEC22-120000-C", "index_price": 31078.54, "direction": "buy", "amount": 0.1}, {"trade_seq": 3143, "trade_id": "217127687", "timestamp": 1654649865661, "tick_direction": 1, "price": 0.0045, "mark_price": 0.0042284, "iv": 78.61, "instrument_name": "BTC-30DEC22-120000-C", "index_price": 31083.13, "direction": "buy", "amount": 0.1}, {"trade_seq": 3142, "trade_id": "217127686", "timestamp": 1654649863955, "tick_direction": 1, "price": 0.0045, "mark_price": 0.00422927, "iv": 78.61, "instrument_name": "BTC-30DEC22-120000-C", "index_price": 31082.58, "direction": "buy", "amount": 0.1}, {"trade_seq": 3141, "trade_id": "217127685", "timestamp": 1654649862451, "tick_direction": 1, "price": 0.0045, "mark_price": 0.00422841, "iv": 78.61, "instrument_name": "BTC-30DEC22-120000-C", "index_price": 31080.49, "direction": "buy", "amount": 0.1}, {"trade_seq": 3140, "trade_id": "217127684", "timestamp": 1654649862418, "tick_direction": 1, "price": 0.0045, "mark_price": 0.00422841, "iv": 78.61, "instrument_name": "BTC-30DEC22-120000-C", "index_price": 31080.49, "direction": "buy", "amount": 0.1}, {"trade_seq": 3139, "trade_id": "217127679", "timestamp": 1654649861532, "tick_direction": 1, "price": 0.0045, "mark_price": 0.00422389, "iv": 78.62, "instrument_name": "BTC-30DEC22-120000-C", "index_price": 31073.34, "direction": "buy", "amount": 0.1}, {"trade_seq": 3138, "trade_id": "217127665", "timestamp": 1654649858946, "tick_direction": 1, "price": 0.0045, "mark_price": 0.00422121, "iv": 78.62, "instrument_name": "BTC-30DEC22-120000-C", "index_price": 31069.77, "direction": "buy", "amount": 0.1}, {"trade_seq": 3137, "trade_id": "217127664", "timestamp": 1654649858875, "tick_direction": 1, "price": 0.0045, "mark_price": 0.00422121, "iv": 78.62, "instrument_name": "BTC-30DEC22-120000-C", "index_price": 31069.77, "direction": "buy", "amount": 0.1}, {"trade_seq": 3136, "trade_id": "217127548", "timestamp": 1654649651072, "tick_direction": 1, "price": 0.0045, "mark_price": 0.00428634, "iv": 78.51, "instrument_name": "BTC-30DEC22-120000-C", "index_price": 31160.65, "direction": "buy", "amount": 0.1}, {"trade_seq": 3135, "trade_id": "217127547", "timestamp": 1654649651057, "tick_direction": 1, "price": 0.0045, "mark_price": 0.00428634, "iv": 78.51, "instrument_name": "BTC-30DEC22-120000-C", "index_price": 31160.65, "direction": "buy", "amount": 0.1}, {"trade_seq": 3134, "trade_id": "217127544", "timestamp": 1654649647398, "tick_direction": 1, "price": 0.0045, "mark_price": 0.00428564, "iv": 78.51, "instrument_name": "BTC-30DEC22-120000-C", "index_price": 31156.96, "direction": "buy", "amount": 0.1}, {"trade_seq": 3133, "trade_id": "217127542", "timestamp": 1654649646384, "tick_direction": 1, "price": 0.0045, "mark_price": 0.00428247, "iv": 78.52, "instrument_name": "BTC-30DEC22-120000-C", "index_price": 31151.76, "direction": "buy", "amount": 0.1}, {"trade_seq": 3132, "trade_id": "217127541", "timestamp": 1654649646367, "tick_direction": 1, "price": 0.0045, "mark_price": 0.00428247, "iv": 78.52, "instrument_name": "BTC-30DEC22-120000-C", "index_price": 31151.76, "direction": "buy", "amount": 0.1}, {"trade_seq": 3131, "trade_id": "217127539", "timestamp": 1654649638529, "tick_direction": 1, "price": 0.0045, "mark_price": 0.00428402, "iv": 78.52, "instrument_name": "BTC-30DEC22-120000-C", "index_price": 31147.71, "direction": "buy", "amount": 0.1}, {"trade_seq": 3130, "trade_id": "217127538", "timestamp": 1654649635100, "tick_direction": 1, "price": 0.0045, "mark_price": 0.00428623, "iv": 78.52, "instrument_name": "BTC-30DEC22-120000-C", "index_price": 31147.29, "direction": "buy", "amount": 0.1}, {"trade_seq": 3129, "trade_id": "217127537", "timestamp": 1654649629950, "tick_direction": 1, "price": 0.0045, "mark_price": 0.00428574, "iv": 78.52, "instrument_name": "BTC-30DEC22-120000-C", "index_price": 31141.18, "direction": "buy", "amount": 0.1}, {"trade_seq": 3128, "trade_id": "217127534", "timestamp": 1654649629622, "tick_direction": 1, "price": 0.0045, "mark_price": 0.00428574, "iv": 78.52, "instrument_name": "BTC-30DEC22-120000-C", "index_price": 31141.18, "direction": "buy", "amount": 0.1}, {"trade_seq": 3127, "trade_id": "217127532", "timestamp": 1654649629190, "tick_direction": 1, "price": 0.0045, "mark_price": 0.00428585, "iv": 78.52, "instrument_name": "BTC-30DEC22-120000-C", "index_price": 31141.18, "direction": "buy", "amount": 0.1}, {"trade_seq": 3126, "trade_id": "217127531", "timestamp": 1654649620326, "tick_direction": 1, "price": 0.0045, "mark_price": 0.00428545, "iv": 78.52, "instrument_name": "BTC-30DEC22-120000-C", "index_price": 31140.56, "direction": "buy", "amount": 0.1}, {"trade_seq": 3125, "trade_id": "217127528", "timestamp": 1654649611424, "tick_direction": 1, "price": 0.0045, "mark_price": 0.00428527, "iv": 78.53, "instrument_name": "BTC-30DEC22-120000-C", "index_price": 31139.19, "direction": "buy", "amount": 0.1}, {"trade_seq": 3124, "trade_id": "217127524", "timestamp": 1654649600229, "tick_direction": 1, "price": 0.0045, "mark_price": 0.00428467, "iv": 78.53, "instrument_name": "BTC-30DEC22-120000-C", "index_price": 31139.25, "direction": "buy", "amount": 0.1}, {"trade_seq": 3123, "trade_id": "217127523", "timestamp": 1654649600202, "tick_direction": 1, "price": 0.0045, "mark_price": 0.00428505, "iv": 78.53, "instrument_name": "BTC-30DEC22-120000-C", "index_price": 31139.25, "direction": "buy", "amount": 0.1}, {"trade_seq": 3122, "trade_id": "217127511", "timestamp": 1654649598071, "tick_direction": 1, "price": 0.0045, "mark_price": 0.00428469, "iv": 78.53, "instrument_name": "BTC-30DEC22-120000-C", "index_price": 31140.15, "direction": "buy", "amount": 0.1}, {"trade_seq": 3121, "trade_id": "217127505", "timestamp": 1654649570949, "tick_direction": 1, "price": 0.0045, "mark_price": 0.00428402, "iv": 78.54, "instrument_name": "BTC-30DEC22-120000-C", "index_price": 31151.73, "direction": "buy", "amount": 0.1}, {"trade_seq": 3120, "trade_id": "217127504", "timestamp": 1654649570387, "tick_direction": 1, "price": 0.0045, "mark_price": 0.00428402, "iv": 78.54, "instrument_name": "BTC-30DEC22-120000-C", "index_price": 31151.41, "direction": "buy", "amount": 0.1}, {"trade_seq": 3119, "trade_id": "217127502", "timestamp": 1654649559324, "tick_direction": 1, "price": 0.0045, "mark_price": 0.0042868, "iv": 78.54, "instrument_name": "BTC-30DEC22-120000-C", "index_price": 31157.65, "direction": "buy", "amount": 0.1}, {"trade_seq": 3118, "trade_id": "217127498", "timestamp": 1654649552770, "tick_direction": 1, "price": 0.0045, "mark_price": 0.00428503, "iv": 78.54, "instrument_name": "BTC-30DEC22-120000-C", "index_price": 31156.25, "direction": "buy", "amount": 0.1}, {"trade_seq": 3117, "trade_id": "217127497", "timestamp": 1654649552346, "tick_direction": 1, "price": 0.0045, "mark_price": 0.00428503, "iv": 78.54, "instrument_name": "BTC-30DEC22-120000-C", "index_price": 31154.54, "direction": "buy", "amount": 0.1}, {"trade_seq": 3116, "trade_id": "217127496", "timestamp": 1654649552281, "tick_direction": 1, "price": 0.0045, "mark_price": 0.00428503, "iv": 78.54, "instrument_name": "BTC-30DEC22-120000-C", "index_price": 31154.54, "direction": "buy", "amount": 0.1}, {"trade_seq": 3115, "trade_id": "217127495", "timestamp": 1654649552210, "tick_direction": 1, "price": 0.0045, "mark_price": 0.00428503, "iv": 78.54, "instrument_name": "BTC-30DEC22-120000-C", "index_price": 31154.54, "direction": "buy", "amount": 0.1}, {"trade_seq": 3114, "trade_id": "217127491", "timestamp": 1654649534220, "tick_direction": 1, "price": 0.0045, "mark_price": 0.00428815, "iv": 78.54, "instrument_name": "BTC-30DEC22-120000-C", "index_price": 31149.37, "direction": "buy", "amount": 0.1}, {"trade_seq": 3113, "trade_id": "217127490", "timestamp": 1654649534203, "tick_direction": 1, "price": 0.0045, "mark_price": 0.00428815, "iv": 78.54, "instrument_name": "BTC-30DEC22-120000-C", "index_price": 31149.37, "direction": "buy", "amount": 0.1}, {"trade_seq": 3112, "trade_id": "217127486", "timestamp": 1654649530293, "tick_direction": 1, "price": 0.0045, "mark_price": 0.00428501, "iv": 78.55, "instrument_name": "BTC-30DEC22-120000-C", "index_price": 31139.56, "direction": "buy", "amount": 0.1}, {"trade_seq": 3111, "trade_id": "217127485", "timestamp": 1654649530182, "tick_direction": 1, "price": 0.0045, "mark_price": 0.00428501, "iv": 78.55, "instrument_name": "BTC-30DEC22-120000-C", "index_price": 31139.56, "direction": "buy", "amount": 0.1}, {"trade_seq": 3110, "trade_id": "217127484", "timestamp": 1654649530165, "tick_direction": 1, "price": 0.0045, "mark_price": 0.00428501, "iv": 78.55, "instrument_name": "BTC-30DEC22-120000-C", "index_price": 31139.56, "direction": "buy", "amount": 0.1}, {"trade_seq": 3109, "trade_id": "217127479", "timestamp": 1654649527386, "tick_direction": 1, "price": 0.0045, "mark_price": 0.00428659, "iv": 78.55, "instrument_name": "BTC-30DEC22-120000-C", "index_price": 31139.33, "direction": "buy", "amount": 0.1}, {"trade_seq": 3108, "trade_id": "217107795", "timestamp": 1654642499177, "tick_direction": 1, "price": 0.0045, "mark_price": 0.00414475, "iv": 78.18, "instrument_name": "BTC-30DEC22-120000-C", "index_price": 31407.04, "direction": "buy", "amount": 0.3}, {"trade_seq": 3107, "trade_id": "217107794", "timestamp": 1654642499162, "tick_direction": 1, "price": 0.0045, "mark_price": 0.00414475, "iv": 78.18, "instrument_name": "BTC-30DEC22-120000-C", "index_price": 31407.04, "direction": "buy", "amount": 0.7}, {"trade_seq": 3106, "trade_id": "217107788", "timestamp": 1654642499048, "tick_direction": 0, "price": 0.0045, "mark_price": 0.00414475, "iv": 78.18, "instrument_name": "BTC-30DEC22-120000-C", "index_price": 31407.04, "direction": "buy", "amount": 0.6}, {"trade_seq": 3105, "trade_id": "217019074", "timestamp": 1654589589223, "tick_direction": 3, "price": 0.004, "mark_price": 0.00398724, "iv": 79.49, "instrument_name": "BTC-30DEC22-120000-C", "index_price": 29591.82, "direction": "sell", "amount": 0.9}, {"trade_seq": 3104, "trade_id": "217019073", "timestamp": 1654589587002, "tick_direction": 3, "price": 0.004, "mark_price": 0.00398767, "iv": 79.49, "instrument_name": "BTC-30DEC22-120000-C", "index_price": 29592.21, "direction": "sell", "amount": 1.0}, {"trade_seq": 3103, "trade_id": "217019065", "timestamp": 1654589572192, "tick_direction": 3, "price": 0.004, "mark_price": 0.00398977, "iv": 79.49, "instrument_name": "BTC-30DEC22-120000-C", "index_price": 29590.88, "direction": "sell", "amount": 1.0}, {"trade_seq": 3102, "trade_id": "217019058", "timestamp": 1654589567506, "tick_direction": 2, "price": 0.004, "mark_price": 0.00399095, "iv": 79.49, "instrument_name": "BTC-30DEC22-120000-C", "index_price": 29591.62, "direction": "sell", "amount": 5.0}, {"trade_seq": 3101, "trade_id": "217016340", "timestamp": 1654587463969, "tick_direction": 1, "price": 0.0045, "mark_price": 0.00381438, "iv": 80.81, "instrument_name": "BTC-30DEC22-120000-C", "index_price": 29512.06, "direction": "buy", "amount": 0.4}, {"trade_seq": 3100, "trade_id": "217016339", "timestamp": 1654587463969, "tick_direction": 1, "price": 0.0045, "mark_price": 0.00381438, "iv": 80.81, "instrument_name": "BTC-30DEC22-120000-C", "index_price": 29512.06, "direction": "buy", "amount": 1.1}, {"trade_seq": 3099, "trade_id": "216856805", "timestamp": 1654490622798, "tick_direction": 1, "price": 0.0045, "mark_price": 0.00437599, "iv": 78.0, "instrument_name": "BTC-30DEC22-120000-C", "index_price": 31185.12, "direction": "buy", "amount": 0.1}, {"trade_seq": 3098, "trade_id": "216856803", "timestamp": 1654490617292, "tick_direction": 1, "price": 0.0045, "mark_price": 0.004378, "iv": 78.0, "instrument_name": "BTC-30DEC22-120000-C", "index_price": 31185.1, "direction": "buy", "amount": 0.1}, {"trade_seq": 3097, "trade_id": "216856802", "timestamp": 1654490615676, "tick_direction": 0, "price": 0.0045, "mark_price": 0.00437867, "iv": 78.0, "instrument_name": "BTC-30DEC22-120000-C", "index_price": 31184.43, "direction": "buy", "amount": 0.1}, {"trade_seq": 3096, "trade_id": "216848759", "timestamp": 1654485923029, "tick_direction": 2, "price": 0.004, "mark_price": 0.00406782, "iv": 77.01, "instrument_name": "BTC-30DEC22-120000-C", "index_price": 31062.58, "direction": "sell", "amount": 2.0}, {"trade_seq": 3095, "trade_id": "216806395", "timestamp": 1654445107873, "tick_direction": 1, "price": 0.0055, "mark_price": 0.00417445, "iv": 81.78, "instrument_name": "BTC-30DEC22-120000-C", "index_price": 30117.99, "direction": "buy", "amount": 0.1}, {"trade_seq": 3094, "trade_id": "216806394", "timestamp": 1654445107855, "tick_direction": 1, "price": 0.0055, "mark_price": 0.00417445, "iv": 81.78, "instrument_name": "BTC-30DEC22-120000-C", "index_price": 30117.99, "direction": "buy", "amount": 0.1}, {"trade_seq": 3093, "trade_id": "216806392", "timestamp": 1654445107820, "tick_direction": 1, "price": 0.0055, "mark_price": 0.00417445, "iv": 81.78, "instrument_name": "BTC-30DEC22-120000-C", "index_price": 30117.99, "direction": "buy", "amount": 0.1}, {"trade_seq": 3092, "trade_id": "216806388", "timestamp": 1654445107780, "tick_direction": 1, "price": 0.0055, "mark_price": 0.00417445, "iv": 81.78, "instrument_name": "BTC-30DEC22-120000-C", "index_price": 30117.99, "direction": "buy", "amount": 0.1}, {"trade_seq": 3091, "trade_id": "216806385", "timestamp": 1654445107709, "tick_direction": 1, "price": 0.0055, "mark_price": 0.00417445, "iv": 81.78, "instrument_name": "BTC-30DEC22-120000-C", "index_price": 30117.99, "direction": "buy", "amount": 0.3}, {"trade_seq": 3090, "trade_id": "216806381", "timestamp": 1654445107683, "tick_direction": 1, "price": 0.0055, "mark_price": 0.00417445, "iv": 81.78, "instrument_name": "BTC-30DEC22-120000-C", "index_price": 30117.99, "direction": "buy", "amount": 0.2}, {"trade_seq": 3089, "trade_id": "216806380", "timestamp": 1654445107683, "tick_direction": 1, "price": 0.0055, "mark_price": 0.00417445, "iv": 81.78, "instrument_name": "BTC-30DEC22-120000-C", "index_price": 30117.99, "direction": "buy", "amount": 0.2}, {"trade_seq": 3088, "trade_id": "216806375", "timestamp": 1654445107628, "tick_direction": 1, "price": 0.0055, "mark_price": 0.00417445, "iv": 81.78, "instrument_name": "BTC-30DEC22-120000-C", "index_price": 30117.99, "direction": "buy", "amount": 0.4}, {"trade_seq": 3087, "trade_id": "216806374", "timestamp": 1654445107605, "tick_direction": 0, "price": 0.0055, "mark_price": 0.00417445, "iv": 81.78, "instrument_name": "BTC-30DEC22-120000-C", "index_price": 30117.99, "direction": "buy", "amount": 0.4}, {"trade_seq": 3086, "trade_id": "216796007", "timestamp": 1654427837104, "tick_direction": 1, "price": 0.005, "mark_price": 0.00423007, "iv": 81.49, "instrument_name": "BTC-30DEC22-120000-C", "index_price": 29578.41, "direction": "buy", "amount": 0.9}, {"trade_seq": 3085, "trade_id": "216796003", "timestamp": 1654427836780, "tick_direction": 1, "price": 0.005, "mark_price": 0.00421562, "iv": 81.49, "instrument_name": "BTC-30DEC22-120000-C", "index_price": 29578.41, "direction": "buy", "amount": 1.1}, {"trade_seq": 3084, "trade_id": "216796002", "timestamp": 1654427836780, "tick_direction": 1, "price": 0.005, "mark_price": 0.00421562, "iv": 81.49, "instrument_name": "BTC-30DEC22-120000-C", "index_price": 29578.41, "direction": "buy", "amount": 0.2}, {"trade_seq": 3083, "trade_id": "216796001", "timestamp": 1654427836780, "tick_direction": 1, "price": 0.005, "mark_price": 0.00421562, "iv": 81.49, "instrument_name": "BTC-30DEC22-120000-C", "index_price": 29578.41, "direction": "buy", "amount": 0.4}, {"trade_seq": 3082, "trade_id": "216796000", "timestamp": 1654427836780, "tick_direction": 1, "price": 0.005, "mark_price": 0.00421562, "iv": 81.49, "instrument_name": "BTC-30DEC22-120000-C", "index_price": 29578.41, "direction": "buy", "amount": 1.0}, {"trade_seq": 3081, "trade_id": "216795999", "timestamp": 1654427836780, "tick_direction": 0, "price": 0.005, "mark_price": 0.00421562, "iv": 81.49, "instrument_name": "BTC-30DEC22-120000-C", "index_price": 29578.41, "direction": "buy", "amount": 1.0}, {"trade_seq": 3080, "trade_id": "216789133", "timestamp": 1654414265262, "tick_direction": 3, "price": 0.0025, "mark_price": 0.0036683, "iv": 74.35, "instrument_name": "BTC-30DEC22-120000-C", "index_price": 29781.04, "direction": "sell", "amount": 0.1}, {"trade_seq": 3079, "trade_id": "216789132", "timestamp": 1654414265255, "tick_direction": 3, "price": 0.0025, "mark_price": 0.0036683, "iv": 74.35, "instrument_name": "BTC-30DEC22-120000-C", "index_price": 29781.04, "direction": "sell", "amount": 0.1}, {"trade_seq": 3078, "trade_id": "216789131", "timestamp": 1654414265242, "tick_direction": 3, "price": 0.0025, "mark_price": 0.0036683, "iv": 74.35, "instrument_name": "BTC-30DEC22-120000-C", "index_price": 29781.04, "direction": "sell", "amount": 0.1}, {"trade_seq": 3077, "trade_id": "216789130", "timestamp": 1654414265235, "tick_direction": 3, "price": 0.0025, "mark_price": 0.0036683, "iv": 74.35, "instrument_name": "BTC-30DEC22-120000-C", "index_price": 29781.04, "direction": "sell", "amount": 0.2}, {"trade_seq": 3076, "trade_id": "216789129", "timestamp": 1654414265222, "tick_direction": 3, "price": 0.0025, "mark_price": 0.0036683, "iv": 74.35, "instrument_name": "BTC-30DEC22-120000-C", "index_price": 29781.04, "direction": "sell", "amount": 0.3}, {"trade_seq": 3075, "trade_id": "216789128", "timestamp": 1654414265211, "tick_direction": 3, "price": 0.0025, "mark_price": 0.0036683, "iv": 74.35, "instrument_name": "BTC-30DEC22-120000-C", "index_price": 29781.04, "direction": "sell", "amount": 0.4}, {"trade_seq": 3074, "trade_id": "216789127", "timestamp": 1654414265200, "tick_direction": 3, "price": 0.0025, "mark_price": 0.0036683, "iv": 74.35, "instrument_name": "BTC-30DEC22-120000-C", "index_price": 29781.04, "direction": "sell", "amount": 0.5}, {"trade_seq": 3073, "trade_id": "216789126", "timestamp": 1654414265187, "tick_direction": 3, "price": 0.0025, "mark_price": 0.0036683, "iv": 74.35, "instrument_name": "BTC-30DEC22-120000-C", "index_price": 29781.04, "direction": "sell", "amount": 0.7}, {"trade_seq": 3072, "trade_id": "216789125", "timestamp": 1654414265179, "tick_direction": 3, "price": 0.0025, "mark_price": 0.0036683, "iv": 74.35, "instrument_name": "BTC-30DEC22-120000-C", "index_price": 29781.04, "direction": "sell", "amount": 1.0}, {"trade_seq": 3071, "trade_id": "216789124", "timestamp": 1654414265159, "tick_direction": 3, "price": 0.0025, "mark_price": 0.00368896, "iv": 74.35, "instrument_name": "BTC-30DEC22-120000-C", "index_price": 29781.49, "direction": "sell", "amount": 1.3}, {"trade_seq": 3070, "trade_id": "216789123", "timestamp": 1654414265148, "tick_direction": 3, "price": 0.0025, "mark_price": 0.00368896, "iv": 74.35, "instrument_name": "BTC-30DEC22-120000-C", "index_price": 29781.49, "direction": "sell", "amount": 1.8}, {"trade_seq": 3069, "trade_id": "216789122", "timestamp": 1654414265136, "tick_direction": 3, "price": 0.0025, "mark_price": 0.00368896, "iv": 74.35, "instrument_name": "BTC-30DEC22-120000-C", "index_price": 29781.49, "direction": "sell", "amount": 2.5}, {"trade_seq": 3068, "trade_id": "216789121", "timestamp": 1654414265121, "tick_direction": 3, "price": 0.0025, "mark_price": 0.00368896, "iv": 74.35, "instrument_name": "BTC-30DEC22-120000-C", "index_price": 29781.49, "direction": "sell", "amount": 3.4}, {"trade_seq": 3067, "trade_id": "216788265", "timestamp": 1654411344823, "tick_direction": 3, "price": 0.0025, "mark_price": 0.00285792, "iv": 74.34, "instrument_name": "BTC-30DEC22-120000-C", "index_price": 29753.22, "direction": "sell", "amount": 0.1}, {"trade_seq": 3066, "trade_id": "216788264", "timestamp": 1654411326626, "tick_direction": 3, "price": 0.0025, "mark_price": 0.00285727, "iv": 74.34, "instrument_name": "BTC-30DEC22-120000-C", "index_price": 29752.34, "direction": "sell", "amount": 0.1}, {"trade_seq": 3065, "trade_id": "216788263", "timestamp": 1654411324609, "tick_direction": 3, "price": 0.0025, "mark_price": 0.00285717, "iv": 74.34, "instrument_name": "BTC-30DEC22-120000-C", "index_price": 29752.31, "direction": "sell", "amount": 0.1}, {"trade_seq": 3064, "trade_id": "216788262", "timestamp": 1654411322579, "tick_direction": 3, "price": 0.0025, "mark_price": 0.00285707, "iv": 74.34, "instrument_name": "BTC-30DEC22-120000-C", "index_price": 29752.28, "direction": "sell", "amount": 0.1}, {"trade_seq": 3063, "trade_id": "216788261", "timestamp": 1654411318537, "tick_direction": 3, "price": 0.0025, "mark_price": 0.00285693, "iv": 74.35, "instrument_name": "BTC-30DEC22-120000-C", "index_price": 29752.27, "direction": "sell", "amount": 0.1}, {"trade_seq": 3062, "trade_id": "216788260", "timestamp": 1654411316530, "tick_direction": 3, "price": 0.0025, "mark_price": 0.00285696, "iv": 74.35, "instrument_name": "BTC-30DEC22-120000-C", "index_price": 29752.27, "direction": "sell", "amount": 0.1}, {"trade_seq": 3061, "trade_id": "216788259", "timestamp": 1654411316517, "tick_direction": 3, "price": 0.0025, "mark_price": 0.00285696, "iv": 74.35, "instrument_name": "BTC-30DEC22-120000-C", "index_price": 29752.27, "direction": "sell", "amount": 0.1}, {"trade_seq": 3060, "trade_id": "216788258", "timestamp": 1654411310476, "tick_direction": 3, "price": 0.0025, "mark_price": 0.00285801, "iv": 74.34, "instrument_name": "BTC-30DEC22-120000-C", "index_price": 29752.25, "direction": "sell", "amount": 0.1}, {"trade_seq": 3059, "trade_id": "216788257", "timestamp": 1654411310455, "tick_direction": 3, "price": 0.0025, "mark_price": 0.00285801, "iv": 74.34, "instrument_name": "BTC-30DEC22-120000-C", "index_price": 29752.25, "direction": "sell", "amount": 0.1}, {"trade_seq": 3058, "trade_id": "216788256", "timestamp": 1654411304394, "tick_direction": 3, "price": 0.0025, "mark_price": 0.00285803, "iv": 74.34, "instrument_name": "BTC-30DEC22-120000-C", "index_price": 29752.1, "direction": "sell", "amount": 0.1}, {"trade_seq": 3057, "trade_id": "216788255", "timestamp": 1654411302369, "tick_direction": 3, "price": 0.0025, "mark_price": 0.00285802, "iv": 74.34, "instrument_name": "BTC-30DEC22-120000-C", "index_price": 29752.04, "direction": "sell", "amount": 0.1}, {"trade_seq": 3056, "trade_id": "216788254", "timestamp": 1654411298341, "tick_direction": 3, "price": 0.0025, "mark_price": 0.00285792, "iv": 74.34, "instrument_name": "BTC-30DEC22-120000-C", "index_price": 29751.95, "direction": "sell", "amount": 0.1}, {"trade_seq": 3055, "trade_id": "216788253", "timestamp": 1654411296301, "tick_direction": 3, "price": 0.0025, "mark_price": 0.0028578, "iv": 74.34, "instrument_name": "BTC-30DEC22-120000-C", "index_price": 29751.97, "direction": "sell", "amount": 0.1}, {"trade_seq": 3054, "trade_id": "216788252", "timestamp": 1654411292263, "tick_direction": 3, "price": 0.0025, "mark_price": 0.00285769, "iv": 74.34, "instrument_name": "BTC-30DEC22-120000-C", "index_price": 29751.92, "direction": "sell", "amount": 0.1}, {"trade_seq": 3053, "trade_id": "216788251", "timestamp": 1654411284184, "tick_direction": 3, "price": 0.0025, "mark_price": 0.00285788, "iv": 74.34, "instrument_name": "BTC-30DEC22-120000-C", "index_price": 29752.92, "direction": "sell", "amount": 0.1}, {"trade_seq": 3052, "trade_id": "216788250", "timestamp": 1654411278129, "tick_direction": 3, "price": 0.0025, "mark_price": 0.0028588, "iv": 74.34, "instrument_name": "BTC-30DEC22-120000-C", "index_price": 29755.28, "direction": "sell", "amount": 0.1}, {"trade_seq": 3051, "trade_id": "216788243", "timestamp": 1654411268029, "tick_direction": 3, "price": 0.0025, "mark_price": 0.00285934, "iv": 74.34, "instrument_name": "BTC-30DEC22-120000-C", "index_price": 29755.88, "direction": "sell", "amount": 0.1}, {"trade_seq": 3050, "trade_id": "216788242", "timestamp": 1654411263988, "tick_direction": 3, "price": 0.0025, "mark_price": 0.00285941, "iv": 74.34, "instrument_name": "BTC-30DEC22-120000-C", "index_price": 29755.75, "direction": "sell", "amount": 0.1}, {"trade_seq": 3049, "trade_id": "216788241", "timestamp": 1654411260467, "tick_direction": 3, "price": 0.0025, "mark_price": 0.00285959, "iv": 74.34, "instrument_name": "BTC-30DEC22-120000-C", "index_price": 29755.92, "direction": "sell", "amount": 0.1}, {"trade_seq": 3048, "trade_id": "216788239", "timestamp": 1654411255904, "tick_direction": 3, "price": 0.0025, "mark_price": 0.00285928, "iv": 74.34, "instrument_name": "BTC-30DEC22-120000-C", "index_price": 29754.56, "direction": "sell", "amount": 0.1}, {"trade_seq": 3047, "trade_id": "216788238", "timestamp": 1654411251857, "tick_direction": 3, "price": 0.0025, "mark_price": 0.00285936, "iv": 74.34, "instrument_name": "BTC-30DEC22-120000-C", "index_price": 29754.5, "direction": "sell", "amount": 0.1}, {"trade_seq": 3046, "trade_id": "216788237", "timestamp": 1654411249836, "tick_direction": 3, "price": 0.0025, "mark_price": 0.00285935, "iv": 74.34, "instrument_name": "BTC-30DEC22-120000-C", "index_price": 29754.36, "direction": "sell", "amount": 0.1}, {"trade_seq": 3045, "trade_id": "216788236", "timestamp": 1654411243775, "tick_direction": 3, "price": 0.0025, "mark_price": 0.00285939, "iv": 74.34, "instrument_name": "BTC-30DEC22-120000-C", "index_price": 29754.16, "direction": "sell", "amount": 0.1}, {"trade_seq": 3044, "trade_id": "216788235", "timestamp": 1654411241746, "tick_direction": 3, "price": 0.0025, "mark_price": 0.00285939, "iv": 74.34, "instrument_name": "BTC-30DEC22-120000-C", "index_price": 29754.2, "direction": "sell", "amount": 0.1}, {"trade_seq": 3043, "trade_id": "216788234", "timestamp": 1654411241399, "tick_direction": 3, "price": 0.0025, "mark_price": 0.00285939, "iv": 74.34, "instrument_name": "BTC-30DEC22-120000-C", "index_price": 29754.2, "direction": "sell", "amount": 0.1}, {"trade_seq": 3042, "trade_id": "216788233", "timestamp": 1654411235701, "tick_direction": 3, "price": 0.0025, "mark_price": 0.00285961, "iv": 74.34, "instrument_name": "BTC-30DEC22-120000-C", "index_price": 29754.16, "direction": "sell", "amount": 0.1}, {"trade_seq": 3041, "trade_id": "216788232", "timestamp": 1654411229613, "tick_direction": 3, "price": 0.0025, "mark_price": 0.00285984, "iv": 74.34, "instrument_name": "BTC-30DEC22-120000-C", "index_price": 29754.02, "direction": "sell", "amount": 0.1}, {"trade_seq": 3040, "trade_id": "216788231", "timestamp": 1654411225570, "tick_direction": 3, "price": 0.0025, "mark_price": 0.00285992, "iv": 74.34, "instrument_name": "BTC-30DEC22-120000-C", "index_price": 29753.91, "direction": "sell", "amount": 0.1}, {"trade_seq": 3039, "trade_id": "216788230", "timestamp": 1654411219076, "tick_direction": 3, "price": 0.0025, "mark_price": 0.00286004, "iv": 74.34, "instrument_name": "BTC-30DEC22-120000-C", "index_price": 29753.76, "direction": "sell", "amount": 0.1}