{"trades": [{"trade_seq": 284, "trade_id": "197070289", "timestamp": 1640828916297, "tick_direction": 2, "price": 0.185, "mark_price": 0.1850932, "iv": 134.14, "instrument_name": "BTC-31DEC21-38000-C", "index_price": 46608.12, "direction": "buy", "amount": 0.5}, {"trade_seq": 283, "trade_id": "196856515", "timestamp": 1640718419889, "tick_direction": 2, "price": 0.2, "mark_price": 0.20071517, "iv": 98.39, "instrument_name": "BTC-31DEC21-38000-C", "index_price": 47481.81, "direction": "sell", "amount": 0.2}, {"trade_seq": 282, "trade_id": "196645462", "timestamp": 1640637573371, "tick_direction": 2, "price": 0.257, "mark_price": 0.25696483, "iv": 126.16, "instrument_name": "BTC-31DEC21-38000-C", "index_price": 51070.7, "direction": "sell", "amount": 1.0}, {"trade_seq": 281, "trade_id": "196612168", "timestamp": 1640614868212, "tick_direction": 0, "price": 0.2645, "mark_price": 0.26364264, "iv": 139.44, "instrument_name": "BTC-31DEC21-38000-C", "index_price": 51559.38, "direction": "buy", "amount": 1.0}, {"trade_seq": 280, "trade_id": "196605568", "timestamp": 1640611533812, "tick_direction": 0, "price": 0.2605, "mark_price": 0.26044232, "iv": 127.32, "instrument_name": "BTC-31DEC21-38000-C", "index_price": 51284.87, "direction": "buy", "amount": 1.0}, {"trade_seq": 279, "trade_id": "196604899", "timestamp": 1640611387612, "tick_direction": 0, "price": 0.259, "mark_price": 0.25870205, "iv": 135.27, "instrument_name": "BTC-31DEC21-38000-C", "index_price": 51183.41, "direction": "sell", "amount": 1.0}, {"trade_seq": 278, "trade_id": "196604461", "timestamp": 1640611021795, "tick_direction": 0, "price": 0.258, "mark_price": 0.25783649, "iv": 130.43, "instrument_name": "BTC-31DEC21-38000-C", "index_price": 51113.56, "direction": "sell", "amount": 1.0}, {"trade_seq": 277, "trade_id": "196559746", "timestamp": 1640564081013, "tick_direction": 1, "price": 0.255, "mark_price": 0.25475547, "iv": 128.48, "instrument_name": "BTC-31DEC21-38000-C", "index_price": 50912.72, "direction": "buy", "amount": 0.3}, {"trade_seq": 276, "trade_id": "196559745", "timestamp": 1640564080726, "tick_direction": 0, "price": 0.255, "mark_price": 0.25475547, "iv": 128.48, "instrument_name": "BTC-31DEC21-38000-C", "index_price": 50912.72, "direction": "buy", "amount": 0.7}, {"trade_seq": 275, "trade_id": "196557943", "timestamp": 1640561543659, "tick_direction": 2, "price": 0.252, "mark_price": 0.25210015, "iv": 120.39, "instrument_name": "BTC-31DEC21-38000-C", "index_price": 50733.91, "direction": "sell", "amount": 1.0}, {"trade_seq": 274, "trade_id": "196545462", "timestamp": 1640554589380, "tick_direction": 0, "price": 0.2525, "mark_price": 0.25205917, "iv": 131.79, "instrument_name": "BTC-31DEC21-38000-C", "index_price": 50715.81, "direction": "buy", "amount": 0.2}, {"trade_seq": 273, "trade_id": "196544570", "timestamp": 1640554520622, "tick_direction": 0, "price": 0.2505, "mark_price": 0.25000773, "iv": 132.75, "instrument_name": "BTC-31DEC21-38000-C", "index_price": 50556.36, "direction": "buy", "amount": 1.0}, {"trade_seq": 272, "trade_id": "196544406", "timestamp": 1640554507059, "tick_direction": 1, "price": 0.2495, "mark_price": 0.2494314, "iv": 123.44, "instrument_name": "BTC-31DEC21-38000-C", "index_price": 50519.08, "direction": "buy", "amount": 1.0}, {"trade_seq": 271, "trade_id": "196544239", "timestamp": 1640554483488, "tick_direction": 0, "price": 0.2495, "mark_price": 0.24917227, "iv": 128.95, "instrument_name": "BTC-31DEC21-38000-C", "index_price": 50509.44, "direction": "buy", "amount": 1.0}, {"trade_seq": 270, "trade_id": "196543720", "timestamp": 1640554350725, "tick_direction": 1, "price": 0.2485, "mark_price": 0.24822444, "iv": 127.85, "instrument_name": "BTC-31DEC21-38000-C", "index_price": 50447.76, "direction": "buy", "amount": 0.1}, {"trade_seq": 269, "trade_id": "196543711", "timestamp": 1640554350139, "tick_direction": 0, "price": 0.2485, "mark_price": 0.24822375, "iv": 127.51, "instrument_name": "BTC-31DEC21-38000-C", "index_price": 50447.36, "direction": "buy", "amount": 0.9}, {"trade_seq": 268, "trade_id": "196531776", "timestamp": 1640537734117, "tick_direction": 0, "price": 0.246, "mark_price": 0.24593282, "iv": 119.92, "instrument_name": "BTC-31DEC21-38000-C", "index_price": 50325.07, "direction": "sell", "amount": 1.0}, {"trade_seq": 267, "trade_id": "196529165", "timestamp": 1640534522321, "tick_direction": 2, "price": 0.2435, "mark_price": 0.24327582, "iv": 120.57, "instrument_name": "BTC-31DEC21-38000-C", "index_price": 50154.83, "direction": "sell", "amount": 1.0}, {"trade_seq": 266, "trade_id": "196527072", "timestamp": 1640532196064, "tick_direction": 0, "price": 0.2455, "mark_price": 0.2453149, "iv": 120.08, "instrument_name": "BTC-31DEC21-38000-C", "index_price": 50275.56, "direction": "sell", "amount": 1.0}, {"trade_seq": 265, "trade_id": "196525344", "timestamp": 1640531791251, "tick_direction": 2, "price": 0.2425, "mark_price": 0.2407409, "iv": 141.31, "instrument_name": "BTC-31DEC21-38000-C", "index_price": 50032.01, "direction": "buy", "amount": 1.0}, {"trade_seq": 264, "trade_id": "196477203", "timestamp": 1640482696471, "tick_direction": 2, "price": 0.251, "mark_price": 0.25057058, "iv": 118.79, "instrument_name": "BTC-31DEC21-38000-C", "index_price": 50627.37, "direction": "buy", "amount": 0.8}, {"trade_seq": 263, "trade_id": "196316038", "timestamp": 1640332786340, "tick_direction": 1, "price": 0.259, "mark_price": 0.25873461, "iv": 118.46, "instrument_name": "BTC-31DEC21-38000-C", "index_price": 51017.59, "direction": "buy", "amount": 1.0}, {"trade_seq": 262, "trade_id": "196316030", "timestamp": 1640332779996, "tick_direction": 1, "price": 0.259, "mark_price": 0.2587808, "iv": 118.72, "instrument_name": "BTC-31DEC21-38000-C", "index_price": 51013.74, "direction": "buy", "amount": 0.2}, {"trade_seq": 261, "trade_id": "196316029", "timestamp": 1640332779981, "tick_direction": 1, "price": 0.259, "mark_price": 0.2587808, "iv": 118.72, "instrument_name": "BTC-31DEC21-38000-C", "index_price": 51013.74, "direction": "buy", "amount": 0.8}, {"trade_seq": 260, "trade_id": "196315802", "timestamp": 1640332691964, "tick_direction": 0, "price": 0.259, "mark_price": 0.25861772, "iv": 119.92, "instrument_name": "BTC-31DEC21-38000-C", "index_price": 51007.57, "direction": "buy", "amount": 1.0}, {"trade_seq": 259, "trade_id": "196315636", "timestamp": 1640332610406, "tick_direction": 2, "price": 0.2585, "mark_price": 0.25820715, "iv": 118.88, "instrument_name": "BTC-31DEC21-38000-C", "index_price": 50981.35, "direction": "buy", "amount": 1.0}, {"trade_seq": 258, "trade_id": "196286612", "timestamp": 1640310485378, "tick_direction": 3, "price": 0.2605, "mark_price": 0.26018196, "iv": 113.33, "instrument_name": "BTC-31DEC21-38000-C", "index_price": 51188.49, "direction": "buy", "amount": 1.0}, {"trade_seq": 257, "trade_id": "196286608", "timestamp": 1640310481570, "tick_direction": 2, "price": 0.2605, "mark_price": 0.2601885, "iv": 113.23, "instrument_name": "BTC-31DEC21-38000-C", "index_price": 51185.63, "direction": "buy", "amount": 1.0}, {"trade_seq": 256, "trade_id": "196286500", "timestamp": 1640310365213, "tick_direction": 1, "price": 0.2615, "mark_price": 0.26116689, "iv": 113.39, "instrument_name": "BTC-31DEC21-38000-C", "index_price": 51264.85, "direction": "buy", "amount": 0.1}, {"trade_seq": 255, "trade_id": "196286499", "timestamp": 1640310365204, "tick_direction": 1, "price": 0.2615, "mark_price": 0.26116689, "iv": 113.39, "instrument_name": "BTC-31DEC21-38000-C", "index_price": 51264.85, "direction": "buy", "amount": 0.2}, {"trade_seq": 254, "trade_id": "196286498", "timestamp": 1640310365195, "tick_direction": 0, "price": 0.2615, "mark_price": 0.26116689, "iv": 113.39, "instrument_name": "BTC-31DEC21-38000-C", "index_price": 51264.85, "direction": "buy", "amount": 0.7}, {"trade_seq": 253, "trade_id": "196225808", "timestamp": 1640281383137, "tick_direction": 0, "price": 0.24, "mark_price": 0.23919641, "iv": 109.27, "instrument_name": "BTC-31DEC21-38000-C", "index_price": 49719.58, "direction": "buy", "amount": 1.0}, {"trade_seq": 252, "trade_id": "196225420", "timestamp": 1640281380255, "tick_direction": 1, "price": 0.2395, "mark_price": 0.23814979, "iv": 116.73, "instrument_name": "BTC-31DEC21-38000-C", "index_price": 49641.65, "direction": "buy", "amount": 0.2}, {"trade_seq": 251, "trade_id": "196225387", "timestamp": 1640281380002, "tick_direction": 0, "price": 0.2395, "mark_price": 0.23814979, "iv": 116.73, "instrument_name": "BTC-31DEC21-38000-C", "index_price": 49641.65, "direction": "buy", "amount": 0.8}, {"trade_seq": 250, "trade_id": "196224501", "timestamp": 1640281168007, "tick_direction": 1, "price": 0.236, "mark_price": 0.23546956, "iv": 110.1, "instrument_name": "BTC-31DEC21-38000-C", "index_price": 49456.36, "direction": "buy", "amount": 0.1}, {"trade_seq": 249, "trade_id": "196224500", "timestamp": 1640281167951, "tick_direction": 1, "price": 0.236, "mark_price": 0.23546956, "iv": 110.1, "instrument_name": "BTC-31DEC21-38000-C", "index_price": 49456.36, "direction": "buy", "amount": 0.1}, {"trade_seq": 248, "trade_id": "196224499", "timestamp": 1640281167928, "tick_direction": 0, "price": 0.236, "mark_price": 0.23546956, "iv": 110.1, "instrument_name": "BTC-31DEC21-38000-C", "index_price": 49456.36, "direction": "buy", "amount": 0.8}, {"trade_seq": 247, "trade_id": "196223285", "timestamp": 1640280790977, "tick_direction": 0, "price": 0.235, "mark_price": 0.23486571, "iv": 105.87, "instrument_name": "BTC-31DEC21-38000-C", "index_price": 49424.27, "direction": "buy", "amount": 1.0}, {"trade_seq": 246, "trade_id": "196216153", "timestamp": 1640275791346, "tick_direction": 2, "price": 0.2275, "mark_price": 0.22699197, "iv": 106.35, "instrument_name": "BTC-31DEC21-38000-C", "index_price": 48904.38, "direction": "buy", "amount": 1.0}, {"trade_seq": 245, "trade_id": "196156348", "timestamp": 1640207935341, "tick_direction": 0, "price": 0.2295, "mark_price": 0.22869102, "iv": 103.81, "instrument_name": "BTC-31DEC21-38000-C", "index_price": 48970.45, "direction": "buy", "amount": 0.1}, {"trade_seq": 244, "trade_id": "196156009", "timestamp": 1640207814760, "tick_direction": 0, "price": 0.2285, "mark_price": 0.22830781, "iv": 99.25, "instrument_name": "BTC-31DEC21-38000-C", "index_price": 48930.78, "direction": "buy", "amount": 1.0}, {"trade_seq": 243, "trade_id": "196156001", "timestamp": 1640207748623, "tick_direction": 3, "price": 0.228, "mark_price": 0.22802427, "iv": 97.52, "instrument_name": "BTC-31DEC21-38000-C", "index_price": 48912.38, "direction": "buy", "amount": 1.0}, {"trade_seq": 242, "trade_id": "196155880", "timestamp": 1640207594131, "tick_direction": 2, "price": 0.228, "mark_price": 0.22774967, "iv": 98.18, "instrument_name": "BTC-31DEC21-38000-C", "index_price": 48911.83, "direction": "buy", "amount": 1.0}, {"trade_seq": 241, "trade_id": "196107813", "timestamp": 1640158975111, "tick_direction": 3, "price": 0.234, "mark_price": 0.23353275, "iv": 103.57, "instrument_name": "BTC-31DEC21-38000-C", "index_price": 49270.8, "direction": "buy", "amount": 0.1}, {"trade_seq": 240, "trade_id": "196107812", "timestamp": 1640158975107, "tick_direction": 3, "price": 0.234, "mark_price": 0.23353275, "iv": 103.57, "instrument_name": "BTC-31DEC21-38000-C", "index_price": 49270.8, "direction": "buy", "amount": 0.1}, {"trade_seq": 239, "trade_id": "196107806", "timestamp": 1640158975094, "tick_direction": 2, "price": 0.234, "mark_price": 0.23353275, "iv": 103.57, "instrument_name": "BTC-31DEC21-38000-C", "index_price": 49270.8, "direction": "buy", "amount": 0.8}, {"trade_seq": 238, "trade_id": "196095619", "timestamp": 1640140515953, "tick_direction": 0, "price": 0.236, "mark_price": 0.235627, "iv": 105.01, "instrument_name": "BTC-31DEC21-38000-C", "index_price": 49391.16, "direction": "buy", "amount": 0.9}, {"trade_seq": 237, "trade_id": "195994036", "timestamp": 1640062874262, "tick_direction": 2, "price": 0.227, "mark_price": 0.22693877, "iv": 98.51, "instrument_name": "BTC-31DEC21-38000-C", "index_price": 48724.07, "direction": "buy", "amount": 1.0}, {"trade_seq": 236, "trade_id": "195987903", "timestamp": 1640060814685, "tick_direction": 1, "price": 0.2275, "mark_price": 0.22749458, "iv": 98.87, "instrument_name": "BTC-31DEC21-38000-C", "index_price": 48755.62, "direction": "buy", "amount": 1.0}, {"trade_seq": 235, "trade_id": "195987820", "timestamp": 1640060791684, "tick_direction": 0, "price": 0.2275, "mark_price": 0.22707574, "iv": 100.39, "instrument_name": "BTC-31DEC21-38000-C", "index_price": 48744.23, "direction": "buy", "amount": 1.0}, {"trade_seq": 234, "trade_id": "195987579", "timestamp": 1640060763842, "tick_direction": 0, "price": 0.2265, "mark_price": 0.22653846, "iv": 97.74, "instrument_name": "BTC-31DEC21-38000-C", "index_price": 48698.84, "direction": "buy", "amount": 1.0}, {"trade_seq": 233, "trade_id": "195986311", "timestamp": 1640060685273, "tick_direction": 0, "price": 0.225, "mark_price": 0.22435767, "iv": 101.03, "instrument_name": "BTC-31DEC21-38000-C", "index_price": 48583.49, "direction": "buy", "amount": 1.0}, {"trade_seq": 232, "trade_id": "195984100", "timestamp": 1640060399320, "tick_direction": 0, "price": 0.223, "mark_price": 0.22285388, "iv": 97.15, "instrument_name": "BTC-31DEC21-38000-C", "index_price": 48453.64, "direction": "buy", "amount": 1.0}, {"trade_seq": 231, "trade_id": "195980660", "timestamp": 1640059812102, "tick_direction": 0, "price": 0.2195, "mark_price": 0.21846358, "iv": 100.72, "instrument_name": "BTC-31DEC21-38000-C", "index_price": 48195.01, "direction": "buy", "amount": 1.0}, {"trade_seq": 230, "trade_id": "195972334", "timestamp": 1640058725506, "tick_direction": 0, "price": 0.2115, "mark_price": 0.20928196, "iv": 102.18, "instrument_name": "BTC-31DEC21-38000-C", "index_price": 47705.49, "direction": "buy", "amount": 1.0}, {"trade_seq": 229, "trade_id": "195795962", "timestamp": 1639941667326, "tick_direction": 2, "price": 0.1955, "mark_price": 0.19640728, "iv": 86.64, "instrument_name": "BTC-31DEC21-38000-C", "index_price": 46715.84, "direction": "sell", "amount": 1.0}, {"trade_seq": 228, "trade_id": "195779738", "timestamp": 1639923273743, "tick_direction": 2, "price": 0.2005, "mark_price": 0.20160148, "iv": 86.24, "instrument_name": "BTC-31DEC21-38000-C", "index_price": 47115.4, "direction": "sell", "amount": 1.0}, {"trade_seq": 227, "trade_id": "194476069", "timestamp": 1639143337187, "tick_direction": 2, "price": 0.2515, "mark_price": 0.2501874, "iv": 96.91, "instrument_name": "BTC-31DEC21-38000-C", "index_price": 49742.19, "direction": "buy", "amount": 5.8}, {"trade_seq": 226, "trade_id": "187248354", "timestamp": 1635510583441, "tick_direction": 3, "price": 0.4105, "mark_price": 0.41000616, "iv": 94.12, "instrument_name": "BTC-31DEC21-38000-C", "index_price": 61246.45, "direction": "buy", "amount": 0.1}, {"trade_seq": 225, "trade_id": "187248351", "timestamp": 1635510583405, "tick_direction": 2, "price": 0.4105, "mark_price": 0.41000616, "iv": 94.12, "instrument_name": "BTC-31DEC21-38000-C", "index_price": 61246.45, "direction": "buy", "amount": 6.4}, {"trade_seq": 224, "trade_id": "186991829", "timestamp": 1635428121892, "tick_direction": 0, "price": 0.415, "mark_price": 0.41399185, "iv": 98.77, "instrument_name": "BTC-31DEC21-38000-C", "index_price": 61631.29, "direction": "buy", "amount": 3.0}, {"trade_seq": 223, "trade_id": "186987127", "timestamp": 1635426993201, "tick_direction": 0, "price": 0.412, "mark_price": 0.41106507, "iv": 98.14, "instrument_name": "BTC-31DEC21-38000-C", "index_price": 61327.28, "direction": "buy", "amount": 3.5}, {"trade_seq": 222, "trade_id": "184414093", "timestamp": 1634264895974, "tick_direction": 1, "price": 0.399, "mark_price": 0.39883007, "iv": 99.52, "instrument_name": "BTC-31DEC21-38000-C", "index_price": 58523.59, "direction": "buy", "amount": 0.6}, {"trade_seq": 221, "trade_id": "184414090", "timestamp": 1634264895864, "tick_direction": 1, "price": 0.399, "mark_price": 0.39849285, "iv": 99.52, "instrument_name": "BTC-31DEC21-38000-C", "index_price": 58523.59, "direction": "buy", "amount": 1.2}, {"trade_seq": 220, "trade_id": "184414070", "timestamp": 1634264895506, "tick_direction": 0, "price": 0.399, "mark_price": 0.39849285, "iv": 99.91, "instrument_name": "BTC-31DEC21-38000-C", "index_price": 58508.23, "direction": "buy", "amount": 2.2}, {"trade_seq": 219, "trade_id": "183370547", "timestamp": 1633653784915, "tick_direction": 0, "price": 0.3525, "mark_price": 0.3522336, "iv": 90.97, "instrument_name": "BTC-31DEC21-38000-C", "index_price": 54078.38, "direction": "sell", "amount": 1.0}, {"trade_seq": 218, "trade_id": "183369886", "timestamp": 1633652482805, "tick_direction": 0, "price": 0.3515, "mark_price": 0.35124423, "iv": 90.89, "instrument_name": "BTC-31DEC21-38000-C", "index_price": 53983.34, "direction": "sell", "amount": 1.0}, {"trade_seq": 217, "trade_id": "181785143", "timestamp": 1632753168452, "tick_direction": 2, "price": 0.247, "mark_price": 0.24777088, "iv": 87.57, "instrument_name": "BTC-31DEC21-38000-C", "index_price": 43721.08, "direction": "buy", "amount": 0.2}, {"trade_seq": 216, "trade_id": "181762847", "timestamp": 1632735323475, "tick_direction": 0, "price": 0.2485, "mark_price": 0.24856774, "iv": 88.24, "instrument_name": "BTC-31DEC21-38000-C", "index_price": 43766.14, "direction": "sell", "amount": 0.2}, {"trade_seq": 215, "trade_id": "181619376", "timestamp": 1632642759517, "tick_direction": 2, "price": 0.2105, "mark_price": 0.21047516, "iv": 85.82, "instrument_name": "BTC-31DEC21-38000-C", "index_price": 40827.7, "direction": "sell", "amount": 0.1}, {"trade_seq": 214, "trade_id": "181612122", "timestamp": 1632641716552, "tick_direction": 2, "price": 0.2205, "mark_price": 0.2202683, "iv": 85.52, "instrument_name": "BTC-31DEC21-38000-C", "index_price": 41744.21, "direction": "sell", "amount": 0.1}, {"trade_seq": 213, "trade_id": "181462319", "timestamp": 1632500708983, "tick_direction": 0, "price": 0.23, "mark_price": 0.22999273, "iv": 86.66, "instrument_name": "BTC-31DEC21-38000-C", "index_price": 42235.63, "direction": "buy", "amount": 0.2}, {"trade_seq": 212, "trade_id": "181457059", "timestamp": 1632498064465, "tick_direction": 2, "price": 0.2235, "mark_price": 0.22373897, "iv": 85.97, "instrument_name": "BTC-31DEC21-38000-C", "index_price": 41708.06, "direction": "sell", "amount": 0.2}, {"trade_seq": 211, "trade_id": "181428488", "timestamp": 1632491796053, "tick_direction": 1, "price": 0.2285, "mark_price": 0.22851296, "iv": 87.81, "instrument_name": "BTC-31DEC21-38000-C", "index_price": 41868.42, "direction": "sell", "amount": 0.1}, {"trade_seq": 210, "trade_id": "181428452", "timestamp": 1632491766079, "tick_direction": 0, "price": 0.2285, "mark_price": 0.22857144, "iv": 87.77, "instrument_name": "BTC-31DEC21-38000-C", "index_price": 41868.83, "direction": "sell", "amount": 0.1}, {"trade_seq": 209, "trade_id": "181419949", "timestamp": 1632490707446, "tick_direction": 2, "price": 0.226, "mark_price": 0.22614641, "iv": 87.44, "instrument_name": "BTC-31DEC21-38000-C", "index_price": 41691.93, "direction": "buy", "amount": 0.2}, {"trade_seq": 208, "trade_id": "181267481", "timestamp": 1632470063936, "tick_direction": 0, "price": 0.259, "mark_price": 0.2599919, "iv": 86.1, "instrument_name": "BTC-31DEC21-38000-C", "index_price": 44898.48, "direction": "buy", "amount": 5.0}, {"trade_seq": 207, "trade_id": "180678895", "timestamp": 1632259047408, "tick_direction": 2, "price": 0.2205, "mark_price": 0.22010929, "iv": 91.99, "instrument_name": "BTC-31DEC21-38000-C", "index_price": 40115.62, "direction": "sell", "amount": 0.1}, {"trade_seq": 206, "trade_id": "180392593", "timestamp": 1632183732797, "tick_direction": 2, "price": 0.2305, "mark_price": 0.22991908, "iv": 93.54, "instrument_name": "BTC-31DEC21-38000-C", "index_price": 40761.82, "direction": "sell", "amount": 0.1}, {"trade_seq": 205, "trade_id": "179808793", "timestamp": 1631840438708, "tick_direction": 0, "price": 0.3115, "mark_price": 0.30871845, "iv": 94.91, "instrument_name": "BTC-31DEC21-38000-C", "index_price": 47550.26, "direction": "sell", "amount": 3.1}, {"trade_seq": 204, "trade_id": "175543836", "timestamp": 1629375493406, "tick_direction": 1, "price": 0.3, "mark_price": 0.29862631, "iv": 94.47, "instrument_name": "BTC-31DEC21-38000-C", "index_price": 44276.14, "direction": "sell", "amount": 0.6}, {"trade_seq": 203, "trade_id": "175543835", "timestamp": 1629375493123, "tick_direction": 0, "price": 0.3, "mark_price": 0.29862631, "iv": 94.47, "instrument_name": "BTC-31DEC21-38000-C", "index_price": 44276.14, "direction": "sell", "amount": 0.4}, {"trade_seq": 202, "trade_id": "175543711", "timestamp": 1629375480238, "tick_direction": 1, "price": 0.2995, "mark_price": 0.29843585, "iv": 94.32, "instrument_name": "BTC-31DEC21-38000-C", "index_price": 44249.44, "direction": "sell", "amount": 0.5}, {"trade_seq": 201, "trade_id": "175543710", "timestamp": 1629375479960, "tick_direction": 0, "price": 0.2995, "mark_price": 0.2984044, "iv": 94.32, "instrument_name": "BTC-31DEC21-38000-C", "index_price": 44249.44, "direction": "sell", "amount": 0.2}, {"trade_seq": 200, "trade_id": "175542938", "timestamp": 1629375078031, "tick_direction": 1, "price": 0.299, "mark_price": 0.29764367, "iv": 94.4, "instrument_name": "BTC-31DEC21-38000-C", "index_price": 44186.06, "direction": "sell", "amount": 0.6}, {"trade_seq": 199, "trade_id": "175542764", "timestamp": 1629374968159, "tick_direction": 0, "price": 0.299, "mark_price": 0.29716094, "iv": 94.61, "instrument_name": "BTC-31DEC21-38000-C", "index_price": 44148.62, "direction": "sell", "amount": 0.1}, {"trade_seq": 198, "trade_id": "175542762", "timestamp": 1629374967897, "tick_direction": 2, "price": 0.2985, "mark_price": 0.29716094, "iv": 94.37, "instrument_name": "BTC-31DEC21-38000-C", "index_price": 44149.91, "direction": "sell", "amount": 0.6}, {"trade_seq": 197, "trade_id": "175542569", "timestamp": 1629374856178, "tick_direction": 1, "price": 0.299, "mark_price": 0.29717911, "iv": 94.63, "instrument_name": "BTC-31DEC21-38000-C", "index_price": 44148.04, "direction": "sell", "amount": 0.6}, {"trade_seq": 196, "trade_id": "175542568", "timestamp": 1629374855922, "tick_direction": 0, "price": 0.299, "mark_price": 0.29717911, "iv": 94.63, "instrument_name": "BTC-31DEC21-38000-C", "index_price": 44148.04, "direction": "sell", "amount": 0.4}, {"trade_seq": 195, "trade_id": "175542567", "timestamp": 1629374855634, "tick_direction": 2, "price": 0.2985, "mark_price": 0.29717911, "iv": 94.38, "instrument_name": "BTC-31DEC21-38000-C", "index_price": 44148.04, "direction": "sell", "amount": 0.6}, {"trade_seq": 194, "trade_id": "175542020", "timestamp": 1629374535084, "tick_direction": 3, "price": 0.299, "mark_price": 0.29789354, "iv": 94.31, "instrument_name": "BTC-31DEC21-38000-C", "index_price": 44203.24, "direction": "sell", "amount": 0.4}, {"trade_seq": 193, "trade_id": "175542019", "timestamp": 1629374534839, "tick_direction": 2, "price": 0.299, "mark_price": 0.29789417, "iv": 94.31, "instrument_name": "BTC-31DEC21-38000-C", "index_price": 44203.24, "direction": "sell", "amount": 0.6}, {"trade_seq": 192, "trade_id": "175541944", "timestamp": 1629374511912, "tick_direction": 1, "price": 0.2995, "mark_price": 0.29829532, "iv": 94.36, "instrument_name": "BTC-31DEC21-38000-C", "index_price": 44244.45, "direction": "sell", "amount": 0.4}, {"trade_seq": 191, "trade_id": "175541943", "timestamp": 1629374511655, "tick_direction": 0, "price": 0.2995, "mark_price": 0.29830668, "iv": 94.36, "instrument_name": "BTC-31DEC21-38000-C", "index_price": 44244.45, "direction": "sell", "amount": 0.6}, {"trade_seq": 190, "trade_id": "175541591", "timestamp": 1629374395468, "tick_direction": 2, "price": 0.299, "mark_price": 0.29789152, "iv": 94.31, "instrument_name": "BTC-31DEC21-38000-C", "index_price": 44223.47, "direction": "sell", "amount": 0.4}, {"trade_seq": 189, "trade_id": "175541590", "timestamp": 1629374393889, "tick_direction": 0, "price": 0.2995, "mark_price": 0.29789303, "iv": 94.55, "instrument_name": "BTC-31DEC21-38000-C", "index_price": 44221.91, "direction": "sell", "amount": 0.3}, {"trade_seq": 188, "trade_id": "175541574", "timestamp": 1629374392720, "tick_direction": 2, "price": 0.299, "mark_price": 0.29790612, "iv": 94.29, "instrument_name": "BTC-31DEC21-38000-C", "index_price": 44223.28, "direction": "sell", "amount": 0.6}, {"trade_seq": 187, "trade_id": "175541158", "timestamp": 1629374211782, "tick_direction": 1, "price": 0.3, "mark_price": 0.29887261, "iv": 94.31, "instrument_name": "BTC-31DEC21-38000-C", "index_price": 44300.23, "direction": "sell", "amount": 0.6}, {"trade_seq": 186, "trade_id": "175541058", "timestamp": 1629374117227, "tick_direction": 1, "price": 0.3, "mark_price": 0.29889824, "iv": 94.27, "instrument_name": "BTC-31DEC21-38000-C", "index_price": 44313.0, "direction": "sell", "amount": 0.6}, {"trade_seq": 185, "trade_id": "175540872", "timestamp": 1629373973808, "tick_direction": 0, "price": 0.3, "mark_price": 0.29864322, "iv": 94.36, "instrument_name": "BTC-31DEC21-38000-C", "index_price": 44317.82, "direction": "sell", "amount": 0.6}, {"trade_seq": 184, "trade_id": "175540525", "timestamp": 1629373859352, "tick_direction": 2, "price": 0.299, "mark_price": 0.29810206, "iv": 94.1, "instrument_name": "BTC-31DEC21-38000-C", "index_price": 44264.85, "direction": "sell", "amount": 0.6}, {"trade_seq": 183, "trade_id": "175540312", "timestamp": 1629373727505, "tick_direction": 2, "price": 0.2995, "mark_price": 0.2980915, "iv": 94.37, "instrument_name": "BTC-31DEC21-38000-C", "index_price": 44254.77, "direction": "sell", "amount": 0.4}, {"trade_seq": 182, "trade_id": "175539349", "timestamp": 1629373209008, "tick_direction": 1, "price": 0.3, "mark_price": 0.29962509, "iv": 93.96, "instrument_name": "BTC-31DEC21-38000-C", "index_price": 44373.05, "direction": "sell", "amount": 0.6}, {"trade_seq": 181, "trade_id": "175538439", "timestamp": 1629372428368, "tick_direction": 1, "price": 0.3, "mark_price": 0.29948571, "iv": 94.1, "instrument_name": "BTC-31DEC21-38000-C", "index_price": 44349.08, "direction": "sell", "amount": 0.3}, {"trade_seq": 180, "trade_id": "175538438", "timestamp": 1629372427630, "tick_direction": 1, "price": 0.3, "mark_price": 0.29948571, "iv": 94.09, "instrument_name": "BTC-31DEC21-38000-C", "index_price": 44351.19, "direction": "sell", "amount": 0.2}, {"trade_seq": 179, "trade_id": "175538437", "timestamp": 1629372427322, "tick_direction": 0, "price": 0.3, "mark_price": 0.29951256, "iv": 94.09, "instrument_name": "BTC-31DEC21-38000-C", "index_price": 44351.19, "direction": "sell", "amount": 0.6}, {"trade_seq": 178, "trade_id": "175537606", "timestamp": 1629371720806, "tick_direction": 2, "price": 0.2995, "mark_price": 0.29893704, "iv": 94.0, "instrument_name": "BTC-31DEC21-38000-C", "index_price": 44300.83, "direction": "sell", "amount": 0.4}, {"trade_seq": 177, "trade_id": "175537570", "timestamp": 1629371693365, "tick_direction": 0, "price": 0.3, "mark_price": 0.29937044, "iv": 94.03, "instrument_name": "BTC-31DEC21-38000-C", "index_price": 44347.45, "direction": "sell", "amount": 0.6}, {"trade_seq": 176, "trade_id": "175537122", "timestamp": 1629371465641, "tick_direction": 3, "price": 0.299, "mark_price": 0.29804264, "iv": 94.04, "instrument_name": "BTC-31DEC21-38000-C", "index_price": 44259.82, "direction": "sell", "amount": 0.6}, {"trade_seq": 175, "trade_id": "175536995", "timestamp": 1629371437637, "tick_direction": 2, "price": 0.299, "mark_price": 0.29827674, "iv": 93.91, "instrument_name": "BTC-31DEC21-38000-C", "index_price": 44279.35, "direction": "sell", "amount": 0.6}, {"trade_seq": 174, "trade_id": "175536787", "timestamp": 1629371292235, "tick_direction": 3, "price": 0.2995, "mark_price": 0.29838133, "iv": 94.0, "instrument_name": "BTC-31DEC21-38000-C", "index_price": 44320.27, "direction": "sell", "amount": 0.6}, {"trade_seq": 173, "trade_id": "175536767", "timestamp": 1629371273874, "tick_direction": 2, "price": 0.2995, "mark_price": 0.29849445, "iv": 93.93, "instrument_name": "BTC-31DEC21-38000-C", "index_price": 44330.57, "direction": "sell", "amount": 0.4}, {"trade_seq": 172, "trade_id": "175536673", "timestamp": 1629371231380, "tick_direction": 1, "price": 0.3, "mark_price": 0.29889829, "iv": 93.94, "instrument_name": "BTC-31DEC21-38000-C", "index_price": 44371.72, "direction": "sell", "amount": 0.4}, {"trade_seq": 171, "trade_id": "175536598", "timestamp": 1629371163906, "tick_direction": 1, "price": 0.3, "mark_price": 0.29896245, "iv": 93.9, "instrument_name": "BTC-31DEC21-38000-C", "index_price": 44389.31, "direction": "sell", "amount": 0.2}, {"trade_seq": 170, "trade_id": "175536597", "timestamp": 1629371163905, "tick_direction": 1, "price": 0.3, "mark_price": 0.29896245, "iv": 93.9, "instrument_name": "BTC-31DEC21-38000-C", "index_price": 44389.31, "direction": "sell", "amount": 0.4}, {"trade_seq": 169, "trade_id": "175536433", "timestamp": 1629371083477, "tick_direction": 1, "price": 0.3, "mark_price": 0.29929498, "iv": 93.72, "instrument_name": "BTC-31DEC21-38000-C", "index_price": 44417.77, "direction": "sell", "amount": 0.7}, {"trade_seq": 168, "trade_id": "175536197", "timestamp": 1629370868416, "tick_direction": 0, "price": 0.3, "mark_price": 0.29855535, "iv": 94.11, "instrument_name": "BTC-31DEC21-38000-C", "index_price": 44339.45, "direction": "sell", "amount": 0.8}, {"trade_seq": 167, "trade_id": "175536196", "timestamp": 1629370867626, "tick_direction": 3, "price": 0.2995, "mark_price": 0.29862212, "iv": 93.86, "instrument_name": "BTC-31DEC21-38000-C", "index_price": 44338.58, "direction": "sell", "amount": 0.6}, {"trade_seq": 166, "trade_id": "175536133", "timestamp": 1629370851961, "tick_direction": 2, "price": 0.2995, "mark_price": 0.2986929, "iv": 93.8, "instrument_name": "BTC-31DEC21-38000-C", "index_price": 44338.71, "direction": "sell", "amount": 0.6}, {"trade_seq": 165, "trade_id": "175535843", "timestamp": 1629370784826, "tick_direction": 1, "price": 0.3, "mark_price": 0.29928203, "iv": 93.85, "instrument_name": "BTC-31DEC21-38000-C", "index_price": 44389.51, "direction": "sell", "amount": 0.5}, {"trade_seq": 164, "trade_id": "175510499", "timestamp": 1629359479250, "tick_direction": 0, "price": 0.3, "mark_price": 0.29911576, "iv": 94.49, "instrument_name": "BTC-31DEC21-38000-C", "index_price": 44237.3, "direction": "sell", "amount": 0.4}, {"trade_seq": 163, "trade_id": "175510489", "timestamp": 1629359478406, "tick_direction": 2, "price": 0.2995, "mark_price": 0.29910185, "iv": 94.25, "instrument_name": "BTC-31DEC21-38000-C", "index_price": 44237.74, "direction": "sell", "amount": 0.5}, {"trade_seq": 162, "trade_id": "175504225", "timestamp": 1629355619713, "tick_direction": 1, "price": 0.3, "mark_price": 0.29963923, "iv": 94.3, "instrument_name": "BTC-31DEC21-38000-C", "index_price": 44282.86, "direction": "sell", "amount": 0.7}, {"trade_seq": 161, "trade_id": "175503059", "timestamp": 1629354282613, "tick_direction": 1, "price": 0.3, "mark_price": 0.29992678, "iv": 94.25, "instrument_name": "BTC-31DEC21-38000-C", "index_price": 44280.4, "direction": "sell", "amount": 0.5}, {"trade_seq": 160, "trade_id": "175502492", "timestamp": 1629353749834, "tick_direction": 0, "price": 0.3, "mark_price": 0.29952081, "iv": 94.47, "instrument_name": "BTC-31DEC21-38000-C", "index_price": 44228.65, "direction": "sell", "amount": 0.2}, {"trade_seq": 159, "trade_id": "175502458", "timestamp": 1629353693412, "tick_direction": 3, "price": 0.2995, "mark_price": 0.29991254, "iv": 93.97, "instrument_name": "BTC-31DEC21-38000-C", "index_price": 44283.22, "direction": "sell", "amount": 0.1}, {"trade_seq": 158, "trade_id": "175502454", "timestamp": 1629353692625, "tick_direction": 3, "price": 0.2995, "mark_price": 0.29997022, "iv": 93.95, "instrument_name": "BTC-31DEC21-38000-C", "index_price": 44288.27, "direction": "sell", "amount": 0.1}, {"trade_seq": 157, "trade_id": "175502453", "timestamp": 1629353692478, "tick_direction": 2, "price": 0.2995, "mark_price": 0.29997022, "iv": 93.95, "instrument_name": "BTC-31DEC21-38000-C", "index_price": 44288.27, "direction": "sell", "amount": 0.1}, {"trade_seq": 156, "trade_id": "175502319", "timestamp": 1629353555875, "tick_direction": 1, "price": 0.3, "mark_price": 0.29951122, "iv": 94.38, "instrument_name": "BTC-31DEC21-38000-C", "index_price": 44245.99, "direction": "sell", "amount": 0.6}, {"trade_seq": 155, "trade_id": "175502157", "timestamp": 1629353353014, "tick_direction": 0, "price": 0.3, "mark_price": 0.29983383, "iv": 94.19, "instrument_name": "BTC-31DEC21-38000-C", "index_price": 44283.56, "direction": "sell", "amount": 0.7}, {"trade_seq": 154, "trade_id": "175498042", "timestamp": 1629350259678, "tick_direction": 0, "price": 0.299, "mark_price": 0.29854178, "iv": 94.1, "instrument_name": "BTC-31DEC21-38000-C", "index_price": 44240.02, "direction": "sell", "amount": 0.7}, {"trade_seq": 153, "trade_id": "175497883", "timestamp": 1629350136958, "tick_direction": 3, "price": 0.2985, "mark_price": 0.2979483, "iv": 94.15, "instrument_name": "BTC-31DEC21-38000-C", "index_price": 44172.13, "direction": "sell", "amount": 0.4}, {"trade_seq": 152, "trade_id": "175497864", "timestamp": 1629350099122, "tick_direction": 3, "price": 0.2985, "mark_price": 0.29828457, "iv": 93.97, "instrument_name": "BTC-31DEC21-38000-C", "index_price": 44201.35, "direction": "sell", "amount": 0.1}, {"trade_seq": 151, "trade_id": "175497863", "timestamp": 1629350099116, "tick_direction": 2, "price": 0.2985, "mark_price": 0.29828457, "iv": 93.97, "instrument_name": "BTC-31DEC21-38000-C", "index_price": 44201.35, "direction": "sell", "amount": 0.6}, {"trade_seq": 150, "trade_id": "175497737", "timestamp": 1629350006353, "tick_direction": 0, "price": 0.299, "mark_price": 0.29804984, "iv": 94.29, "instrument_name": "BTC-31DEC21-38000-C", "index_price": 44209.44, "direction": "sell", "amount": 0.6}, {"trade_seq": 149, "trade_id": "175497636", "timestamp": 1629349929752, "tick_direction": 1, "price": 0.298, "mark_price": 0.29739434, "iv": 94.09, "instrument_name": "BTC-31DEC21-38000-C", "index_price": 44127.76, "direction": "sell", "amount": 0.6}, {"trade_seq": 148, "trade_id": "175497517", "timestamp": 1629349830266, "tick_direction": 1, "price": 0.298, "mark_price": 0.2975506, "iv": 94.01, "instrument_name": "BTC-31DEC21-38000-C", "index_price": 44140.42, "direction": "sell", "amount": 0.6}, {"trade_seq": 147, "trade_id": "175497378", "timestamp": 1629349752343, "tick_direction": 1, "price": 0.298, "mark_price": 0.29734584, "iv": 94.1, "instrument_name": "BTC-31DEC21-38000-C", "index_price": 44128.72, "direction": "sell", "amount": 0.4}, {"trade_seq": 146, "trade_id": "175497377", "timestamp": 1629349752087, "tick_direction": 1, "price": 0.298, "mark_price": 0.29734444, "iv": 94.1, "instrument_name": "BTC-31DEC21-38000-C", "index_price": 44128.72, "direction": "sell", "amount": 0.6}, {"trade_seq": 145, "trade_id": "175497324", "timestamp": 1629349682236, "tick_direction": 1, "price": 0.298, "mark_price": 0.29758032, "iv": 93.99, "instrument_name": "BTC-31DEC21-38000-C", "index_price": 44152.82, "direction": "sell", "amount": 0.4}, {"trade_seq": 144, "trade_id": "175497323", "timestamp": 1629349681981, "tick_direction": 0, "price": 0.298, "mark_price": 0.29757598, "iv": 93.99, "instrument_name": "BTC-31DEC21-38000-C", "index_price": 44152.82, "direction": "sell", "amount": 0.6}, {"trade_seq": 143, "trade_id": "175492604", "timestamp": 1629346433670, "tick_direction": 2, "price": 0.297, "mark_price": 0.29627893, "iv": 94.18, "instrument_name": "BTC-31DEC21-38000-C", "index_price": 44034.07, "direction": "sell", "amount": 0.2}, {"trade_seq": 142, "trade_id": "175484431", "timestamp": 1629343774135, "tick_direction": 3, "price": 0.298, "mark_price": 0.2976345, "iv": 93.9, "instrument_name": "BTC-31DEC21-38000-C", "index_price": 44178.8, "direction": "sell", "amount": 0.6}, {"trade_seq": 141, "trade_id": "175484390", "timestamp": 1629343771292, "tick_direction": 2, "price": 0.298, "mark_price": 0.29769674, "iv": 93.84, "instrument_name": "BTC-31DEC21-38000-C", "index_price": 44192.7, "direction": "sell", "amount": 0.6}, {"trade_seq": 140, "trade_id": "175482834", "timestamp": 1629343240363, "tick_direction": 3, "price": 0.299, "mark_price": 0.298478, "iv": 93.94, "instrument_name": "BTC-31DEC21-38000-C", "index_price": 44277.3, "direction": "sell", "amount": 0.6}, {"trade_seq": 139, "trade_id": "175482440", "timestamp": 1629343190053, "tick_direction": 3, "price": 0.299, "mark_price": 0.29863067, "iv": 93.86, "instrument_name": "BTC-31DEC21-38000-C", "index_price": 44284.16, "direction": "sell", "amount": 0.6}, {"trade_seq": 138, "trade_id": "175482230", "timestamp": 1629342971086, "tick_direction": 3, "price": 0.299, "mark_price": 0.29912094, "iv": 93.64, "instrument_name": "BTC-31DEC21-38000-C", "index_price": 44324.18, "direction": "sell", "amount": 0.4}, {"trade_seq": 137, "trade_id": "175481754", "timestamp": 1629342731827, "tick_direction": 2, "price": 0.299, "mark_price": 0.29860842, "iv": 93.95, "instrument_name": "BTC-31DEC21-38000-C", "index_price": 44276.76, "direction": "sell", "amount": 0.6}, {"trade_seq": 136, "trade_id": "174690249", "timestamp": 1628885780296, "tick_direction": 0, "price": 0.345, "mark_price": 0.3459305, "iv": 96.8, "instrument_name": "BTC-31DEC21-38000-C", "index_price": 47770.28, "direction": "buy", "amount": 0.1}, {"trade_seq": 135, "trade_id": "174080812", "timestamp": 1628582694307, "tick_direction": 0, "price": 0.335, "mark_price": 0.3346167, "iv": 100.25, "instrument_name": "BTC-31DEC21-38000-C", "index_price": 45901.82, "direction": "sell", "amount": 0.4}, {"trade_seq": 134, "trade_id": "174080490", "timestamp": 1628582544939, "tick_direction": 1, "price": 0.3345, "mark_price": 0.33418778, "iv": 100.14, "instrument_name": "BTC-31DEC21-38000-C", "index_price": 45892.14, "direction": "sell", "amount": 0.1}, {"trade_seq": 133, "trade_id": "174080489", "timestamp": 1628582544879, "tick_direction": 1, "price": 0.3345, "mark_price": 0.33418778, "iv": 100.14, "instrument_name": "BTC-31DEC21-38000-C", "index_price": 45892.14, "direction": "sell", "amount": 0.2}, {"trade_seq": 132, "trade_id": "174080484", "timestamp": 1628582544486, "tick_direction": 1, "price": 0.3345, "mark_price": 0.33418778, "iv": 100.14, "instrument_name": "BTC-31DEC21-38000-C", "index_price": 45892.14, "direction": "sell", "amount": 0.1}, {"trade_seq": 131, "trade_id": "174080482", "timestamp": 1628582544257, "tick_direction": 1, "price": 0.3345, "mark_price": 0.33418778, "iv": 100.1, "instrument_name": "BTC-31DEC21-38000-C", "index_price": 45901.81, "direction": "sell", "amount": 0.1}, {"trade_seq": 130, "trade_id": "174080474", "timestamp": 1628582543698, "tick_direction": 0, "price": 0.3345, "mark_price": 0.33441184, "iv": 100.1, "instrument_name": "BTC-31DEC21-38000-C", "index_price": 45901.81, "direction": "sell", "amount": 0.1}, {"trade_seq": 129, "trade_id": "174077554", "timestamp": 1628582032102, "tick_direction": 1, "price": 0.331, "mark_price": 0.33131222, "iv": 99.78, "instrument_name": "BTC-31DEC21-38000-C", "index_price": 45592.86, "direction": "sell", "amount": 0.1}, {"trade_seq": 128, "trade_id": "174077507", "timestamp": 1628581990435, "tick_direction": 1, "price": 0.331, "mark_price": 0.33135532, "iv": 99.75, "instrument_name": "BTC-31DEC21-38000-C", "index_price": 45598.75, "direction": "sell", "amount": 0.1}, {"trade_seq": 127, "trade_id": "174077503", "timestamp": 1628581980207, "tick_direction": 1, "price": 0.331, "mark_price": 0.33133673, "iv": 99.75, "instrument_name": "BTC-31DEC21-38000-C", "index_price": 45599.37, "direction": "sell", "amount": 0.1}, {"trade_seq": 126, "trade_id": "174077501", "timestamp": 1628581977484, "tick_direction": 1, "price": 0.331, "mark_price": 0.3314298, "iv": 99.71, "instrument_name": "BTC-31DEC21-38000-C", "index_price": 45603.4, "direction": "sell", "amount": 0.1}, {"trade_seq": 125, "trade_id": "174077485", "timestamp": 1628581975409, "tick_direction": 1, "price": 0.331, "mark_price": 0.33147013, "iv": 99.69, "instrument_name": "BTC-31DEC21-38000-C", "index_price": 45612.44, "direction": "sell", "amount": 0.1}, {"trade_seq": 124, "trade_id": "174077146", "timestamp": 1628581745944, "tick_direction": 1, "price": 0.331, "mark_price": 0.33114992, "iv": 99.86, "instrument_name": "BTC-31DEC21-38000-C", "index_price": 45597.75, "direction": "sell", "amount": 0.3}, {"trade_seq": 123, "trade_id": "174077145", "timestamp": 1628581742072, "tick_direction": 1, "price": 0.331, "mark_price": 0.33114991, "iv": 99.87, "instrument_name": "BTC-31DEC21-38000-C", "index_price": 45596.96, "direction": "sell", "amount": 0.1}, {"trade_seq": 122, "trade_id": "174077144", "timestamp": 1628581740998, "tick_direction": 0, "price": 0.331, "mark_price": 0.33114883, "iv": 99.86, "instrument_name": "BTC-31DEC21-38000-C", "index_price": 45596.71, "direction": "sell", "amount": 0.1}, {"trade_seq": 121, "trade_id": "173206546", "timestamp": 1628212511127, "tick_direction": 0, "price": 0.252, "mark_price": 0.25304007, "iv": 87.1, "instrument_name": "BTC-31DEC21-38000-C", "index_price": 40000.88, "direction": "buy", "amount": 0.1}, {"trade_seq": 120, "trade_id": "173037456", "timestamp": 1628169207399, "tick_direction": 2, "price": 0.221, "mark_price": 0.22210622, "iv": 84.4, "instrument_name": "BTC-31DEC21-38000-C", "index_price": 37758.14, "direction": "sell", "amount": 0.1}, {"trade_seq": 119, "trade_id": "173036265", "timestamp": 1628168832526, "tick_direction": 2, "price": 0.223, "mark_price": 0.22404742, "iv": 84.6, "instrument_name": "BTC-31DEC21-38000-C", "index_price": 37885.87, "direction": "buy", "amount": 0.2}, {"trade_seq": 118, "trade_id": "173033489", "timestamp": 1628168424820, "tick_direction": 1, "price": 0.2255, "mark_price": 0.22622151, "iv": 84.88, "instrument_name": "BTC-31DEC21-38000-C", "index_price": 38053.02, "direction": "buy", "amount": 0.1}, {"trade_seq": 117, "trade_id": "173033487", "timestamp": 1628168424311, "tick_direction": 1, "price": 0.2255, "mark_price": 0.22626294, "iv": 84.88, "instrument_name": "BTC-31DEC21-38000-C", "index_price": 38053.02, "direction": "buy", "amount": 0.1}, {"trade_seq": 116, "trade_id": "173033486", "timestamp": 1628168424276, "tick_direction": 1, "price": 0.2255, "mark_price": 0.22626294, "iv": 84.88, "instrument_name": "BTC-31DEC21-38000-C", "index_price": 38053.02, "direction": "buy", "amount": 0.1}, {"trade_seq": 115, "trade_id": "173033478", "timestamp": 1628168423551, "tick_direction": 0, "price": 0.2255, "mark_price": 0.2262301, "iv": 84.87, "instrument_name": "BTC-31DEC21-38000-C", "index_price": 38056.69, "direction": "buy", "amount": 0.2}, {"trade_seq": 114, "trade_id": "173027163", "timestamp": 1628167597573, "tick_direction": 1, "price": 0.22, "mark_price": 0.21854241, "iv": 85.75, "instrument_name": "BTC-31DEC21-38000-C", "index_price": 37389.1, "direction": "sell", "amount": 0.3}, {"trade_seq": 113, "trade_id": "173027100", "timestamp": 1628167597119, "tick_direction": 0, "price": 0.22, "mark_price": 0.21854241, "iv": 85.79, "instrument_name": "BTC-31DEC21-38000-C", "index_price": 37394.86, "direction": "sell", "amount": 0.1}, {"trade_seq": 112, "trade_id": "173026448", "timestamp": 1628167585287, "tick_direction": 2, "price": 0.219, "mark_price": 0.21857955, "iv": 85.61, "instrument_name": "BTC-31DEC21-38000-C", "index_price": 37328.86, "direction": "sell", "amount": 0.5}, {"trade_seq": 111, "trade_id": "173025502", "timestamp": 1628167568171, "tick_direction": 1, "price": 0.22, "mark_price": 0.21890855, "iv": 85.62, "instrument_name": "BTC-31DEC21-38000-C", "index_price": 37418.64, "direction": "sell", "amount": 0.4}, {"trade_seq": 110, "trade_id": "173025438", "timestamp": 1628167567882, "tick_direction": 0, "price": 0.22, "mark_price": 0.21890855, "iv": 85.62, "instrument_name": "BTC-31DEC21-38000-C", "index_price": 37417.8, "direction": "sell", "amount": 0.4}, {"trade_seq": 109, "trade_id": "173025135", "timestamp": 1628167560014, "tick_direction": 0, "price": 0.2195, "mark_price": 0.21896321, "iv": 85.41, "instrument_name": "BTC-31DEC21-38000-C", "index_price": 37422.78, "direction": "sell", "amount": 0.1}, {"trade_seq": 108, "trade_id": "173024910", "timestamp": 1628167558395, "tick_direction": 2, "price": 0.219, "mark_price": 0.21907941, "iv": 85.2, "instrument_name": "BTC-31DEC21-38000-C", "index_price": 37418.67, "direction": "sell", "amount": 0.3}, {"trade_seq": 107, "trade_id": "172951980", "timestamp": 1628126946057, "tick_direction": 0, "price": 0.24, "mark_price": 0.23938073, "iv": 85.29, "instrument_name": "BTC-31DEC21-38000-C", "index_price": 39190.48, "direction": "sell", "amount": 0.1}, {"trade_seq": 106, "trade_id": "172804238", "timestamp": 1628056336590, "tick_direction": 1, "price": 0.225, "mark_price": 0.2257468, "iv": 84.09, "instrument_name": "BTC-31DEC21-38000-C", "index_price": 38063.73, "direction": "sell", "amount": 0.1}, {"trade_seq": 105, "trade_id": "172803487", "timestamp": 1628055577762, "tick_direction": 1, "price": 0.225, "mark_price": 0.22534133, "iv": 84.04, "instrument_name": "BTC-31DEC21-38000-C", "index_price": 38064.75, "direction": "sell", "amount": 0.1}, {"trade_seq": 104, "trade_id": "172803470", "timestamp": 1628055574321, "tick_direction": 1, "price": 0.225, "mark_price": 0.22540791, "iv": 84.01, "instrument_name": "BTC-31DEC21-38000-C", "index_price": 38073.07, "direction": "sell", "amount": 0.1}, {"trade_seq": 103, "trade_id": "172801261", "timestamp": 1628053779916, "tick_direction": 1, "price": 0.225, "mark_price": 0.22494403, "iv": 83.97, "instrument_name": "BTC-31DEC21-38000-C", "index_price": 38092.21, "direction": "sell", "amount": 0.1}, {"trade_seq": 102, "trade_id": "172801258", "timestamp": 1628053778293, "tick_direction": 0, "price": 0.225, "mark_price": 0.2249467, "iv": 83.97, "instrument_name": "BTC-31DEC21-38000-C", "index_price": 38091.91, "direction": "sell", "amount": 0.1}, {"trade_seq": 101, "trade_id": "172791012", "timestamp": 1628047300010, "tick_direction": 2, "price": 0.2245, "mark_price": 0.22419277, "iv": 84.46, "instrument_name": "BTC-31DEC21-38000-C", "index_price": 37946.78, "direction": "sell", "amount": 0.4}, {"trade_seq": 100, "trade_id": "172772439", "timestamp": 1628035083983, "tick_direction": 2, "price": 0.2255, "mark_price": 0.22569484, "iv": 83.85, "instrument_name": "BTC-31DEC21-38000-C", "index_price": 38117.61, "direction": "buy", "amount": 0.1}, {"trade_seq": 99, "trade_id": "172767102", "timestamp": 1628031633760, "tick_direction": 1, "price": 0.229, "mark_price": 0.2288389, "iv": 84.02, "instrument_name": "BTC-31DEC21-38000-C", "index_price": 38401.34, "direction": "buy", "amount": 0.1}, {"trade_seq": 98, "trade_id": "172767091", "timestamp": 1628031626073, "tick_direction": 1, "price": 0.229, "mark_price": 0.22870794, "iv": 84.08, "instrument_name": "BTC-31DEC21-38000-C", "index_price": 38384.17, "direction": "buy", "amount": 0.1}, {"trade_seq": 97, "trade_id": "172767078", "timestamp": 1628031623144, "tick_direction": 1, "price": 0.229, "mark_price": 0.22862506, "iv": 84.12, "instrument_name": "BTC-31DEC21-38000-C", "index_price": 38372.97, "direction": "buy", "amount": 0.1}, {"trade_seq": 96, "trade_id": "172767072", "timestamp": 1628031622905, "tick_direction": 1, "price": 0.229, "mark_price": 0.22863563, "iv": 84.12, "instrument_name": "BTC-31DEC21-38000-C", "index_price": 38372.97, "direction": "buy", "amount": 0.1}, {"trade_seq": 95, "trade_id": "172767030", "timestamp": 1628031617787, "tick_direction": 1, "price": 0.229, "mark_price": 0.22858134, "iv": 84.15, "instrument_name": "BTC-31DEC21-38000-C", "index_price": 38363.45, "direction": "buy", "amount": 0.1}, {"trade_seq": 94, "trade_id": "172767020", "timestamp": 1628031614699, "tick_direction": 1, "price": 0.229, "mark_price": 0.22851229, "iv": 84.18, "instrument_name": "BTC-31DEC21-38000-C", "index_price": 38353.25, "direction": "buy", "amount": 0.1}, {"trade_seq": 93, "trade_id": "172767019", "timestamp": 1628031614569, "tick_direction": 0, "price": 0.229, "mark_price": 0.22851229, "iv": 84.18, "instrument_name": "BTC-31DEC21-38000-C", "index_price": 38353.25, "direction": "buy", "amount": 0.1}, {"trade_seq": 92, "trade_id": "172755090", "timestamp": 1628023304130, "tick_direction": 0, "price": 0.225, "mark_price": 0.22419572, "iv": 84.6, "instrument_name": "BTC-31DEC21-38000-C", "index_price": 37901.1, "direction": "sell", "amount": 0.1}, {"trade_seq": 91, "trade_id": "172755088", "timestamp": 1628023303820, "tick_direction": 3, "price": 0.2245, "mark_price": 0.22419572, "iv": 84.39, "instrument_name": "BTC-31DEC21-38000-C", "index_price": 37901.1, "direction": "sell", "amount": 0.1}, {"trade_seq": 90, "trade_id": "172755070", "timestamp": 1628023298904, "tick_direction": 3, "price": 0.2245, "mark_price": 0.22415868, "iv": 84.4, "instrument_name": "BTC-31DEC21-38000-C", "index_price": 37893.52, "direction": "sell", "amount": 0.1}, {"trade_seq": 89, "trade_id": "172752074", "timestamp": 1628021854290, "tick_direction": 3, "price": 0.2245, "mark_price": 0.22375695, "iv": 84.47, "instrument_name": "BTC-31DEC21-38000-C", "index_price": 37874.01, "direction": "sell", "amount": 0.1}, {"trade_seq": 88, "trade_id": "172752073", "timestamp": 1628021853949, "tick_direction": 3, "price": 0.2245, "mark_price": 0.22374025, "iv": 84.47, "instrument_name": "BTC-31DEC21-38000-C", "index_price": 37873.33, "direction": "sell", "amount": 0.1}, {"trade_seq": 87, "trade_id": "172752072", "timestamp": 1628021853681, "tick_direction": 2, "price": 0.2245, "mark_price": 0.22374025, "iv": 84.47, "instrument_name": "BTC-31DEC21-38000-C", "index_price": 37873.33, "direction": "sell", "amount": 0.1}, {"trade_seq": 86, "trade_id": "172752070", "timestamp": 1628021850697, "tick_direction": 0, "price": 0.225, "mark_price": 0.22381124, "iv": 84.67, "instrument_name": "BTC-31DEC21-38000-C", "index_price": 37874.01, "direction": "sell", "amount": 0.2}, {"trade_seq": 85, "trade_id": "172752069", "timestamp": 1628021850078, "tick_direction": 2, "price": 0.2245, "mark_price": 0.22380886, "iv": 84.45, "instrument_name": "BTC-31DEC21-38000-C", "index_price": 37876.75, "direction": "sell", "amount": 0.2}, {"trade_seq": 84, "trade_id": "172735535", "timestamp": 1628014693714, "tick_direction": 0, "price": 0.225, "mark_price": 0.22338296, "iv": 84.8, "instrument_name": "BTC-31DEC21-38000-C", "index_price": 37829.9, "direction": "sell", "amount": 0.2}, {"trade_seq": 83, "trade_id": "172735534", "timestamp": 1628014693442, "tick_direction": 3, "price": 0.2245, "mark_price": 0.22338296, "iv": 84.59, "instrument_name": "BTC-31DEC21-38000-C", "index_price": 37829.9, "direction": "sell", "amount": 0.1}, {"trade_seq": 82, "trade_id": "172735533", "timestamp": 1628014693367, "tick_direction": 3, "price": 0.2245, "mark_price": 0.22338296, "iv": 84.59, "instrument_name": "BTC-31DEC21-38000-C", "index_price": 37829.9, "direction": "sell", "amount": 0.2}, {"trade_seq": 81, "trade_id": "172735532", "timestamp": 1628014693156, "tick_direction": 3, "price": 0.2245, "mark_price": 0.22342927, "iv": 84.59, "instrument_name": "BTC-31DEC21-38000-C", "index_price": 37829.9, "direction": "sell", "amount": 0.2}, {"trade_seq": 80, "trade_id": "172735531", "timestamp": 1628014692903, "tick_direction": 2, "price": 0.2245, "mark_price": 0.22342927, "iv": 84.59, "instrument_name": "BTC-31DEC21-38000-C", "index_price": 37829.9, "direction": "sell", "amount": 0.4}, {"trade_seq": 79, "trade_id": "172732787", "timestamp": 1628014216027, "tick_direction": 1, "price": 0.225, "mark_price": 0.22324864, "iv": 84.71, "instrument_name": "BTC-31DEC21-38000-C", "index_price": 37891.18, "direction": "sell", "amount": 0.1}, {"trade_seq": 78, "trade_id": "172732779", "timestamp": 1628014215731, "tick_direction": 1, "price": 0.225, "mark_price": 0.22324662, "iv": 84.71, "instrument_name": "BTC-31DEC21-38000-C", "index_price": 37891.18, "direction": "sell", "amount": 0.2}, {"trade_seq": 77, "trade_id": "172732724", "timestamp": 1628014206444, "tick_direction": 1, "price": 0.225, "mark_price": 0.22331841, "iv": 84.68, "instrument_name": "BTC-31DEC21-38000-C", "index_price": 37903.67, "direction": "sell", "amount": 0.1}, {"trade_seq": 76, "trade_id": "172732723", "timestamp": 1628014206335, "tick_direction": 0, "price": 0.225, "mark_price": 0.22331841, "iv": 84.67, "instrument_name": "BTC-31DEC21-38000-C", "index_price": 37885.55, "direction": "sell", "amount": 0.3}, {"trade_seq": 75, "trade_id": "172731837", "timestamp": 1628014146737, "tick_direction": 1, "price": 0.224, "mark_price": 0.22161707, "iv": 84.92, "instrument_name": "BTC-31DEC21-38000-C", "index_price": 37754.46, "direction": "sell", "amount": 0.1}, {"trade_seq": 74, "trade_id": "172731833", "timestamp": 1628014146347, "tick_direction": 0, "price": 0.224, "mark_price": 0.22149077, "iv": 84.92, "instrument_name": "BTC-31DEC21-38000-C", "index_price": 37754.46, "direction": "sell", "amount": 0.5}, {"trade_seq": 73, "trade_id": "172731830", "timestamp": 1628014145989, "tick_direction": 1, "price": 0.2235, "mark_price": 0.22149077, "iv": 84.76, "instrument_name": "BTC-31DEC21-38000-C", "index_price": 37759.42, "direction": "sell", "amount": 0.1}, {"trade_seq": 72, "trade_id": "172731827", "timestamp": 1628014145938, "tick_direction": 1, "price": 0.2235, "mark_price": 0.22149077, "iv": 84.76, "instrument_name": "BTC-31DEC21-38000-C", "index_price": 37759.42, "direction": "sell", "amount": 0.1}, {"trade_seq": 71, "trade_id": "172731826", "timestamp": 1628014145926, "tick_direction": 1, "price": 0.2235, "mark_price": 0.22149077, "iv": 84.76, "instrument_name": "BTC-31DEC21-38000-C", "index_price": 37759.42, "direction": "sell", "amount": 0.2}, {"trade_seq": 70, "trade_id": "172731817", "timestamp": 1628014145348, "tick_direction": 0, "price": 0.2235, "mark_price": 0.22148039, "iv": 84.76, "instrument_name": "BTC-31DEC21-38000-C", "index_price": 37759.42, "direction": "sell", "amount": 0.1}, {"trade_seq": 69, "trade_id": "172730463", "timestamp": 1628014125321, "tick_direction": 0, "price": 0.223, "mark_price": 0.22127032, "iv": 84.64, "instrument_name": "BTC-31DEC21-38000-C", "index_price": 37669.78, "direction": "sell", "amount": 0.1}, {"trade_seq": 68, "trade_id": "172730137", "timestamp": 1628014122679, "tick_direction": 2, "price": 0.2225, "mark_price": 0.22182997, "iv": 84.18, "instrument_name": "BTC-31DEC21-38000-C", "index_price": 37744.58, "direction": "sell", "amount": 0.1}, {"trade_seq": 67, "trade_id": "172728912", "timestamp": 1628014070456, "tick_direction": 1, "price": 0.225, "mark_price": 0.22277512, "iv": 84.78, "instrument_name": "BTC-31DEC21-38000-C", "index_price": 37878.01, "direction": "sell", "amount": 0.1}, {"trade_seq": 66, "trade_id": "172728910", "timestamp": 1628014070172, "tick_direction": 0, "price": 0.225, "mark_price": 0.22277512, "iv": 84.78, "instrument_name": "BTC-31DEC21-38000-C", "index_price": 37878.01, "direction": "sell", "amount": 0.4}, {"trade_seq": 65, "trade_id": "172728909", "timestamp": 1628014069870, "tick_direction": 1, "price": 0.2245, "mark_price": 0.22277512, "iv": 84.57, "instrument_name": "BTC-31DEC21-38000-C", "index_price": 37878.01, "direction": "sell", "amount": 0.4}, {"trade_seq": 64, "trade_id": "172728908", "timestamp": 1628014069739, "tick_direction": 1, "price": 0.2245, "mark_price": 0.22277512, "iv": 84.57, "instrument_name": "BTC-31DEC21-38000-C", "index_price": 37878.01, "direction": "sell", "amount": 0.1}, {"trade_seq": 63, "trade_id": "172728907", "timestamp": 1628014069457, "tick_direction": 0, "price": 0.2245, "mark_price": 0.22295493, "iv": 84.54, "instrument_name": "BTC-31DEC21-38000-C", "index_price": 37884.92, "direction": "sell", "amount": 0.3}, {"trade_seq": 62, "trade_id": "172728905", "timestamp": 1628014069004, "tick_direction": 3, "price": 0.224, "mark_price": 0.22295493, "iv": 84.29, "instrument_name": "BTC-31DEC21-38000-C", "index_price": 37884.92, "direction": "sell", "amount": 0.1}, {"trade_seq": 61, "trade_id": "172728903", "timestamp": 1628014068924, "tick_direction": 2, "price": 0.224, "mark_price": 0.22295493, "iv": 84.29, "instrument_name": "BTC-31DEC21-38000-C", "index_price": 37884.92, "direction": "sell", "amount": 0.3}, {"trade_seq": 60, "trade_id": "172721439", "timestamp": 1628011831376, "tick_direction": 3, "price": 0.227, "mark_price": 0.22695574, "iv": 83.7, "instrument_name": "BTC-31DEC21-38000-C", "index_price": 38263.29, "direction": "buy", "amount": 0.1}, {"trade_seq": 59, "trade_id": "172721438", "timestamp": 1628011831374, "tick_direction": 3, "price": 0.227, "mark_price": 0.22695574, "iv": 83.7, "instrument_name": "BTC-31DEC21-38000-C", "index_price": 38263.29, "direction": "buy", "amount": 0.1}, {"trade_seq": 58, "trade_id": "172721436", "timestamp": 1628011830884, "tick_direction": 3, "price": 0.227, "mark_price": 0.22691724, "iv": 83.7, "instrument_name": "BTC-31DEC21-38000-C", "index_price": 38263.29, "direction": "buy", "amount": 0.1}, {"trade_seq": 57, "trade_id": "172721419", "timestamp": 1628011830067, "tick_direction": 2, "price": 0.227, "mark_price": 0.2269194, "iv": 83.72, "instrument_name": "BTC-31DEC21-38000-C", "index_price": 38259.14, "direction": "buy", "amount": 0.1}, {"trade_seq": 56, "trade_id": "172718750", "timestamp": 1628010665051, "tick_direction": 1, "price": 0.2285, "mark_price": 0.22846915, "iv": 83.65, "instrument_name": "BTC-31DEC21-38000-C", "index_price": 38422.92, "direction": "buy", "amount": 0.1}, {"trade_seq": 55, "trade_id": "172718748", "timestamp": 1628010664823, "tick_direction": 1, "price": 0.2285, "mark_price": 0.22846915, "iv": 83.65, "instrument_name": "BTC-31DEC21-38000-C", "index_price": 38422.92, "direction": "buy", "amount": 0.1}, {"trade_seq": 54, "trade_id": "172718747", "timestamp": 1628010664823, "tick_direction": 0, "price": 0.2285, "mark_price": 0.22846915, "iv": 83.65, "instrument_name": "BTC-31DEC21-38000-C", "index_price": 38422.92, "direction": "buy", "amount": 0.2}, {"trade_seq": 53, "trade_id": "172699924", "timestamp": 1628004781629, "tick_direction": 1, "price": 0.225, "mark_price": 0.22467273, "iv": 84.25, "instrument_name": "BTC-31DEC21-38000-C", "index_price": 37938.89, "direction": "sell", "amount": 0.3}, {"trade_seq": 52, "trade_id": "172699849", "timestamp": 1628004781131, "tick_direction": 1, "price": 0.225, "mark_price": 0.22475347, "iv": 84.22, "instrument_name": "BTC-31DEC21-38000-C", "index_price": 37943.73, "direction": "sell", "amount": 0.1}, {"trade_seq": 51, "trade_id": "172699814", "timestamp": 1628004769044, "tick_direction": 1, "price": 0.225, "mark_price": 0.22487646, "iv": 84.17, "instrument_name": "BTC-31DEC21-38000-C", "index_price": 37951.61, "direction": "sell", "amount": 0.2}, {"trade_seq": 50, "trade_id": "172699813", "timestamp": 1628004768942, "tick_direction": 1, "price": 0.225, "mark_price": 0.22487646, "iv": 84.17, "instrument_name": "BTC-31DEC21-38000-C", "index_price": 37951.61, "direction": "sell", "amount": 0.1}, {"trade_seq": 49, "trade_id": "172699812", "timestamp": 1628004768647, "tick_direction": 1, "price": 0.225, "mark_price": 0.22487646, "iv": 84.17, "instrument_name": "BTC-31DEC21-38000-C", "index_price": 37951.61, "direction": "sell", "amount": 0.5}, {"trade_seq": 48, "trade_id": "172662446", "timestamp": 1627992199630, "tick_direction": 1, "price": 0.225, "mark_price": 0.22358155, "iv": 84.78, "instrument_name": "BTC-31DEC21-38000-C", "index_price": 37844.66, "direction": "sell", "amount": 0.4}, {"trade_seq": 47, "trade_id": "172662433", "timestamp": 1627992199255, "tick_direction": 1, "price": 0.225, "mark_price": 0.22358155, "iv": 84.79, "instrument_name": "BTC-31DEC21-38000-C", "index_price": 37844.66, "direction": "sell", "amount": 0.3}, {"trade_seq": 46, "trade_id": "172662415", "timestamp": 1627992199083, "tick_direction": 0, "price": 0.225, "mark_price": 0.22354342, "iv": 84.79, "instrument_name": "BTC-31DEC21-38000-C", "index_price": 37844.66, "direction": "sell", "amount": 0.2}, {"trade_seq": 45, "trade_id": "172662389", "timestamp": 1627992197688, "tick_direction": 0, "price": 0.224, "mark_price": 0.22352332, "iv": 84.39, "instrument_name": "BTC-31DEC21-38000-C", "index_price": 37842.93, "direction": "sell", "amount": 0.1}, {"trade_seq": 44, "trade_id": "172661985", "timestamp": 1627992191356, "tick_direction": 2, "price": 0.2235, "mark_price": 0.22399649, "iv": 83.99, "instrument_name": "BTC-31DEC21-38000-C", "index_price": 37884.48, "direction": "sell", "amount": 0.3}, {"trade_seq": 43, "trade_id": "172661113", "timestamp": 1627992156684, "tick_direction": 2, "price": 0.2245, "mark_price": 0.22440436, "iv": 84.22, "instrument_name": "BTC-31DEC21-38000-C", "index_price": 37928.26, "direction": "sell", "amount": 0.1}, {"trade_seq": 42, "trade_id": "172629965", "timestamp": 1627975738730, "tick_direction": 0, "price": 0.23, "mark_price": 0.22940722, "iv": 83.4, "instrument_name": "BTC-31DEC21-38000-C", "index_price": 38597.77, "direction": "buy", "amount": 0.1}, {"trade_seq": 41, "trade_id": "172628703", "timestamp": 1627974670433, "tick_direction": 1, "price": 0.228, "mark_price": 0.22741251, "iv": 83.43, "instrument_name": "BTC-31DEC21-38000-C", "index_price": 38394.21, "direction": "buy", "amount": 0.1}, {"trade_seq": 40, "trade_id": "172628662", "timestamp": 1627974604087, "tick_direction": 1, "price": 0.228, "mark_price": 0.2276288, "iv": 83.38, "instrument_name": "BTC-31DEC21-38000-C", "index_price": 38394.57, "direction": "buy", "amount": 0.1}, {"trade_seq": 39, "trade_id": "172625396", "timestamp": 1627972330273, "tick_direction": 0, "price": 0.228, "mark_price": 0.22713945, "iv": 83.64, "instrument_name": "BTC-31DEC21-38000-C", "index_price": 38317.08, "direction": "sell", "amount": 0.4}, {"trade_seq": 38, "trade_id": "172622831", "timestamp": 1627970406437, "tick_direction": 0, "price": 0.2275, "mark_price": 0.22708208, "iv": 83.81, "instrument_name": "BTC-31DEC21-38000-C", "index_price": 38242.75, "direction": "sell", "amount": 0.5}, {"trade_seq": 37, "trade_id": "172622816", "timestamp": 1627970403429, "tick_direction": 2, "price": 0.227, "mark_price": 0.2273074, "iv": 83.62, "instrument_name": "BTC-31DEC21-38000-C", "index_price": 38228.74, "direction": "sell", "amount": 0.3}, {"trade_seq": 36, "trade_id": "171843421", "timestamp": 1627593908866, "tick_direction": 2, "price": 0.246, "mark_price": 0.2457163, "iv": 84.19, "instrument_name": "BTC-31DEC21-38000-C", "index_price": 39634.43, "direction": "sell", "amount": 4.0}, {"trade_seq": 35, "trade_id": "171762283", "timestamp": 1627555394888, "tick_direction": 0, "price": 0.254, "mark_price": 0.25405568, "iv": 84.18, "instrument_name": "BTC-31DEC21-38000-C", "index_price": 40198.41, "direction": "buy", "amount": 0.5}, {"trade_seq": 34, "trade_id": "171482902", "timestamp": 1627453891849, "tick_direction": 0, "price": 0.248, "mark_price": 0.24818437, "iv": 82.94, "instrument_name": "BTC-31DEC21-38000-C", "index_price": 39838.2, "direction": "buy", "amount": 1.0}, {"trade_seq": 33, "trade_id": "171217672", "timestamp": 1627382145901, "tick_direction": 1, "price": 0.2235, "mark_price": 0.2232166, "iv": 82.37, "instrument_name": "BTC-31DEC21-38000-C", "index_price": 37570.86, "direction": "buy", "amount": 0.2}, {"trade_seq": 32, "trade_id": "171217520", "timestamp": 1627382086414, "tick_direction": 1, "price": 0.2235, "mark_price": 0.22340011, "iv": 82.33, "instrument_name": "BTC-31DEC21-38000-C", "index_price": 37580.93, "direction": "buy", "amount": 0.1}, {"trade_seq": 31, "trade_id": "171217505", "timestamp": 1627382081776, "tick_direction": 1, "price": 0.2235, "mark_price": 0.22334263, "iv": 82.35, "instrument_name": "BTC-31DEC21-38000-C", "index_price": 37576.16, "direction": "buy", "amount": 0.1}, {"trade_seq": 30, "trade_id": "171217480", "timestamp": 1627382071207, "tick_direction": 0, "price": 0.2235, "mark_price": 0.223303, "iv": 82.38, "instrument_name": "BTC-31DEC21-38000-C", "index_price": 37572.06, "direction": "buy", "amount": 0.1}, {"trade_seq": 29, "trade_id": "171091376", "timestamp": 1627339634413, "tick_direction": 1, "price": 0.2225, "mark_price": 0.22232019, "iv": 82.75, "instrument_name": "BTC-31DEC21-38000-C", "index_price": 37208.38, "direction": "buy", "amount": 0.5}, {"trade_seq": 28, "trade_id": "171091363", "timestamp": 1627339634120, "tick_direction": 1, "price": 0.2225, "mark_price": 0.22232019, "iv": 82.79, "instrument_name": "BTC-31DEC21-38000-C", "index_price": 37200.23, "direction": "buy", "amount": 0.1}, {"trade_seq": 27, "trade_id": "171091356", "timestamp": 1627339633788, "tick_direction": 1, "price": 0.2225, "mark_price": 0.22232019, "iv": 82.79, "instrument_name": "BTC-31DEC21-38000-C", "index_price": 37200.23, "direction": "buy", "amount": 0.1}, {"trade_seq": 26, "trade_id": "171091355", "timestamp": 1627339633716, "tick_direction": 1, "price": 0.2225, "mark_price": 0.22232019, "iv": 82.79, "instrument_name": "BTC-31DEC21-38000-C", "index_price": 37200.23, "direction": "buy", "amount": 0.1}, {"trade_seq": 25, "trade_id": "171091228", "timestamp": 1627339565029, "tick_direction": 1, "price": 0.2225, "mark_price": 0.22218341, "iv": 82.86, "instrument_name": "BTC-31DEC21-38000-C", "index_price": 37201.59, "direction": "buy", "amount": 0.1}, {"trade_seq": 24, "trade_id": "171091220", "timestamp": 1627339564092, "tick_direction": 0, "price": 0.2225, "mark_price": 0.22218004, "iv": 82.87, "instrument_name": "BTC-31DEC21-38000-C", "index_price": 37194.48, "direction": "buy", "amount": 0.1}, {"trade_seq": 23, "trade_id": "171087501", "timestamp": 1627338706981, "tick_direction": 3, "price": 0.222, "mark_price": 0.22199404, "iv": 82.84, "instrument_name": "BTC-31DEC21-38000-C", "index_price": 37149.85, "direction": "buy", "amount": 0.1}, {"trade_seq": 22, "trade_id": "171087464", "timestamp": 1627338702376, "tick_direction": 3, "price": 0.222, "mark_price": 0.22186304, "iv": 82.91, "instrument_name": "BTC-31DEC21-38000-C", "index_price": 37132.64, "direction": "buy", "amount": 0.1}, {"trade_seq": 21, "trade_id": "171087458", "timestamp": 1627338702114, "tick_direction": 3, "price": 0.222, "mark_price": 0.22186304, "iv": 82.91, "instrument_name": "BTC-31DEC21-38000-C", "index_price": 37132.64, "direction": "buy", "amount": 0.1}, {"trade_seq": 20, "trade_id": "171087438", "timestamp": 1627338699457, "tick_direction": 3, "price": 0.222, "mark_price": 0.22188627, "iv": 82.89, "instrument_name": "BTC-31DEC21-38000-C", "index_price": 37136.73, "direction": "buy", "amount": 0.1}, {"trade_seq": 19, "trade_id": "171087419", "timestamp": 1627338696793, "tick_direction": 3, "price": 0.222, "mark_price": 0.2217683, "iv": 82.94, "instrument_name": "BTC-31DEC21-38000-C", "index_price": 37125.82, "direction": "buy", "amount": 0.1}, {"trade_seq": 18, "trade_id": "171087415", "timestamp": 1627338695709, "tick_direction": 3, "price": 0.222, "mark_price": 0.22168231, "iv": 82.98, "instrument_name": "BTC-31DEC21-38000-C", "index_price": 37122.69, "direction": "buy", "amount": 0.1}, {"trade_seq": 17, "trade_id": "171087408", "timestamp": 1627338693252, "tick_direction": 3, "price": 0.222, "mark_price": 0.22171391, "iv": 82.97, "instrument_name": "BTC-31DEC21-38000-C", "index_price": 37117.22, "direction": "buy", "amount": 0.1}, {"trade_seq": 16, "trade_id": "171087399", "timestamp": 1627338691976, "tick_direction": 3, "price": 0.222, "mark_price": 0.221558, "iv": 83.03, "instrument_name": "BTC-31DEC21-38000-C", "index_price": 37106.34, "direction": "buy", "amount": 0.1}, {"trade_seq": 15, "trade_id": "171087374", "timestamp": 1627338686346, "tick_direction": 3, "price": 0.222, "mark_price": 0.22157767, "iv": 83.03, "instrument_name": "BTC-31DEC21-38000-C", "index_price": 37101.78, "direction": "buy", "amount": 0.1}, {"trade_seq": 14, "trade_id": "171087361", "timestamp": 1627338681804, "tick_direction": 2, "price": 0.222, "mark_price": 0.22143905, "iv": 83.09, "instrument_name": "BTC-31DEC21-38000-C", "index_price": 37086.68, "direction": "buy", "amount": 0.1}, {"trade_seq": 13, "trade_id": "170874369", "timestamp": 1627304618132, "tick_direction": 0, "price": 0.2355, "mark_price": 0.23477073, "iv": 83.46, "instrument_name": "BTC-31DEC21-38000-C", "index_price": 38235.03, "direction": "sell", "amount": 10.0}, {"trade_seq": 12, "trade_id": "170816951", "timestamp": 1627292670842, "tick_direction": 1, "price": 0.2325, "mark_price": 0.23177945, "iv": 82.56, "instrument_name": "BTC-31DEC21-38000-C", "index_price": 38219.81, "direction": "buy", "amount": 0.2}, {"trade_seq": 11, "trade_id": "170815950", "timestamp": 1627292295526, "tick_direction": 0, "price": 0.2325, "mark_price": 0.23190469, "iv": 82.56, "instrument_name": "BTC-31DEC21-38000-C", "index_price": 38230.28, "direction": "buy", "amount": 0.1}, {"trade_seq": 10, "trade_id": "170797930", "timestamp": 1627287631012, "tick_direction": 2, "price": 0.23, "mark_price": 0.22934789, "iv": 82.53, "instrument_name": "BTC-31DEC21-38000-C", "index_price": 38022.7, "direction": "buy", "amount": 0.4}, {"trade_seq": 9, "trade_id": "170780055", "timestamp": 1627285180778, "tick_direction": 2, "price": 0.2305, "mark_price": 0.2309066, "iv": 82.19, "instrument_name": "BTC-31DEC21-38000-C", "index_price": 38184.65, "direction": "buy", "amount": 1.3}, {"trade_seq": 8, "trade_id": "170651809", "timestamp": 1627261297622, "tick_direction": 0, "price": 0.2365, "mark_price": 0.23000465, "iv": 82.12, "instrument_name": "BTC-31DEC21-38000-C", "index_price": 38574.45, "direction": "buy", "amount": 2.0}, {"trade_seq": 7, "trade_id": "170639965", "timestamp": 1627261120648, "tick_direction": 0, "price": 0.216, "mark_price": 0.2179514, "iv": 81.57, "instrument_name": "BTC-31DEC21-38000-C", "index_price": 36834.27, "direction": "sell", "amount": 2.2}, {"trade_seq": 6, "trade_id": "170036991", "timestamp": 1626987935567, "tick_direction": 0, "price": 0.158, "mark_price": 0.15647196, "iv": 80.89, "instrument_name": "BTC-31DEC21-38000-C", "index_price": 32259.47, "direction": "buy", "amount": 0.1}, {"trade_seq": 5, "trade_id": "169732176", "timestamp": 1626858250293, "tick_direction": 1, "price": 0.147, "mark_price": 0.14738532, "iv": 82.03, "instrument_name": "BTC-31DEC21-38000-C", "index_price": 30930.95, "direction": "buy", "amount": 2.9}, {"trade_seq": 4, "trade_id": "169729266", "timestamp": 1626856696243, "tick_direction": 0, "price": 0.147, "mark_price": 0.14673013, "iv": 82.36, "instrument_name": "BTC-31DEC21-38000-C", "index_price": 30844.9, "direction": "buy", "amount": 2.0}, {"trade_seq": 3, "trade_id": "169726837", "timestamp": 1626854942321, "tick_direction": 2, "price": 0.1465, "mark_price": 0.14726705, "iv": 82.37, "instrument_name": "BTC-31DEC21-38000-C", "index_price": 30794.68, "direction": "sell", "amount": 10.0}, {"trade_seq": 2, "trade_id": "169726672", "timestamp": 1626854804161, "tick_direction": 2, "price": 0.147, "mark_price": 0.14762159, "iv": 82.5, "instrument_name": "BTC-31DEC21-38000-C", "index_price": 30823.27, "direction": "buy", "amount": 0.1}, {"trade_seq": 1, "trade_id": "169077184", "timestamp": 1626546296380, "tick_direction": 1, "price": 0.167, "mark_price": 0.16610572, "iv": 84.81, "instrument_name": "BTC-31DEC21-38000-C", "index_price": 31783.6, "direction": "sell", "amount": 0.1}], "has_more": false}