{"trades": [{"trade_seq": 4298, "trade_id": "196613163", "timestamp": 1640615330414, "tick_direction": 3, "price": 0.0005, "mark_price": 6.269e-05, "iv": 131.18, "instrument_name": "BTC-31DEC21-70000-C", "index_price": 51273.62, "direction": "buy", "amount": 2.5}, {"trade_seq": 4297, "trade_id": "196501756", "timestamp": 1640505021742, "tick_direction": 3, "price": 0.0005, "mark_price": 0.00013485, "iv": 121.65, "instrument_name": "BTC-31DEC21-70000-C", "index_price": 49902.24, "direction": "buy", "amount": 0.3}, {"trade_seq": 4296, "trade_id": "196501755", "timestamp": 1640505021742, "tick_direction": 3, "price": 0.0005, "mark_price": 0.00013485, "iv": 121.65, "instrument_name": "BTC-31DEC21-70000-C", "index_price": 49902.24, "direction": "buy", "amount": 0.1}, {"trade_seq": 4295, "trade_id": "196501754", "timestamp": 1640505021742, "tick_direction": 3, "price": 0.0005, "mark_price": 0.00013485, "iv": 121.65, "instrument_name": "BTC-31DEC21-70000-C", "index_price": 49902.24, "direction": "buy", "amount": 0.1}, {"trade_seq": 4294, "trade_id": "196392614", "timestamp": 1640380204022, "tick_direction": 3, "price": 0.0005, "mark_price": 0.00072367, "iv": 100.27, "instrument_name": "BTC-31DEC21-70000-C", "index_price": 51138.23, "direction": "sell", "amount": 28.1}, {"trade_seq": 4293, "trade_id": "196392613", "timestamp": 1640380204022, "tick_direction": 2, "price": 0.0005, "mark_price": 0.00072367, "iv": 100.27, "instrument_name": "BTC-31DEC21-70000-C", "index_price": 51138.23, "direction": "sell", "amount": 0.5}, {"trade_seq": 4292, "trade_id": "196391757", "timestamp": 1640378830956, "tick_direction": 0, "price": 0.001, "mark_price": 0.0007362, "iv": 109.3, "instrument_name": "BTC-31DEC21-70000-C", "index_price": 51244.66, "direction": "buy", "amount": 1.0}, {"trade_seq": 4291, "trade_id": "196382985", "timestamp": 1640373667708, "tick_direction": 2, "price": 0.0005, "mark_price": 0.00069797, "iv": 97.37, "instrument_name": "BTC-31DEC21-70000-C", "index_price": 51573.94, "direction": "sell", "amount": 4.0}, {"trade_seq": 4290, "trade_id": "196367565", "timestamp": 1640366581423, "tick_direction": 0, "price": 0.001, "mark_price": 0.00059619, "iv": 110.39, "instrument_name": "BTC-31DEC21-70000-C", "index_price": 50862.73, "direction": "buy", "amount": 0.1}, {"trade_seq": 4289, "trade_id": "196358628", "timestamp": 1640359974132, "tick_direction": 3, "price": 0.0005, "mark_price": 0.00055106, "iv": 100.1, "instrument_name": "BTC-31DEC21-70000-C", "index_price": 50838.09, "direction": "buy", "amount": 1.0}, {"trade_seq": 4288, "trade_id": "196333371", "timestamp": 1640344552266, "tick_direction": 3, "price": 0.0005, "mark_price": 0.00073017, "iv": 96.44, "instrument_name": "BTC-31DEC21-70000-C", "index_price": 51295.88, "direction": "sell", "amount": 3.0}, {"trade_seq": 4287, "trade_id": "196333370", "timestamp": 1640344552266, "tick_direction": 3, "price": 0.0005, "mark_price": 0.00073017, "iv": 96.44, "instrument_name": "BTC-31DEC21-70000-C", "index_price": 51295.88, "direction": "sell", "amount": 0.9}, {"trade_seq": 4286, "trade_id": "196332530", "timestamp": 1640343712404, "tick_direction": 3, "price": 0.0005, "mark_price": 0.0007204, "iv": 96.89, "instrument_name": "BTC-31DEC21-70000-C", "index_price": 51189.71, "direction": "sell", "amount": 1.0}, {"trade_seq": 4285, "trade_id": "196332299", "timestamp": 1640343463068, "tick_direction": 3, "price": 0.0005, "mark_price": 0.00071709, "iv": 96.92, "instrument_name": "BTC-31DEC21-70000-C", "index_price": 51192.89, "direction": "sell", "amount": 1.0}, {"trade_seq": 4284, "trade_id": "196329168", "timestamp": 1640340514042, "tick_direction": 2, "price": 0.0005, "mark_price": 0.00070799, "iv": 96.52, "instrument_name": "BTC-31DEC21-70000-C", "index_price": 51213.32, "direction": "sell", "amount": 0.1}, {"trade_seq": 4283, "trade_id": "196287338", "timestamp": 1640311097706, "tick_direction": 1, "price": 0.0015, "mark_price": 0.00126566, "iv": 109.0, "instrument_name": "BTC-31DEC21-70000-C", "index_price": 51349.77, "direction": "buy", "amount": 0.6}, {"trade_seq": 4282, "trade_id": "196287337", "timestamp": 1640311097706, "tick_direction": 1, "price": 0.0015, "mark_price": 0.00126566, "iv": 109.0, "instrument_name": "BTC-31DEC21-70000-C", "index_price": 51349.77, "direction": "buy", "amount": 0.1}, {"trade_seq": 4281, "trade_id": "196261836", "timestamp": 1640290263773, "tick_direction": 0, "price": 0.0015, "mark_price": 0.00091392, "iv": 108.87, "instrument_name": "BTC-31DEC21-70000-C", "index_price": 51031.73, "direction": "buy", "amount": 1.0}, {"trade_seq": 4280, "trade_id": "196247854", "timestamp": 1640287137101, "tick_direction": 1, "price": 0.001, "mark_price": 0.00073726, "iv": 103.88, "instrument_name": "BTC-31DEC21-70000-C", "index_price": 50736.92, "direction": "buy", "amount": 0.9}, {"trade_seq": 4279, "trade_id": "196247853", "timestamp": 1640287137101, "tick_direction": 1, "price": 0.001, "mark_price": 0.00073726, "iv": 103.88, "instrument_name": "BTC-31DEC21-70000-C", "index_price": 50736.92, "direction": "buy", "amount": 0.1}, {"trade_seq": 4278, "trade_id": "196235462", "timestamp": 1640282592909, "tick_direction": 1, "price": 0.001, "mark_price": 0.00077792, "iv": 105.29, "instrument_name": "BTC-31DEC21-70000-C", "index_price": 50368.96, "direction": "buy", "amount": 3.9}, {"trade_seq": 4277, "trade_id": "196235461", "timestamp": 1640282592909, "tick_direction": 0, "price": 0.001, "mark_price": 0.00077792, "iv": 105.29, "instrument_name": "BTC-31DEC21-70000-C", "index_price": 50368.96, "direction": "buy", "amount": 0.1}, {"trade_seq": 4276, "trade_id": "196199807", "timestamp": 1640262942510, "tick_direction": 3, "price": 0.0005, "mark_price": 0.00050041, "iv": 103.48, "instrument_name": "BTC-31DEC21-70000-C", "index_price": 48587.59, "direction": "buy", "amount": 2.0}, {"trade_seq": 4275, "trade_id": "196188604", "timestamp": 1640248036649, "tick_direction": 3, "price": 0.0005, "mark_price": 0.0007234, "iv": 104.17, "instrument_name": "BTC-31DEC21-70000-C", "index_price": 48228.73, "direction": "buy", "amount": 0.2}, {"trade_seq": 4274, "trade_id": "196188603", "timestamp": 1640248036646, "tick_direction": 3, "price": 0.0005, "mark_price": 0.0007234, "iv": 104.17, "instrument_name": "BTC-31DEC21-70000-C", "index_price": 48228.73, "direction": "sell", "amount": 0.1}, {"trade_seq": 4273, "trade_id": "196188602", "timestamp": 1640248036646, "tick_direction": 3, "price": 0.0005, "mark_price": 0.0007234, "iv": 104.17, "instrument_name": "BTC-31DEC21-70000-C", "index_price": 48228.73, "direction": "sell", "amount": 4.7}, {"trade_seq": 4272, "trade_id": "196188601", "timestamp": 1640248032124, "tick_direction": 3, "price": 0.0005, "mark_price": 0.00072421, "iv": 104.15, "instrument_name": "BTC-31DEC21-70000-C", "index_price": 48232.25, "direction": "sell", "amount": 5.0}, {"trade_seq": 4271, "trade_id": "196188325", "timestamp": 1640247782116, "tick_direction": 3, "price": 0.0005, "mark_price": 0.00071099, "iv": 104.38, "instrument_name": "BTC-31DEC21-70000-C", "index_price": 48175.18, "direction": "sell", "amount": 0.1}, {"trade_seq": 4270, "trade_id": "196182157", "timestamp": 1640243487020, "tick_direction": 3, "price": 0.0005, "mark_price": 0.0007157, "iv": 102.52, "instrument_name": "BTC-31DEC21-70000-C", "index_price": 48483.4, "direction": "sell", "amount": 0.1}, {"trade_seq": 4269, "trade_id": "196170004", "timestamp": 1640221789981, "tick_direction": 3, "price": 0.0005, "mark_price": 0.00073608, "iv": 101.54, "instrument_name": "BTC-31DEC21-70000-C", "index_price": 48371.82, "direction": "sell", "amount": 5.0}, {"trade_seq": 4268, "trade_id": "196170003", "timestamp": 1640221787594, "tick_direction": 3, "price": 0.0005, "mark_price": 0.00073959, "iv": 101.54, "instrument_name": "BTC-31DEC21-70000-C", "index_price": 48373.51, "direction": "sell", "amount": 5.0}, {"trade_seq": 4267, "trade_id": "196168663", "timestamp": 1640220085942, "tick_direction": 3, "price": 0.0005, "mark_price": 0.00074795, "iv": 101.89, "instrument_name": "BTC-31DEC21-70000-C", "index_price": 48273.23, "direction": "sell", "amount": 5.0}, {"trade_seq": 4266, "trade_id": "196168662", "timestamp": 1640220085708, "tick_direction": 3, "price": 0.0005, "mark_price": 0.00074795, "iv": 101.89, "instrument_name": "BTC-31DEC21-70000-C", "index_price": 48273.23, "direction": "sell", "amount": 5.0}, {"trade_seq": 4265, "trade_id": "196168651", "timestamp": 1640220082376, "tick_direction": 3, "price": 0.0005, "mark_price": 0.00074325, "iv": 101.95, "instrument_name": "BTC-31DEC21-70000-C", "index_price": 48261.96, "direction": "sell", "amount": 5.0}, {"trade_seq": 4264, "trade_id": "196168636", "timestamp": 1640220079680, "tick_direction": 3, "price": 0.0005, "mark_price": 0.00074222, "iv": 102.01, "instrument_name": "BTC-31DEC21-70000-C", "index_price": 48249.35, "direction": "sell", "amount": 5.0}, {"trade_seq": 4263, "trade_id": "196159047", "timestamp": 1640211223761, "tick_direction": 3, "price": 0.0005, "mark_price": 0.00070876, "iv": 97.92, "instrument_name": "BTC-31DEC21-70000-C", "index_price": 48956.64, "direction": "sell", "amount": 0.3}, {"trade_seq": 4262, "trade_id": "196159046", "timestamp": 1640211223761, "tick_direction": 3, "price": 0.0005, "mark_price": 0.00070876, "iv": 97.92, "instrument_name": "BTC-31DEC21-70000-C", "index_price": 48956.64, "direction": "sell", "amount": 1.0}, {"trade_seq": 4261, "trade_id": "196159045", "timestamp": 1640211223761, "tick_direction": 3, "price": 0.0005, "mark_price": 0.00070876, "iv": 97.92, "instrument_name": "BTC-31DEC21-70000-C", "index_price": 48956.64, "direction": "sell", "amount": 0.8}, {"trade_seq": 4260, "trade_id": "196159044", "timestamp": 1640211223761, "tick_direction": 3, "price": 0.0005, "mark_price": 0.00070876, "iv": 97.92, "instrument_name": "BTC-31DEC21-70000-C", "index_price": 48956.64, "direction": "sell", "amount": 2.9}, {"trade_seq": 4259, "trade_id": "196159025", "timestamp": 1640211171481, "tick_direction": 3, "price": 0.0005, "mark_price": 0.00071601, "iv": 97.76, "instrument_name": "BTC-31DEC21-70000-C", "index_price": 48981.22, "direction": "sell", "amount": 5.0}, {"trade_seq": 4258, "trade_id": "196157619", "timestamp": 1640209582204, "tick_direction": 3, "price": 0.0005, "mark_price": 0.00072384, "iv": 97.53, "instrument_name": "BTC-31DEC21-70000-C", "index_price": 49016.06, "direction": "sell", "amount": 0.1}, {"trade_seq": 4257, "trade_id": "196142632", "timestamp": 1640191114753, "tick_direction": 3, "price": 0.0005, "mark_price": 0.00072734, "iv": 96.14, "instrument_name": "BTC-31DEC21-70000-C", "index_price": 49087.23, "direction": "sell", "amount": 1.0}, {"trade_seq": 4256, "trade_id": "196141718", "timestamp": 1640190014364, "tick_direction": 3, "price": 0.0005, "mark_price": 0.0007091, "iv": 96.17, "instrument_name": "BTC-31DEC21-70000-C", "index_price": 49073.11, "direction": "sell", "amount": 1.0}, {"trade_seq": 4255, "trade_id": "196133230", "timestamp": 1640183016743, "tick_direction": 3, "price": 0.0005, "mark_price": 0.00073483, "iv": 96.97, "instrument_name": "BTC-31DEC21-70000-C", "index_price": 48785.28, "direction": "sell", "amount": 0.1}, {"trade_seq": 4254, "trade_id": "196128425", "timestamp": 1640178939499, "tick_direction": 3, "price": 0.0005, "mark_price": 0.00071583, "iv": 97.09, "instrument_name": "BTC-31DEC21-70000-C", "index_price": 48713.67, "direction": "sell", "amount": 0.1}, {"trade_seq": 4253, "trade_id": "196125633", "timestamp": 1640177453911, "tick_direction": 3, "price": 0.0005, "mark_price": 0.00071651, "iv": 96.81, "instrument_name": "BTC-31DEC21-70000-C", "index_price": 48735.52, "direction": "sell", "amount": 0.3}, {"trade_seq": 4252, "trade_id": "196125632", "timestamp": 1640177453911, "tick_direction": 3, "price": 0.0005, "mark_price": 0.00071651, "iv": 96.81, "instrument_name": "BTC-31DEC21-70000-C", "index_price": 48735.52, "direction": "sell", "amount": 4.7}, {"trade_seq": 4251, "trade_id": "196118463", "timestamp": 1640167711779, "tick_direction": 2, "price": 0.0005, "mark_price": 0.00073908, "iv": 94.84, "instrument_name": "BTC-31DEC21-70000-C", "index_price": 49050.8, "direction": "sell", "amount": 0.1}, {"trade_seq": 4250, "trade_id": "196113789", "timestamp": 1640164399856, "tick_direction": 0, "price": 0.001, "mark_price": 0.00071896, "iv": 102.18, "instrument_name": "BTC-31DEC21-70000-C", "index_price": 49320.67, "direction": "buy", "amount": 0.1}, {"trade_seq": 4249, "trade_id": "196112703", "timestamp": 1640163398180, "tick_direction": 3, "price": 0.0005, "mark_price": 0.00071764, "iv": 92.81, "instrument_name": "BTC-31DEC21-70000-C", "index_price": 49410.52, "direction": "sell", "amount": 0.1}, {"trade_seq": 4248, "trade_id": "196112702", "timestamp": 1640163397748, "tick_direction": 2, "price": 0.0005, "mark_price": 0.0007176, "iv": 92.81, "instrument_name": "BTC-31DEC21-70000-C", "index_price": 49410.52, "direction": "sell", "amount": 0.1}, {"trade_seq": 4247, "trade_id": "196112660", "timestamp": 1640163276411, "tick_direction": 2, "price": 0.001, "mark_price": 0.00071599, "iv": 101.65, "instrument_name": "BTC-31DEC21-70000-C", "index_price": 49401.05, "direction": "buy", "amount": 0.1}, {"trade_seq": 4246, "trade_id": "196047415", "timestamp": 1640092556592, "tick_direction": 1, "price": 0.0015, "mark_price": 0.00092758, "iv": 106.81, "instrument_name": "BTC-31DEC21-70000-C", "index_price": 48681.22, "direction": "buy", "amount": 2.1}, {"trade_seq": 4245, "trade_id": "196047414", "timestamp": 1640092556592, "tick_direction": 0, "price": 0.0015, "mark_price": 0.00092758, "iv": 106.81, "instrument_name": "BTC-31DEC21-70000-C", "index_price": 48681.22, "direction": "buy", "amount": 0.1}, {"trade_seq": 4244, "trade_id": "196044417", "timestamp": 1640091267435, "tick_direction": 1, "price": 0.001, "mark_price": 0.00109427, "iv": 99.66, "instrument_name": "BTC-31DEC21-70000-C", "index_price": 48886.45, "direction": "sell", "amount": 2.1}, {"trade_seq": 4243, "trade_id": "196044250", "timestamp": 1640091200897, "tick_direction": 1, "price": 0.001, "mark_price": 0.00114357, "iv": 99.66, "instrument_name": "BTC-31DEC21-70000-C", "index_price": 48883.45, "direction": "sell", "amount": 2.1}, {"trade_seq": 4242, "trade_id": "196029946", "timestamp": 1640083937219, "tick_direction": 1, "price": 0.001, "mark_price": 0.00122716, "iv": 99.97, "instrument_name": "BTC-31DEC21-70000-C", "index_price": 48721.69, "direction": "buy", "amount": 3.5}, {"trade_seq": 4241, "trade_id": "196029945", "timestamp": 1640083937178, "tick_direction": 1, "price": 0.001, "mark_price": 0.00122716, "iv": 99.97, "instrument_name": "BTC-31DEC21-70000-C", "index_price": 48721.69, "direction": "sell", "amount": 1.0}, {"trade_seq": 4240, "trade_id": "196016681", "timestamp": 1640074898638, "tick_direction": 1, "price": 0.001, "mark_price": 0.00105901, "iv": 99.05, "instrument_name": "BTC-31DEC21-70000-C", "index_price": 48780.1, "direction": "sell", "amount": 0.1}, {"trade_seq": 4239, "trade_id": "195990919", "timestamp": 1640061273738, "tick_direction": 1, "price": 0.001, "mark_price": 0.00072515, "iv": 98.33, "instrument_name": "BTC-31DEC21-70000-C", "index_price": 48747.58, "direction": "buy", "amount": 0.2}, {"trade_seq": 4238, "trade_id": "195990918", "timestamp": 1640061273738, "tick_direction": 0, "price": 0.001, "mark_price": 0.00072515, "iv": 98.33, "instrument_name": "BTC-31DEC21-70000-C", "index_price": 48747.58, "direction": "buy", "amount": 5.0}, {"trade_seq": 4237, "trade_id": "195862796", "timestamp": 1639988114957, "tick_direction": 2, "price": 0.0005, "mark_price": 0.00072542, "iv": 96.35, "instrument_name": "BTC-31DEC21-70000-C", "index_price": 46494.94, "direction": "sell", "amount": 0.3}, {"trade_seq": 4236, "trade_id": "195855897", "timestamp": 1639983918164, "tick_direction": 1, "price": 0.001, "mark_price": 0.00070546, "iv": 105.03, "instrument_name": "BTC-31DEC21-70000-C", "index_price": 46475.54, "direction": "buy", "amount": 18.0}, {"trade_seq": 4235, "trade_id": "195855896", "timestamp": 1639983918164, "tick_direction": 1, "price": 0.001, "mark_price": 0.00070546, "iv": 105.03, "instrument_name": "BTC-31DEC21-70000-C", "index_price": 46475.54, "direction": "buy", "amount": 15.0}, {"trade_seq": 4234, "trade_id": "195855761", "timestamp": 1639983785102, "tick_direction": 1, "price": 0.001, "mark_price": 0.00070887, "iv": 104.86, "instrument_name": "BTC-31DEC21-70000-C", "index_price": 46507.1, "direction": "buy", "amount": 9.7}, {"trade_seq": 4233, "trade_id": "195855760", "timestamp": 1639983785102, "tick_direction": 1, "price": 0.001, "mark_price": 0.00070887, "iv": 104.86, "instrument_name": "BTC-31DEC21-70000-C", "index_price": 46507.1, "direction": "buy", "amount": 0.3}, {"trade_seq": 4232, "trade_id": "195855706", "timestamp": 1639983719927, "tick_direction": 1, "price": 0.001, "mark_price": 0.00071222, "iv": 104.76, "instrument_name": "BTC-31DEC21-70000-C", "index_price": 46530.75, "direction": "buy", "amount": 39.7}, {"trade_seq": 4231, "trade_id": "195855705", "timestamp": 1639983719927, "tick_direction": 1, "price": 0.001, "mark_price": 0.00071222, "iv": 104.76, "instrument_name": "BTC-31DEC21-70000-C", "index_price": 46530.75, "direction": "buy", "amount": 0.3}, {"trade_seq": 4230, "trade_id": "195855704", "timestamp": 1639983719927, "tick_direction": 1, "price": 0.001, "mark_price": 0.00071222, "iv": 104.76, "instrument_name": "BTC-31DEC21-70000-C", "index_price": 46530.75, "direction": "buy", "amount": 15.0}, {"trade_seq": 4229, "trade_id": "195812752", "timestamp": 1639954770944, "tick_direction": 0, "price": 0.001, "mark_price": 0.00072073, "iv": 99.3, "instrument_name": "BTC-31DEC21-70000-C", "index_price": 47352.78, "direction": "buy", "amount": 1.0}, {"trade_seq": 4228, "trade_id": "195784192", "timestamp": 1639924607235, "tick_direction": 2, "price": 0.0005, "mark_price": 0.00097739, "iv": 88.61, "instrument_name": "BTC-31DEC21-70000-C", "index_price": 47576.48, "direction": "sell", "amount": 0.1}, {"trade_seq": 4227, "trade_id": "195767993", "timestamp": 1639922005032, "tick_direction": 1, "price": 0.001, "mark_price": 0.00090208, "iv": 98.97, "instrument_name": "BTC-31DEC21-70000-C", "index_price": 47096.21, "direction": "sell", "amount": 0.1}, {"trade_seq": 4226, "trade_id": "195760304", "timestamp": 1639911411196, "tick_direction": 1, "price": 0.001, "mark_price": 0.00089219, "iv": 98.16, "instrument_name": "BTC-31DEC21-70000-C", "index_price": 47134.82, "direction": "sell", "amount": 1.0}, {"trade_seq": 4225, "trade_id": "195760201", "timestamp": 1639911233227, "tick_direction": 1, "price": 0.001, "mark_price": 0.00081952, "iv": 98.08, "instrument_name": "BTC-31DEC21-70000-C", "index_price": 47157.11, "direction": "sell", "amount": 2.1}, {"trade_seq": 4224, "trade_id": "195760022", "timestamp": 1639911034011, "tick_direction": 1, "price": 0.001, "mark_price": 0.00073064, "iv": 97.85, "instrument_name": "BTC-31DEC21-70000-C", "index_price": 47214.37, "direction": "sell", "amount": 2.3}, {"trade_seq": 4223, "trade_id": "195760021", "timestamp": 1639911033908, "tick_direction": 0, "price": 0.001, "mark_price": 0.00073064, "iv": 97.85, "instrument_name": "BTC-31DEC21-70000-C", "index_price": 47214.37, "direction": "buy", "amount": 0.1}, {"trade_seq": 4222, "trade_id": "195749871", "timestamp": 1639901489482, "tick_direction": 2, "price": 0.0005, "mark_price": 0.00090718, "iv": 87.52, "instrument_name": "BTC-31DEC21-70000-C", "index_price": 47576.16, "direction": "sell", "amount": 0.1}, {"trade_seq": 4221, "trade_id": "195714718", "timestamp": 1639870315669, "tick_direction": 1, "price": 0.001, "mark_price": 0.00072664, "iv": 97.42, "instrument_name": "BTC-31DEC21-70000-C", "index_price": 46868.31, "direction": "buy", "amount": 0.2}, {"trade_seq": 4220, "trade_id": "195706367", "timestamp": 1639860624465, "tick_direction": 1, "price": 0.001, "mark_price": 0.00074856, "iv": 97.03, "instrument_name": "BTC-31DEC21-70000-C", "index_price": 46832.17, "direction": "buy", "amount": 1.0}, {"trade_seq": 4219, "trade_id": "195691598", "timestamp": 1639846589796, "tick_direction": 1, "price": 0.001, "mark_price": 0.00074619, "iv": 96.14, "instrument_name": "BTC-31DEC21-70000-C", "index_price": 46917.27, "direction": "buy", "amount": 1.0}, {"trade_seq": 4218, "trade_id": "195690750", "timestamp": 1639845642105, "tick_direction": 1, "price": 0.001, "mark_price": 0.00097, "iv": 96.36, "instrument_name": "BTC-31DEC21-70000-C", "index_price": 46875.4, "direction": "sell", "amount": 2.0}, {"trade_seq": 4217, "trade_id": "195683711", "timestamp": 1639839602526, "tick_direction": 1, "price": 0.001, "mark_price": 0.00072327, "iv": 95.38, "instrument_name": "BTC-31DEC21-70000-C", "index_price": 47028.81, "direction": "buy", "amount": 0.1}, {"trade_seq": 4216, "trade_id": "195683710", "timestamp": 1639839602526, "tick_direction": 0, "price": 0.001, "mark_price": 0.00072327, "iv": 95.38, "instrument_name": "BTC-31DEC21-70000-C", "index_price": 47028.81, "direction": "buy", "amount": 0.1}, {"trade_seq": 4215, "trade_id": "195674348", "timestamp": 1639830604874, "tick_direction": 3, "price": 0.0005, "mark_price": 0.0007185, "iv": 87.16, "instrument_name": "BTC-31DEC21-70000-C", "index_price": 46989.67, "direction": "sell", "amount": 0.7}, {"trade_seq": 4214, "trade_id": "195674347", "timestamp": 1639830604874, "tick_direction": 3, "price": 0.0005, "mark_price": 0.0007185, "iv": 87.16, "instrument_name": "BTC-31DEC21-70000-C", "index_price": 46989.67, "direction": "sell", "amount": 0.2}, {"trade_seq": 4213, "trade_id": "195674346", "timestamp": 1639830604874, "tick_direction": 2, "price": 0.0005, "mark_price": 0.0007185, "iv": 87.16, "instrument_name": "BTC-31DEC21-70000-C", "index_price": 46989.67, "direction": "sell", "amount": 0.1}, {"trade_seq": 4212, "trade_id": "195628249", "timestamp": 1639794796084, "tick_direction": 3, "price": 0.001, "mark_price": 0.0007148, "iv": 98.78, "instrument_name": "BTC-31DEC21-70000-C", "index_price": 45837.56, "direction": "sell", "amount": 0.3}, {"trade_seq": 4211, "trade_id": "195628248", "timestamp": 1639794796081, "tick_direction": 3, "price": 0.001, "mark_price": 0.0007148, "iv": 98.78, "instrument_name": "BTC-31DEC21-70000-C", "index_price": 45837.56, "direction": "buy", "amount": 0.2}, {"trade_seq": 4210, "trade_id": "195604950", "timestamp": 1639783798231, "tick_direction": 3, "price": 0.001, "mark_price": 0.00121704, "iv": 96.07, "instrument_name": "BTC-31DEC21-70000-C", "index_price": 46336.56, "direction": "sell", "amount": 1.0}, {"trade_seq": 4209, "trade_id": "195599917", "timestamp": 1639781254501, "tick_direction": 2, "price": 0.001, "mark_price": 0.00124562, "iv": 96.07, "instrument_name": "BTC-31DEC21-70000-C", "index_price": 46338.42, "direction": "sell", "amount": 1.0}, {"trade_seq": 4208, "trade_id": "195596716", "timestamp": 1639780034849, "tick_direction": 1, "price": 0.0015, "mark_price": 0.00127842, "iv": 102.16, "instrument_name": "BTC-31DEC21-70000-C", "index_price": 46222.84, "direction": "buy", "amount": 0.3}, {"trade_seq": 4207, "trade_id": "195596715", "timestamp": 1639780034849, "tick_direction": 0, "price": 0.0015, "mark_price": 0.00127842, "iv": 102.16, "instrument_name": "BTC-31DEC21-70000-C", "index_price": 46222.84, "direction": "buy", "amount": 0.3}, {"trade_seq": 4206, "trade_id": "195569841", "timestamp": 1639769011445, "tick_direction": 3, "price": 0.001, "mark_price": 0.00123535, "iv": 92.61, "instrument_name": "BTC-31DEC21-70000-C", "index_price": 46996.83, "direction": "sell", "amount": 1.0}, {"trade_seq": 4205, "trade_id": "195569840", "timestamp": 1639769011445, "tick_direction": 3, "price": 0.001, "mark_price": 0.00123535, "iv": 92.61, "instrument_name": "BTC-31DEC21-70000-C", "index_price": 46996.83, "direction": "sell", "amount": 0.2}, {"trade_seq": 4204, "trade_id": "195569839", "timestamp": 1639769011445, "tick_direction": 3, "price": 0.001, "mark_price": 0.00123535, "iv": 92.61, "instrument_name": "BTC-31DEC21-70000-C", "index_price": 46996.83, "direction": "sell", "amount": 12.1}, {"trade_seq": 4203, "trade_id": "195560831", "timestamp": 1639764511975, "tick_direction": 3, "price": 0.001, "mark_price": 0.00121099, "iv": 93.58, "instrument_name": "BTC-31DEC21-70000-C", "index_price": 46713.16, "direction": "sell", "amount": 5.0}, {"trade_seq": 4202, "trade_id": "195557875", "timestamp": 1639762991492, "tick_direction": 3, "price": 0.001, "mark_price": 0.00123274, "iv": 93.1, "instrument_name": "BTC-31DEC21-70000-C", "index_price": 46844.96, "direction": "sell", "amount": 2.9}, {"trade_seq": 4201, "trade_id": "195557874", "timestamp": 1639762991492, "tick_direction": 3, "price": 0.001, "mark_price": 0.00123274, "iv": 93.1, "instrument_name": "BTC-31DEC21-70000-C", "index_price": 46844.96, "direction": "sell", "amount": 2.0}, {"trade_seq": 4200, "trade_id": "195557873", "timestamp": 1639762991492, "tick_direction": 3, "price": 0.001, "mark_price": 0.00123274, "iv": 93.1, "instrument_name": "BTC-31DEC21-70000-C", "index_price": 46844.96, "direction": "sell", "amount": 1.0}, {"trade_seq": 4199, "trade_id": "195557872", "timestamp": 1639762991492, "tick_direction": 3, "price": 0.001, "mark_price": 0.00123274, "iv": 93.1, "instrument_name": "BTC-31DEC21-70000-C", "index_price": 46844.96, "direction": "sell", "amount": 4.1}, {"trade_seq": 4198, "trade_id": "195519599", "timestamp": 1639753594563, "tick_direction": 3, "price": 0.001, "mark_price": 0.00122702, "iv": 97.16, "instrument_name": "BTC-31DEC21-70000-C", "index_price": 45803.45, "direction": "sell", "amount": 5.0}, {"trade_seq": 4197, "trade_id": "195490633", "timestamp": 1639750264006, "tick_direction": 3, "price": 0.001, "mark_price": 0.00119184, "iv": 93.34, "instrument_name": "BTC-31DEC21-70000-C", "index_price": 46678.63, "direction": "sell", "amount": 5.0}, {"trade_seq": 4196, "trade_id": "195488650", "timestamp": 1639749795399, "tick_direction": 2, "price": 0.001, "mark_price": 0.0011957, "iv": 92.55, "instrument_name": "BTC-31DEC21-70000-C", "index_price": 46862.39, "direction": "sell", "amount": 1.5}, {"trade_seq": 4195, "trade_id": "195482105", "timestamp": 1639744654405, "tick_direction": 0, "price": 0.0015, "mark_price": 0.00123079, "iv": 96.2, "instrument_name": "BTC-31DEC21-70000-C", "index_price": 47226.33, "direction": "buy", "amount": 0.1}, {"trade_seq": 4194, "trade_id": "195481031", "timestamp": 1639743394934, "tick_direction": 3, "price": 0.001, "mark_price": 0.00127077, "iv": 90.95, "instrument_name": "BTC-31DEC21-70000-C", "index_price": 47173.53, "direction": "sell", "amount": 4.4}, {"trade_seq": 4193, "trade_id": "195481030", "timestamp": 1639743394934, "tick_direction": 2, "price": 0.001, "mark_price": 0.00127077, "iv": 90.95, "instrument_name": "BTC-31DEC21-70000-C", "index_price": 47173.53, "direction": "sell", "amount": 0.6}, {"trade_seq": 4192, "trade_id": "195475038", "timestamp": 1639737374916, "tick_direction": 1, "price": 0.0015, "mark_price": 0.00174094, "iv": 96.93, "instrument_name": "BTC-31DEC21-70000-C", "index_price": 46968.02, "direction": "sell", "amount": 2.7}, {"trade_seq": 4191, "trade_id": "195475037", "timestamp": 1639737374910, "tick_direction": 1, "price": 0.0015, "mark_price": 0.00174094, "iv": 96.93, "instrument_name": "BTC-31DEC21-70000-C", "index_price": 46968.02, "direction": "sell", "amount": 22.3}, {"trade_seq": 4190, "trade_id": "195475036", "timestamp": 1639737374910, "tick_direction": 1, "price": 0.0015, "mark_price": 0.00174094, "iv": 96.93, "instrument_name": "BTC-31DEC21-70000-C", "index_price": 46968.02, "direction": "sell", "amount": 7.7}, {"trade_seq": 4189, "trade_id": "195474457", "timestamp": 1639737075174, "tick_direction": 1, "price": 0.0015, "mark_price": 0.00168806, "iv": 97.45, "instrument_name": "BTC-31DEC21-70000-C", "index_price": 46838.37, "direction": "sell", "amount": 0.5}, {"trade_seq": 4188, "trade_id": "195474103", "timestamp": 1639736952278, "tick_direction": 1, "price": 0.0015, "mark_price": 0.00169268, "iv": 97.26, "instrument_name": "BTC-31DEC21-70000-C", "index_price": 46901.37, "direction": "sell", "amount": 0.5}, {"trade_seq": 4187, "trade_id": "195473333", "timestamp": 1639736640168, "tick_direction": 1, "price": 0.0015, "mark_price": 0.00169037, "iv": 96.74, "instrument_name": "BTC-31DEC21-70000-C", "index_price": 47006.07, "direction": "sell", "amount": 0.5}, {"trade_seq": 4186, "trade_id": "195473128", "timestamp": 1639736594859, "tick_direction": 1, "price": 0.0015, "mark_price": 0.0017408, "iv": 96.28, "instrument_name": "BTC-31DEC21-70000-C", "index_price": 47138.46, "direction": "sell", "amount": 0.5}, {"trade_seq": 4185, "trade_id": "195470935", "timestamp": 1639733987198, "tick_direction": 1, "price": 0.0015, "mark_price": 0.00143382, "iv": 95.87, "instrument_name": "BTC-31DEC21-70000-C", "index_price": 47186.65, "direction": "sell", "amount": 15.0}, {"trade_seq": 4184, "trade_id": "195470868", "timestamp": 1639733925460, "tick_direction": 1, "price": 0.0015, "mark_price": 0.00136686, "iv": 95.8, "instrument_name": "BTC-31DEC21-70000-C", "index_price": 47208.38, "direction": "sell", "amount": 3.0}, {"trade_seq": 4183, "trade_id": "195470804", "timestamp": 1639733878670, "tick_direction": 1, "price": 0.0015, "mark_price": 0.00130943, "iv": 95.81, "instrument_name": "BTC-31DEC21-70000-C", "index_price": 47203.62, "direction": "sell", "amount": 1.8}, {"trade_seq": 4182, "trade_id": "195470801", "timestamp": 1639733878036, "tick_direction": 1, "price": 0.0015, "mark_price": 0.0013044, "iv": 95.83, "instrument_name": "BTC-31DEC21-70000-C", "index_price": 47203.78, "direction": "sell", "amount": 2.0}, {"trade_seq": 4181, "trade_id": "195470770", "timestamp": 1639733821219, "tick_direction": 1, "price": 0.0015, "mark_price": 0.0012392, "iv": 95.88, "instrument_name": "BTC-31DEC21-70000-C", "index_price": 47189.2, "direction": "sell", "amount": 2.7}, {"trade_seq": 4180, "trade_id": "195470769", "timestamp": 1639733820270, "tick_direction": 1, "price": 0.0015, "mark_price": 0.00123806, "iv": 95.88, "instrument_name": "BTC-31DEC21-70000-C", "index_price": 47189.09, "direction": "sell", "amount": 2.2}, {"trade_seq": 4179, "trade_id": "195470768", "timestamp": 1639733816237, "tick_direction": 1, "price": 0.0015, "mark_price": 0.00123338, "iv": 95.89, "instrument_name": "BTC-31DEC21-70000-C", "index_price": 47189.6, "direction": "sell", "amount": 0.6}, {"trade_seq": 4178, "trade_id": "195470767", "timestamp": 1639733816231, "tick_direction": 1, "price": 0.0015, "mark_price": 0.00123338, "iv": 95.89, "instrument_name": "BTC-31DEC21-70000-C", "index_price": 47189.6, "direction": "sell", "amount": 0.6}, {"trade_seq": 4177, "trade_id": "195470766", "timestamp": 1639733816226, "tick_direction": 1, "price": 0.0015, "mark_price": 0.00123338, "iv": 95.89, "instrument_name": "BTC-31DEC21-70000-C", "index_price": 47189.6, "direction": "sell", "amount": 0.6}, {"trade_seq": 4176, "trade_id": "195470765", "timestamp": 1639733816090, "tick_direction": 1, "price": 0.0015, "mark_price": 0.00123338, "iv": 95.89, "instrument_name": "BTC-31DEC21-70000-C", "index_price": 47189.6, "direction": "sell", "amount": 9.7}, {"trade_seq": 4175, "trade_id": "195470764", "timestamp": 1639733816061, "tick_direction": 1, "price": 0.0015, "mark_price": 0.00123238, "iv": 95.89, "instrument_name": "BTC-31DEC21-70000-C", "index_price": 47189.6, "direction": "buy", "amount": 2.1}, {"trade_seq": 4174, "trade_id": "195470763", "timestamp": 1639733809396, "tick_direction": 1, "price": 0.0015, "mark_price": 0.00122929, "iv": 95.89, "instrument_name": "BTC-31DEC21-70000-C", "index_price": 47189.33, "direction": "buy", "amount": 32.8}, {"trade_seq": 4173, "trade_id": "195470762", "timestamp": 1639733809396, "tick_direction": 1, "price": 0.0015, "mark_price": 0.00122929, "iv": 95.89, "instrument_name": "BTC-31DEC21-70000-C", "index_price": 47189.33, "direction": "buy", "amount": 15.0}, {"trade_seq": 4172, "trade_id": "195470761", "timestamp": 1639733809396, "tick_direction": 1, "price": 0.0015, "mark_price": 0.00122929, "iv": 95.89, "instrument_name": "BTC-31DEC21-70000-C", "index_price": 47189.33, "direction": "buy", "amount": 2.1}, {"trade_seq": 4171, "trade_id": "195470760", "timestamp": 1639733809396, "tick_direction": 0, "price": 0.0015, "mark_price": 0.00122929, "iv": 95.89, "instrument_name": "BTC-31DEC21-70000-C", "index_price": 47189.33, "direction": "buy", "amount": 0.1}, {"trade_seq": 4170, "trade_id": "195420401", "timestamp": 1639696632807, "tick_direction": 2, "price": 0.001, "mark_price": 0.00145586, "iv": 87.03, "instrument_name": "BTC-31DEC21-70000-C", "index_price": 47704.19, "direction": "sell", "amount": 19.9}, {"trade_seq": 4169, "trade_id": "195408138", "timestamp": 1639687942803, "tick_direction": 3, "price": 0.0015, "mark_price": 0.00193445, "iv": 90.22, "instrument_name": "BTC-31DEC21-70000-C", "index_price": 48099.93, "direction": "sell", "amount": 7.9}, {"trade_seq": 4168, "trade_id": "195408137", "timestamp": 1639687942803, "tick_direction": 2, "price": 0.0015, "mark_price": 0.00193445, "iv": 90.22, "instrument_name": "BTC-31DEC21-70000-C", "index_price": 48099.93, "direction": "sell", "amount": 2.1}, {"trade_seq": 4167, "trade_id": "195363318", "timestamp": 1639662445165, "tick_direction": 3, "price": 0.002, "mark_price": 0.00198258, "iv": 90.1, "instrument_name": "BTC-31DEC21-70000-C", "index_price": 48858.13, "direction": "buy", "amount": 1.0}, {"trade_seq": 4166, "trade_id": "195351122", "timestamp": 1639656032832, "tick_direction": 3, "price": 0.002, "mark_price": 0.00233562, "iv": 88.37, "instrument_name": "BTC-31DEC21-70000-C", "index_price": 49205.63, "direction": "sell", "amount": 1.0}, {"trade_seq": 4165, "trade_id": "195334027", "timestamp": 1639640611181, "tick_direction": 3, "price": 0.002, "mark_price": 0.00246006, "iv": 89.06, "instrument_name": "BTC-31DEC21-70000-C", "index_price": 48914.77, "direction": "sell", "amount": 1.0}, {"trade_seq": 4164, "trade_id": "195330444", "timestamp": 1639636479062, "tick_direction": 3, "price": 0.002, "mark_price": 0.00242608, "iv": 89.72, "instrument_name": "BTC-31DEC21-70000-C", "index_price": 48726.64, "direction": "sell", "amount": 5.2}, {"trade_seq": 4163, "trade_id": "195330443", "timestamp": 1639636479062, "tick_direction": 3, "price": 0.002, "mark_price": 0.00242608, "iv": 89.72, "instrument_name": "BTC-31DEC21-70000-C", "index_price": 48726.64, "direction": "sell", "amount": 5.3}, {"trade_seq": 4162, "trade_id": "195330442", "timestamp": 1639636479062, "tick_direction": 3, "price": 0.002, "mark_price": 0.00242608, "iv": 89.72, "instrument_name": "BTC-31DEC21-70000-C", "index_price": 48726.64, "direction": "sell", "amount": 24.5}, {"trade_seq": 4161, "trade_id": "195328686", "timestamp": 1639634520023, "tick_direction": 3, "price": 0.002, "mark_price": 0.00245899, "iv": 90.19, "instrument_name": "BTC-31DEC21-70000-C", "index_price": 48587.62, "direction": "sell", "amount": 0.1}, {"trade_seq": 4160, "trade_id": "195326826", "timestamp": 1639632060310, "tick_direction": 2, "price": 0.002, "mark_price": 0.00242857, "iv": 89.73, "instrument_name": "BTC-31DEC21-70000-C", "index_price": 48681.97, "direction": "sell", "amount": 0.4}, {"trade_seq": 4159, "trade_id": "195317601", "timestamp": 1639620224343, "tick_direction": 2, "price": 0.0025, "mark_price": 0.00297042, "iv": 91.22, "instrument_name": "BTC-31DEC21-70000-C", "index_price": 49031.05, "direction": "sell", "amount": 4.0}, {"trade_seq": 4158, "trade_id": "195317594", "timestamp": 1639620219172, "tick_direction": 2, "price": 0.003, "mark_price": 0.00297524, "iv": 94.15, "instrument_name": "BTC-31DEC21-70000-C", "index_price": 49031.67, "direction": "buy", "amount": 2.1}, {"trade_seq": 4157, "trade_id": "195295274", "timestamp": 1639602086267, "tick_direction": 1, "price": 0.0035, "mark_price": 0.00366823, "iv": 94.62, "instrument_name": "BTC-31DEC21-70000-C", "index_price": 49337.49, "direction": "sell", "amount": 0.3}, {"trade_seq": 4156, "trade_id": "195289889", "timestamp": 1639600610181, "tick_direction": 0, "price": 0.0035, "mark_price": 0.00362838, "iv": 94.58, "instrument_name": "BTC-31DEC21-70000-C", "index_price": 49342.24, "direction": "sell", "amount": 1.0}, {"trade_seq": 4155, "trade_id": "195225047", "timestamp": 1639593578920, "tick_direction": 0, "price": 0.003, "mark_price": 0.00238993, "iv": 99.58, "instrument_name": "BTC-31DEC21-70000-C", "index_price": 47569.87, "direction": "buy", "amount": 3.1}, {"trade_seq": 4154, "trade_id": "195224888", "timestamp": 1639593542775, "tick_direction": 3, "price": 0.0025, "mark_price": 0.00227727, "iv": 96.98, "instrument_name": "BTC-31DEC21-70000-C", "index_price": 47483.53, "direction": "buy", "amount": 1.9}, {"trade_seq": 4153, "trade_id": "195217099", "timestamp": 1639588578046, "tick_direction": 3, "price": 0.0025, "mark_price": 0.00222437, "iv": 98.88, "instrument_name": "BTC-31DEC21-70000-C", "index_price": 46998.53, "direction": "buy", "amount": 0.6}, {"trade_seq": 4152, "trade_id": "195168907", "timestamp": 1639569390870, "tick_direction": 2, "price": 0.0025, "mark_price": 0.00272576, "iv": 93.01, "instrument_name": "BTC-31DEC21-70000-C", "index_price": 48183.23, "direction": "sell", "amount": 0.1}, {"trade_seq": 4151, "trade_id": "195167736", "timestamp": 1639567888571, "tick_direction": 1, "price": 0.003, "mark_price": 0.00324869, "iv": 95.99, "instrument_name": "BTC-31DEC21-70000-C", "index_price": 48163.58, "direction": "sell", "amount": 9.9}, {"trade_seq": 4150, "trade_id": "195167735", "timestamp": 1639567886968, "tick_direction": 1, "price": 0.003, "mark_price": 0.00324834, "iv": 95.99, "instrument_name": "BTC-31DEC21-70000-C", "index_price": 48162.9, "direction": "sell", "amount": 15.0}, {"trade_seq": 4149, "trade_id": "195164243", "timestamp": 1639564495221, "tick_direction": 1, "price": 0.003, "mark_price": 0.00323877, "iv": 95.23, "instrument_name": "BTC-31DEC21-70000-C", "index_price": 48318.56, "direction": "sell", "amount": 0.1}, {"trade_seq": 4148, "trade_id": "195163892", "timestamp": 1639564040829, "tick_direction": 1, "price": 0.003, "mark_price": 0.00322097, "iv": 95.05, "instrument_name": "BTC-31DEC21-70000-C", "index_price": 48360.04, "direction": "sell", "amount": 10.0}, {"trade_seq": 4147, "trade_id": "195138439", "timestamp": 1639540601523, "tick_direction": 0, "price": 0.003, "mark_price": 0.00280262, "iv": 94.68, "instrument_name": "BTC-31DEC21-70000-C", "index_price": 48272.47, "direction": "buy", "amount": 1.0}, {"trade_seq": 4146, "trade_id": "195137411", "timestamp": 1639538936052, "tick_direction": 2, "price": 0.0025, "mark_price": 0.00279915, "iv": 92.34, "instrument_name": "BTC-31DEC21-70000-C", "index_price": 48127.34, "direction": "sell", "amount": 0.2}, {"trade_seq": 4145, "trade_id": "195120666", "timestamp": 1639522256016, "tick_direction": 2, "price": 0.0035, "mark_price": 0.00368785, "iv": 96.72, "instrument_name": "BTC-31DEC21-70000-C", "index_price": 48267.39, "direction": "sell", "amount": 0.1}, {"trade_seq": 4144, "trade_id": "195113679", "timestamp": 1639517845530, "tick_direction": 0, "price": 0.004, "mark_price": 0.00393638, "iv": 97.75, "instrument_name": "BTC-31DEC21-70000-C", "index_price": 48542.76, "direction": "buy", "amount": 1.2}, {"trade_seq": 4143, "trade_id": "195100394", "timestamp": 1639514278982, "tick_direction": 0, "price": 0.0035, "mark_price": 0.0032716, "iv": 98.96, "instrument_name": "BTC-31DEC21-70000-C", "index_price": 47639.16, "direction": "buy", "amount": 0.1}, {"trade_seq": 4142, "trade_id": "195094673", "timestamp": 1639512077547, "tick_direction": 2, "price": 0.003, "mark_price": 0.00288954, "iv": 99.27, "instrument_name": "BTC-31DEC21-70000-C", "index_price": 46958.16, "direction": "sell", "amount": 2.2}, {"trade_seq": 4141, "trade_id": "195069989", "timestamp": 1639495628204, "tick_direction": 1, "price": 0.0035, "mark_price": 0.00305505, "iv": 99.44, "instrument_name": "BTC-31DEC21-70000-C", "index_price": 47417.41, "direction": "buy", "amount": 9.6}, {"trade_seq": 4140, "trade_id": "195069988", "timestamp": 1639495628204, "tick_direction": 0, "price": 0.0035, "mark_price": 0.00305505, "iv": 99.44, "instrument_name": "BTC-31DEC21-70000-C", "index_price": 47417.41, "direction": "buy", "amount": 0.4}, {"trade_seq": 4139, "trade_id": "195061415", "timestamp": 1639490758631, "tick_direction": 1, "price": 0.003, "mark_price": 0.00282989, "iv": 97.19, "instrument_name": "BTC-31DEC21-70000-C", "index_price": 47304.32, "direction": "buy", "amount": 0.1}, {"trade_seq": 4138, "trade_id": "195061414", "timestamp": 1639490758631, "tick_direction": 0, "price": 0.003, "mark_price": 0.00282989, "iv": 97.19, "instrument_name": "BTC-31DEC21-70000-C", "index_price": 47304.32, "direction": "buy", "amount": 0.4}, {"trade_seq": 4137, "trade_id": "195058086", "timestamp": 1639488615582, "tick_direction": 3, "price": 0.0025, "mark_price": 0.00280595, "iv": 93.82, "instrument_name": "BTC-31DEC21-70000-C", "index_price": 47386.22, "direction": "sell", "amount": 0.5}, {"trade_seq": 4136, "trade_id": "195038238", "timestamp": 1639473048294, "tick_direction": 3, "price": 0.0025, "mark_price": 0.00244748, "iv": 93.49, "instrument_name": "BTC-31DEC21-70000-C", "index_price": 47365.16, "direction": "buy", "amount": 0.3}, {"trade_seq": 4135, "trade_id": "195028148", "timestamp": 1639468715129, "tick_direction": 2, "price": 0.0025, "mark_price": 0.00256458, "iv": 94.93, "instrument_name": "BTC-31DEC21-70000-C", "index_price": 46988.16, "direction": "sell", "amount": 0.1}, {"trade_seq": 4134, "trade_id": "195028055", "timestamp": 1639468628509, "tick_direction": 1, "price": 0.003, "mark_price": 0.00251573, "iv": 97.75, "instrument_name": "BTC-31DEC21-70000-C", "index_price": 47019.22, "direction": "buy", "amount": 3.3}, {"trade_seq": 4133, "trade_id": "195007866", "timestamp": 1639453602495, "tick_direction": 1, "price": 0.003, "mark_price": 0.00300367, "iv": 97.63, "instrument_name": "BTC-31DEC21-70000-C", "index_price": 46910.91, "direction": "sell", "amount": 0.1}, {"trade_seq": 4132, "trade_id": "195007513", "timestamp": 1639453205318, "tick_direction": 0, "price": 0.003, "mark_price": 0.00293688, "iv": 97.73, "instrument_name": "BTC-31DEC21-70000-C", "index_price": 46889.22, "direction": "sell", "amount": 0.1}, {"trade_seq": 4131, "trade_id": "194972343", "timestamp": 1639429504438, "tick_direction": 3, "price": 0.0025, "mark_price": 0.00274312, "iv": 95.15, "instrument_name": "BTC-31DEC21-70000-C", "index_price": 46636.68, "direction": "buy", "amount": 1.5}, {"trade_seq": 4130, "trade_id": "194972342", "timestamp": 1639429504415, "tick_direction": 3, "price": 0.0025, "mark_price": 0.00274312, "iv": 95.15, "instrument_name": "BTC-31DEC21-70000-C", "index_price": 46636.68, "direction": "sell", "amount": 0.5}, {"trade_seq": 4129, "trade_id": "194912494", "timestamp": 1639421016960, "tick_direction": 2, "price": 0.0025, "mark_price": 0.00280859, "iv": 91.54, "instrument_name": "BTC-31DEC21-70000-C", "index_price": 47370.37, "direction": "sell", "amount": 0.5}, {"trade_seq": 4128, "trade_id": "194907071", "timestamp": 1639416982846, "tick_direction": 0, "price": 0.0035, "mark_price": 0.00328498, "iv": 95.9, "instrument_name": "BTC-31DEC21-70000-C", "index_price": 47620.66, "direction": "buy", "amount": 0.4}, {"trade_seq": 4127, "trade_id": "194866903", "timestamp": 1639408615037, "tick_direction": 2, "price": 0.003, "mark_price": 0.00309735, "iv": 93.12, "instrument_name": "BTC-31DEC21-70000-C", "index_price": 47651.46, "direction": "buy", "amount": 0.2}, {"trade_seq": 4126, "trade_id": "194853236", "timestamp": 1639404078917, "tick_direction": 3, "price": 0.0035, "mark_price": 0.00362633, "iv": 92.34, "instrument_name": "BTC-31DEC21-70000-C", "index_price": 48397.22, "direction": "buy", "amount": 0.1}, {"trade_seq": 4125, "trade_id": "194848252", "timestamp": 1639400723959, "tick_direction": 2, "price": 0.0035, "mark_price": 0.00397032, "iv": 91.48, "instrument_name": "BTC-31DEC21-70000-C", "index_price": 48604.52, "direction": "sell", "amount": 0.2}, {"trade_seq": 4124, "trade_id": "194846270", "timestamp": 1639398787940, "tick_direction": 0, "price": 0.004, "mark_price": 0.00395293, "iv": 92.37, "instrument_name": "BTC-31DEC21-70000-C", "index_price": 48902.65, "direction": "buy", "amount": 1.0}, {"trade_seq": 4123, "trade_id": "194843106", "timestamp": 1639394985994, "tick_direction": 2, "price": 0.0035, "mark_price": 0.00394296, "iv": 90.73, "instrument_name": "BTC-31DEC21-70000-C", "index_price": 48739.33, "direction": "sell", "amount": 0.2}, {"trade_seq": 4122, "trade_id": "194841887", "timestamp": 1639392484177, "tick_direction": 3, "price": 0.004, "mark_price": 0.00431966, "iv": 92.63, "instrument_name": "BTC-31DEC21-70000-C", "index_price": 48827.31, "direction": "sell", "amount": 5.0}, {"trade_seq": 4121, "trade_id": "194841886", "timestamp": 1639392484177, "tick_direction": 3, "price": 0.004, "mark_price": 0.00431966, "iv": 92.63, "instrument_name": "BTC-31DEC21-70000-C", "index_price": 48827.31, "direction": "sell", "amount": 0.1}, {"trade_seq": 4120, "trade_id": "194841885", "timestamp": 1639392484177, "tick_direction": 2, "price": 0.004, "mark_price": 0.00431966, "iv": 92.63, "instrument_name": "BTC-31DEC21-70000-C", "index_price": 48827.31, "direction": "sell", "amount": 29.8}, {"trade_seq": 4119, "trade_id": "194754048", "timestamp": 1639326725482, "tick_direction": 1, "price": 0.006, "mark_price": 0.00584132, "iv": 93.93, "instrument_name": "BTC-31DEC21-70000-C", "index_price": 49822.35, "direction": "buy", "amount": 9.7}, {"trade_seq": 4118, "trade_id": "194735776", "timestamp": 1639311867603, "tick_direction": 1, "price": 0.006, "mark_price": 0.00587055, "iv": 94.51, "instrument_name": "BTC-31DEC21-70000-C", "index_price": 49533.64, "direction": "buy", "amount": 0.5}, {"trade_seq": 4117, "trade_id": "194730626", "timestamp": 1639309332948, "tick_direction": 1, "price": 0.006, "mark_price": 0.00565392, "iv": 96.29, "instrument_name": "BTC-31DEC21-70000-C", "index_price": 49109.9, "direction": "buy", "amount": 0.3}, {"trade_seq": 4116, "trade_id": "194730625", "timestamp": 1639309332948, "tick_direction": 0, "price": 0.006, "mark_price": 0.00565392, "iv": 96.29, "instrument_name": "BTC-31DEC21-70000-C", "index_price": 49109.9, "direction": "buy", "amount": 1.0}, {"trade_seq": 4115, "trade_id": "194729703", "timestamp": 1639308117659, "tick_direction": 3, "price": 0.005, "mark_price": 0.00552281, "iv": 92.96, "instrument_name": "BTC-31DEC21-70000-C", "index_price": 49056.47, "direction": "sell", "block_trade_id": "27338", "amount": 50.0}, {"trade_seq": 4114, "trade_id": "194686490", "timestamp": 1639262384089, "tick_direction": 2, "price": 0.005, "mark_price": 0.00529253, "iv": 92.38, "instrument_name": "BTC-31DEC21-70000-C", "index_price": 48878.26, "direction": "sell", "amount": 2.0}, {"trade_seq": 4113, "trade_id": "194671372", "timestamp": 1639240368036, "tick_direction": 0, "price": 0.006, "mark_price": 0.00607274, "iv": 93.73, "instrument_name": "BTC-31DEC21-70000-C", "index_price": 49239.8, "direction": "sell", "amount": 5.0}, {"trade_seq": 4112, "trade_id": "194669471", "timestamp": 1639239595432, "tick_direction": 0, "price": 0.0055, "mark_price": 0.00598462, "iv": 92.61, "instrument_name": "BTC-31DEC21-70000-C", "index_price": 49097.1, "direction": "sell", "amount": 0.1}, {"trade_seq": 4111, "trade_id": "194656431", "timestamp": 1639230414963, "tick_direction": 2, "price": 0.005, "mark_price": 0.0053665, "iv": 93.53, "instrument_name": "BTC-31DEC21-70000-C", "index_price": 48412.0, "direction": "sell", "amount": 0.5}, {"trade_seq": 4110, "trade_id": "194652422", "timestamp": 1639228250379, "tick_direction": 1, "price": 0.0055, "mark_price": 0.00563456, "iv": 93.38, "instrument_name": "BTC-31DEC21-70000-C", "index_price": 48865.8, "direction": "buy", "amount": 0.9}, {"trade_seq": 4109, "trade_id": "194652365", "timestamp": 1639228249463, "tick_direction": 1, "price": 0.0055, "mark_price": 0.00563695, "iv": 93.42, "instrument_name": "BTC-31DEC21-70000-C", "index_price": 48826.92, "direction": "buy", "amount": 1.3}, {"trade_seq": 4108, "trade_id": "194651819", "timestamp": 1639228240072, "tick_direction": 1, "price": 0.0055, "mark_price": 0.00550861, "iv": 93.9, "instrument_name": "BTC-31DEC21-70000-C", "index_price": 48723.53, "direction": "buy", "amount": 1.4}, {"trade_seq": 4107, "trade_id": "194650072", "timestamp": 1639225654272, "tick_direction": 0, "price": 0.0055, "mark_price": 0.00531922, "iv": 94.36, "instrument_name": "BTC-31DEC21-70000-C", "index_price": 48588.39, "direction": "buy", "amount": 1.2}, {"trade_seq": 4106, "trade_id": "194643807", "timestamp": 1639216424285, "tick_direction": 3, "price": 0.005, "mark_price": 0.00523989, "iv": 92.88, "instrument_name": "BTC-31DEC21-70000-C", "index_price": 48446.39, "direction": "sell", "amount": 0.5}, {"trade_seq": 4105, "trade_id": "194642028", "timestamp": 1639214451879, "tick_direction": 2, "price": 0.005, "mark_price": 0.00492446, "iv": 93.27, "instrument_name": "BTC-31DEC21-70000-C", "index_price": 48355.61, "direction": "sell", "amount": 0.2}, {"trade_seq": 4104, "trade_id": "194635738", "timestamp": 1639211422785, "tick_direction": 1, "price": 0.0055, "mark_price": 0.00532884, "iv": 92.63, "instrument_name": "BTC-31DEC21-70000-C", "index_price": 48906.04, "direction": "buy", "amount": 0.2}, {"trade_seq": 4103, "trade_id": "194604767", "timestamp": 1639188228120, "tick_direction": 1, "price": 0.0055, "mark_price": 0.00505283, "iv": 95.8, "instrument_name": "BTC-31DEC21-70000-C", "index_price": 48016.95, "direction": "buy", "amount": 1.4}, {"trade_seq": 4102, "trade_id": "194604766", "timestamp": 1639188228120, "tick_direction": 1, "price": 0.0055, "mark_price": 0.00505283, "iv": 95.8, "instrument_name": "BTC-31DEC21-70000-C", "index_price": 48016.95, "direction": "buy", "amount": 2.1}, {"trade_seq": 4101, "trade_id": "194604765", "timestamp": 1639188228120, "tick_direction": 0, "price": 0.0055, "mark_price": 0.00505283, "iv": 95.8, "instrument_name": "BTC-31DEC21-70000-C", "index_price": 48016.95, "direction": "buy", "amount": 0.5}, {"trade_seq": 4100, "trade_id": "194604453", "timestamp": 1639187669284, "tick_direction": 3, "price": 0.0045, "mark_price": 0.00488948, "iv": 92.46, "instrument_name": "BTC-31DEC21-70000-C", "index_price": 47915.7, "direction": "sell", "amount": 1.0}, {"trade_seq": 4099, "trade_id": "194533881", "timestamp": 1639157076658, "tick_direction": 3, "price": 0.0045, "mark_price": 0.0049348, "iv": 93.01, "instrument_name": "BTC-31DEC21-70000-C", "index_price": 47535.72, "direction": "sell", "amount": 1.0}, {"trade_seq": 4098, "trade_id": "194530265", "timestamp": 1639155067516, "tick_direction": 3, "price": 0.0045, "mark_price": 0.0050883, "iv": 91.99, "instrument_name": "BTC-31DEC21-70000-C", "index_price": 47800.49, "direction": "sell", "amount": 0.2}, {"trade_seq": 4097, "trade_id": "194518808", "timestamp": 1639152466525, "tick_direction": 2, "price": 0.0045, "mark_price": 0.00491708, "iv": 92.3, "instrument_name": "BTC-31DEC21-70000-C", "index_price": 47665.0, "direction": "sell", "amount": 0.2}, {"trade_seq": 4096, "trade_id": "194478523", "timestamp": 1639143378266, "tick_direction": 0, "price": 0.008, "mark_price": 0.00725409, "iv": 94.01, "instrument_name": "BTC-31DEC21-70000-C", "index_price": 49981.78, "direction": "buy", "amount": 0.2}, {"trade_seq": 4095, "trade_id": "194473963", "timestamp": 1639143079802, "tick_direction": 0, "price": 0.0065, "mark_price": 0.00657019, "iv": 91.91, "instrument_name": "BTC-31DEC21-70000-C", "index_price": 49423.68, "direction": "buy", "amount": 0.2}, {"trade_seq": 4094, "trade_id": "194464856", "timestamp": 1639137669458, "tick_direction": 0, "price": 0.006, "mark_price": 0.00576082, "iv": 93.05, "instrument_name": "BTC-31DEC21-70000-C", "index_price": 48712.09, "direction": "buy", "amount": 1.0}, {"trade_seq": 4093, "trade_id": "194456640", "timestamp": 1639130092107, "tick_direction": 1, "price": 0.0055, "mark_price": 0.00531719, "iv": 92.54, "instrument_name": "BTC-31DEC21-70000-C", "index_price": 48392.91, "direction": "buy", "amount": 0.4}, {"trade_seq": 4092, "trade_id": "194456612", "timestamp": 1639130074865, "tick_direction": 1, "price": 0.0055, "mark_price": 0.00533866, "iv": 92.49, "instrument_name": "BTC-31DEC21-70000-C", "index_price": 48395.98, "direction": "buy", "amount": 3.0}, {"trade_seq": 4091, "trade_id": "194456596", "timestamp": 1639130066207, "tick_direction": 1, "price": 0.0055, "mark_price": 0.0053326, "iv": 92.52, "instrument_name": "BTC-31DEC21-70000-C", "index_price": 48393.81, "direction": "buy", "amount": 1.2}, {"trade_seq": 4090, "trade_id": "194455667", "timestamp": 1639129600667, "tick_direction": 0, "price": 0.0055, "mark_price": 0.00526688, "iv": 92.88, "instrument_name": "BTC-31DEC21-70000-C", "index_price": 48288.82, "direction": "buy", "amount": 0.4}, {"trade_seq": 4089, "trade_id": "194447951", "timestamp": 1639125024140, "tick_direction": 0, "price": 0.005, "mark_price": 0.004765, "iv": 92.14, "instrument_name": "BTC-31DEC21-70000-C", "index_price": 47976.22, "direction": "buy", "amount": 0.5}, {"trade_seq": 4088, "trade_id": "194447375", "timestamp": 1639124826981, "tick_direction": 3, "price": 0.0045, "mark_price": 0.00479858, "iv": 90.35, "instrument_name": "BTC-31DEC21-70000-C", "index_price": 47982.19, "direction": "sell", "amount": 2.0}, {"trade_seq": 4087, "trade_id": "194431123", "timestamp": 1639121096281, "tick_direction": 3, "price": 0.0045, "mark_price": 0.00509354, "iv": 90.52, "instrument_name": "BTC-31DEC21-70000-C", "index_price": 47904.74, "direction": "sell", "amount": 4.9}, {"trade_seq": 4086, "trade_id": "194431122", "timestamp": 1639121096281, "tick_direction": 2, "price": 0.0045, "mark_price": 0.00509354, "iv": 90.52, "instrument_name": "BTC-31DEC21-70000-C", "index_price": 47904.74, "direction": "sell", "amount": 0.1}, {"trade_seq": 4085, "trade_id": "194422453", "timestamp": 1639114718073, "tick_direction": 2, "price": 0.005, "mark_price": 0.00513045, "iv": 91.75, "instrument_name": "BTC-31DEC21-70000-C", "index_price": 48093.48, "direction": "sell", "amount": 0.1}, {"trade_seq": 4084, "trade_id": "194420315", "timestamp": 1639112441917, "tick_direction": 0, "price": 0.0055, "mark_price": 0.00517185, "iv": 92.94, "instrument_name": "BTC-31DEC21-70000-C", "index_price": 48213.52, "direction": "buy", "amount": 0.1}, {"trade_seq": 4083, "trade_id": "194417815", "timestamp": 1639109419556, "tick_direction": 1, "price": 0.005, "mark_price": 0.00513904, "iv": 90.85, "instrument_name": "BTC-31DEC21-70000-C", "index_price": 48266.68, "direction": "sell", "amount": 0.2}, {"trade_seq": 4082, "trade_id": "194408398", "timestamp": 1639100062523, "tick_direction": 1, "price": 0.005, "mark_price": 0.00505007, "iv": 89.9, "instrument_name": "BTC-31DEC21-70000-C", "index_price": 48418.61, "direction": "buy", "amount": 0.8}, {"trade_seq": 4081, "trade_id": "194393898", "timestamp": 1639095011132, "tick_direction": 0, "price": 0.005, "mark_price": 0.0049811, "iv": 91.64, "instrument_name": "BTC-31DEC21-70000-C", "index_price": 47940.08, "direction": "buy", "amount": 0.1}, {"trade_seq": 4080, "trade_id": "194391970", "timestamp": 1639094408491, "tick_direction": 3, "price": 0.0045, "mark_price": 0.00472055, "iv": 91.24, "instrument_name": "BTC-31DEC21-70000-C", "index_price": 47564.94, "direction": "sell", "amount": 0.1}, {"trade_seq": 4079, "trade_id": "194354084", "timestamp": 1639075392502, "tick_direction": 2, "price": 0.0045, "mark_price": 0.00507661, "iv": 90.31, "instrument_name": "BTC-31DEC21-70000-C", "index_price": 47704.35, "direction": "sell", "amount": 10.0}, {"trade_seq": 4078, "trade_id": "194339626", "timestamp": 1639068763832, "tick_direction": 1, "price": 0.0065, "mark_price": 0.00615848, "iv": 92.9, "instrument_name": "BTC-31DEC21-70000-C", "index_price": 48731.09, "direction": "sell", "amount": 1.7}, {"trade_seq": 4077, "trade_id": "194339625", "timestamp": 1639068763830, "tick_direction": 1, "price": 0.0065, "mark_price": 0.00615848, "iv": 92.9, "instrument_name": "BTC-31DEC21-70000-C", "index_price": 48731.09, "direction": "sell", "amount": 5.7}, {"trade_seq": 4076, "trade_id": "194339624", "timestamp": 1639068763826, "tick_direction": 1, "price": 0.0065, "mark_price": 0.00615848, "iv": 92.9, "instrument_name": "BTC-31DEC21-70000-C", "index_price": 48731.09, "direction": "buy", "amount": 5.8}, {"trade_seq": 4075, "trade_id": "194339623", "timestamp": 1639068763826, "tick_direction": 1, "price": 0.0065, "mark_price": 0.00615848, "iv": 92.9, "instrument_name": "BTC-31DEC21-70000-C", "index_price": 48731.09, "direction": "buy", "amount": 34.0}, {"trade_seq": 4074, "trade_id": "194339622", "timestamp": 1639068763826, "tick_direction": 0, "price": 0.0065, "mark_price": 0.00615848, "iv": 92.9, "instrument_name": "BTC-31DEC21-70000-C", "index_price": 48731.09, "direction": "buy", "amount": 2.8}, {"trade_seq": 4073, "trade_id": "194338784", "timestamp": 1639068098985, "tick_direction": 1, "price": 0.006, "mark_price": 0.00601889, "iv": 90.99, "instrument_name": "BTC-31DEC21-70000-C", "index_price": 48811.14, "direction": "buy", "amount": 8.8}, {"trade_seq": 4072, "trade_id": "194338414", "timestamp": 1639068015262, "tick_direction": 1, "price": 0.006, "mark_price": 0.0061269, "iv": 90.96, "instrument_name": "BTC-31DEC21-70000-C", "index_price": 48811.41, "direction": "buy", "amount": 1.2}, {"trade_seq": 4071, "trade_id": "194324348", "timestamp": 1639063595333, "tick_direction": 1, "price": 0.006, "mark_price": 0.00557489, "iv": 93.08, "instrument_name": "BTC-31DEC21-70000-C", "index_price": 48280.97, "direction": "buy", "amount": 1.6}, {"trade_seq": 4070, "trade_id": "194324347", "timestamp": 1639063595333, "tick_direction": 0, "price": 0.006, "mark_price": 0.00557489, "iv": 93.08, "instrument_name": "BTC-31DEC21-70000-C", "index_price": 48280.97, "direction": "buy", "amount": 0.4}, {"trade_seq": 4069, "trade_id": "194318841", "timestamp": 1639062085989, "tick_direction": 2, "price": 0.0055, "mark_price": 0.00570727, "iv": 90.86, "instrument_name": "BTC-31DEC21-70000-C", "index_price": 48415.05, "direction": "buy", "amount": 1.3}, {"trade_seq": 4068, "trade_id": "194311182", "timestamp": 1639060357401, "tick_direction": 3, "price": 0.006, "mark_price": 0.00612852, "iv": 90.82, "instrument_name": "BTC-31DEC21-70000-C", "index_price": 48806.18, "direction": "sell", "amount": 2.1}, {"trade_seq": 4067, "trade_id": "194310764", "timestamp": 1639060351033, "tick_direction": 3, "price": 0.006, "mark_price": 0.00629889, "iv": 90.48, "instrument_name": "BTC-31DEC21-70000-C", "index_price": 48900.67, "direction": "sell", "amount": 1.2}, {"trade_seq": 4066, "trade_id": "194310526", "timestamp": 1639060347748, "tick_direction": 3, "price": 0.006, "mark_price": 0.00633464, "iv": 90.17, "instrument_name": "BTC-31DEC21-70000-C", "index_price": 48961.75, "direction": "sell", "amount": 1.2}, {"trade_seq": 4065, "trade_id": "194310441", "timestamp": 1639060312309, "tick_direction": 3, "price": 0.006, "mark_price": 0.0063498, "iv": 90.07, "instrument_name": "BTC-31DEC21-70000-C", "index_price": 48994.33, "direction": "sell", "amount": 1.2}, {"trade_seq": 4064, "trade_id": "194310436", "timestamp": 1639060311053, "tick_direction": 2, "price": 0.006, "mark_price": 0.00636129, "iv": 90.03, "instrument_name": "BTC-31DEC21-70000-C", "index_price": 49004.08, "direction": "sell", "amount": 1.2}, {"trade_seq": 4063, "trade_id": "194296595", "timestamp": 1639049142376, "tick_direction": 3, "price": 0.0065, "mark_price": 0.00665301, "iv": 90.52, "instrument_name": "BTC-31DEC21-70000-C", "index_price": 49177.76, "direction": "sell", "amount": 1.3}, {"trade_seq": 4062, "trade_id": "194296571", "timestamp": 1639049136585, "tick_direction": 2, "price": 0.0065, "mark_price": 0.00666913, "iv": 90.47, "instrument_name": "BTC-31DEC21-70000-C", "index_price": 49187.69, "direction": "sell", "amount": 1.2}, {"trade_seq": 4061, "trade_id": "194293717", "timestamp": 1639046615322, "tick_direction": 1, "price": 0.007, "mark_price": 0.00664211, "iv": 91.22, "instrument_name": "BTC-31DEC21-70000-C", "index_price": 49355.02, "direction": "buy", "amount": 3.0}, {"trade_seq": 4060, "trade_id": "194293716", "timestamp": 1639046615322, "tick_direction": 0, "price": 0.007, "mark_price": 0.00664211, "iv": 91.22, "instrument_name": "BTC-31DEC21-70000-C", "index_price": 49355.02, "direction": "buy", "amount": 1.0}, {"trade_seq": 4059, "trade_id": "194287022", "timestamp": 1639042741589, "tick_direction": 3, "price": 0.006, "mark_price": 0.00627486, "iv": 89.6, "instrument_name": "BTC-31DEC21-70000-C", "index_price": 48997.46, "direction": "sell", "amount": 1.3}, {"trade_seq": 4058, "trade_id": "194286968", "timestamp": 1639042736808, "tick_direction": 3, "price": 0.006, "mark_price": 0.00626129, "iv": 89.63, "instrument_name": "BTC-31DEC21-70000-C", "index_price": 48992.63, "direction": "sell", "amount": 1.2}, {"trade_seq": 4057, "trade_id": "194284305", "timestamp": 1639042410867, "tick_direction": 2, "price": 0.006, "mark_price": 0.00608447, "iv": 89.64, "instrument_name": "BTC-31DEC21-70000-C", "index_price": 48992.02, "direction": "sell", "amount": 1.2}, {"trade_seq": 4056, "trade_id": "194272117", "timestamp": 1639036846793, "tick_direction": 1, "price": 0.0065, "mark_price": 0.00693069, "iv": 86.88, "instrument_name": "BTC-31DEC21-70000-C", "index_price": 50043.1, "direction": "sell", "amount": 0.5}, {"trade_seq": 4055, "trade_id": "194257920", "timestamp": 1639029253738, "tick_direction": 1, "price": 0.0065, "mark_price": 0.00623679, "iv": 87.51, "instrument_name": "BTC-31DEC21-70000-C", "index_price": 49844.93, "direction": "buy", "amount": 2.0}, {"trade_seq": 4054, "trade_id": "194252664", "timestamp": 1639021832275, "tick_direction": 0, "price": 0.0065, "mark_price": 0.00659198, "iv": 88.49, "instrument_name": "BTC-31DEC21-70000-C", "index_price": 49554.16, "direction": "sell", "amount": 1.2}, {"trade_seq": 4053, "trade_id": "194250974", "timestamp": 1639021115494, "tick_direction": 2, "price": 0.006, "mark_price": 0.00684081, "iv": 86.17, "instrument_name": "BTC-31DEC21-70000-C", "index_price": 49778.05, "direction": "sell", "amount": 5.9}, {"trade_seq": 4052, "trade_id": "194250954", "timestamp": 1639021104917, "tick_direction": 3, "price": 0.0065, "mark_price": 0.00687994, "iv": 87.57, "instrument_name": "BTC-31DEC21-70000-C", "index_price": 49791.4, "direction": "buy", "amount": 0.9}, {"trade_seq": 4051, "trade_id": "194250953", "timestamp": 1639021104913, "tick_direction": 3, "price": 0.0065, "mark_price": 0.00687994, "iv": 87.57, "instrument_name": "BTC-31DEC21-70000-C", "index_price": 49791.4, "direction": "sell", "amount": 4.0}, {"trade_seq": 4050, "trade_id": "194250911", "timestamp": 1639021093660, "tick_direction": 3, "price": 0.0065, "mark_price": 0.00689988, "iv": 87.5, "instrument_name": "BTC-31DEC21-70000-C", "index_price": 49812.52, "direction": "sell", "amount": 10.4}, {"trade_seq": 4049, "trade_id": "194250899", "timestamp": 1639021079640, "tick_direction": 3, "price": 0.0065, "mark_price": 0.00691226, "iv": 87.47, "instrument_name": "BTC-31DEC21-70000-C", "index_price": 49821.83, "direction": "sell", "amount": 1.0}, {"trade_seq": 4048, "trade_id": "194250898", "timestamp": 1639021079640, "tick_direction": 3, "price": 0.0065, "mark_price": 0.00691226, "iv": 87.47, "instrument_name": "BTC-31DEC21-70000-C", "index_price": 49821.83, "direction": "sell", "amount": 6.0}, {"trade_seq": 4047, "trade_id": "194250897", "timestamp": 1639021079640, "tick_direction": 3, "price": 0.0065, "mark_price": 0.00691226, "iv": 87.47, "instrument_name": "BTC-31DEC21-70000-C", "index_price": 49821.83, "direction": "sell", "amount": 27.6}, {"trade_seq": 4046, "trade_id": "194250896", "timestamp": 1639021079640, "tick_direction": 3, "price": 0.0065, "mark_price": 0.00691226, "iv": 87.47, "instrument_name": "BTC-31DEC21-70000-C", "index_price": 49821.83, "direction": "sell", "amount": 12.0}, {"trade_seq": 4045, "trade_id": "194250895", "timestamp": 1639021079640, "tick_direction": 3, "price": 0.0065, "mark_price": 0.00691226, "iv": 87.47, "instrument_name": "BTC-31DEC21-70000-C", "index_price": 49821.83, "direction": "sell", "amount": 2.2}, {"trade_seq": 4044, "trade_id": "194250894", "timestamp": 1639021079640, "tick_direction": 3, "price": 0.0065, "mark_price": 0.00691226, "iv": 87.47, "instrument_name": "BTC-31DEC21-70000-C", "index_price": 49821.83, "direction": "sell", "amount": 33.0}, {"trade_seq": 4043, "trade_id": "194250893", "timestamp": 1639021079640, "tick_direction": 2, "price": 0.0065, "mark_price": 0.00691226, "iv": 87.47, "instrument_name": "BTC-31DEC21-70000-C", "index_price": 49821.83, "direction": "sell", "amount": 9.0}, {"trade_seq": 4042, "trade_id": "194235780", "timestamp": 1639009163095, "tick_direction": 2, "price": 0.007, "mark_price": 0.0074435, "iv": 84.92, "instrument_name": "BTC-31DEC21-70000-C", "index_price": 50747.39, "direction": "sell", "amount": 1.0}, {"trade_seq": 4041, "trade_id": "194232600", "timestamp": 1639008222102, "tick_direction": 2, "price": 0.0075, "mark_price": 0.00775532, "iv": 86.22, "instrument_name": "BTC-31DEC21-70000-C", "index_price": 50703.64, "direction": "buy", "amount": 0.2}, {"trade_seq": 4040, "trade_id": "194190307", "timestamp": 1638976982207, "tick_direction": 0, "price": 0.009, "mark_price": 0.0089973, "iv": 87.21, "instrument_name": "BTC-31DEC21-70000-C", "index_price": 51198.12, "direction": "buy", "amount": 0.2}, {"trade_seq": 4039, "trade_id": "194181012", "timestamp": 1638974940574, "tick_direction": 0, "price": 0.008, "mark_price": 0.00830256, "iv": 86.15, "instrument_name": "BTC-31DEC21-70000-C", "index_price": 50835.51, "direction": "buy", "amount": 0.1}, {"trade_seq": 4038, "trade_id": "194165876", "timestamp": 1638973352033, "tick_direction": 0, "price": 0.007, "mark_price": 0.00671868, "iv": 88.14, "instrument_name": "BTC-31DEC21-70000-C", "index_price": 49697.37, "direction": "buy", "amount": 2.1}, {"trade_seq": 4037, "trade_id": "194162972", "timestamp": 1638972976710, "tick_direction": 3, "price": 0.006, "mark_price": 0.00692576, "iv": 85.59, "instrument_name": "BTC-31DEC21-70000-C", "index_price": 49603.59, "direction": "sell", "amount": 0.1}, {"trade_seq": 4036, "trade_id": "194161848", "timestamp": 1638972876054, "tick_direction": 2, "price": 0.006, "mark_price": 0.00671436, "iv": 86.6, "instrument_name": "BTC-31DEC21-70000-C", "index_price": 49344.65, "direction": "sell", "amount": 0.1}, {"trade_seq": 4035, "trade_id": "194154214", "timestamp": 1638968311971, "tick_direction": 0, "price": 0.007, "mark_price": 0.00648429, "iv": 89.77, "instrument_name": "BTC-31DEC21-70000-C", "index_price": 49255.55, "direction": "buy", "amount": 1.7}, {"trade_seq": 4034, "trade_id": "194153915", "timestamp": 1638967935387, "tick_direction": 3, "price": 0.006, "mark_price": 0.00648091, "iv": 86.87, "instrument_name": "BTC-31DEC21-70000-C", "index_price": 49259.65, "direction": "sell", "amount": 0.6}, {"trade_seq": 4033, "trade_id": "194153914", "timestamp": 1638967935387, "tick_direction": 2, "price": 0.006, "mark_price": 0.00648091, "iv": 86.87, "instrument_name": "BTC-31DEC21-70000-C", "index_price": 49259.65, "direction": "sell", "amount": 2.3}, {"trade_seq": 4032, "trade_id": "194153363", "timestamp": 1638967776924, "tick_direction": 1, "price": 0.0065, "mark_price": 0.00663874, "iv": 88.45, "instrument_name": "BTC-31DEC21-70000-C", "index_price": 49242.91, "direction": "buy", "amount": 0.2}, {"trade_seq": 4031, "trade_id": "194153350", "timestamp": 1638967776835, "tick_direction": 1, "price": 0.0065, "mark_price": 0.00663874, "iv": 88.45, "instrument_name": "BTC-31DEC21-70000-C", "index_price": 49242.91, "direction": "buy", "amount": 0.3}, {"trade_seq": 4030, "trade_id": "194153346", "timestamp": 1638967776794, "tick_direction": 1, "price": 0.0065, "mark_price": 0.00663874, "iv": 88.45, "instrument_name": "BTC-31DEC21-70000-C", "index_price": 49242.91, "direction": "buy", "amount": 0.3}, {"trade_seq": 4029, "trade_id": "194153229", "timestamp": 1638967771092, "tick_direction": 1, "price": 0.0065, "mark_price": 0.00662604, "iv": 88.51, "instrument_name": "BTC-31DEC21-70000-C", "index_price": 49229.24, "direction": "buy", "amount": 0.4}, {"trade_seq": 4028, "trade_id": "194153228", "timestamp": 1638967771012, "tick_direction": 0, "price": 0.0065, "mark_price": 0.00662478, "iv": 88.51, "instrument_name": "BTC-31DEC21-70000-C", "index_price": 49229.24, "direction": "buy", "amount": 15.2}, {"trade_seq": 4027, "trade_id": "194149444", "timestamp": 1638966281647, "tick_direction": 2, "price": 0.0055, "mark_price": 0.00611047, "iv": 87.26, "instrument_name": "BTC-31DEC21-70000-C", "index_price": 48751.24, "direction": "sell", "amount": 2.4}, {"trade_seq": 4026, "trade_id": "194144593", "timestamp": 1638964277865, "tick_direction": 1, "price": 0.007, "mark_price": 0.006593, "iv": 89.96, "instrument_name": "BTC-31DEC21-70000-C", "index_price": 49218.77, "direction": "buy", "amount": 2.0}, {"trade_seq": 4025, "trade_id": "194144592", "timestamp": 1638964277865, "tick_direction": 0, "price": 0.007, "mark_price": 0.006593, "iv": 89.96, "instrument_name": "BTC-31DEC21-70000-C", "index_price": 49218.77, "direction": "buy", "amount": 0.4}, {"trade_seq": 4024, "trade_id": "194142983", "timestamp": 1638963738601, "tick_direction": 3, "price": 0.0065, "mark_price": 0.00670129, "iv": 89.46, "instrument_name": "BTC-31DEC21-70000-C", "index_price": 48958.71, "direction": "buy", "amount": 2.3}, {"trade_seq": 4023, "trade_id": "194132456", "timestamp": 1638961002169, "tick_direction": 2, "price": 0.0065, "mark_price": 0.00685402, "iv": 87.77, "instrument_name": "BTC-31DEC21-70000-C", "index_price": 49370.6, "direction": "sell", "amount": 0.4}, {"trade_seq": 4022, "trade_id": "194129276", "timestamp": 1638960373451, "tick_direction": 2, "price": 0.007, "mark_price": 0.00699139, "iv": 88.01, "instrument_name": "BTC-31DEC21-70000-C", "index_price": 49676.51, "direction": "buy", "amount": 1.0}, {"trade_seq": 4021, "trade_id": "194112880", "timestamp": 1638950966430, "tick_direction": 2, "price": 0.0075, "mark_price": 0.00817942, "iv": 85.48, "instrument_name": "BTC-31DEC21-70000-C", "index_price": 50578.72, "direction": "sell", "amount": 0.5}, {"trade_seq": 4020, "trade_id": "194108723", "timestamp": 1638944605311, "tick_direction": 1, "price": 0.008, "mark_price": 0.00849302, "iv": 86.33, "instrument_name": "BTC-31DEC21-70000-C", "index_price": 50672.1, "direction": "sell", "amount": 0.2}, {"trade_seq": 4019, "trade_id": "194108722", "timestamp": 1638944597453, "tick_direction": 1, "price": 0.008, "mark_price": 0.00850377, "iv": 86.32, "instrument_name": "BTC-31DEC21-70000-C", "index_price": 50673.71, "direction": "sell", "amount": 0.2}, {"trade_seq": 4018, "trade_id": "194108707", "timestamp": 1638944584238, "tick_direction": 0, "price": 0.008, "mark_price": 0.00851196, "iv": 86.29, "instrument_name": "BTC-31DEC21-70000-C", "index_price": 50682.37, "direction": "sell", "amount": 0.2}, {"trade_seq": 4017, "trade_id": "194105998", "timestamp": 1638940884847, "tick_direction": 3, "price": 0.0075, "mark_price": 0.00781905, "iv": 85.78, "instrument_name": "BTC-31DEC21-70000-C", "index_price": 50466.06, "direction": "sell", "amount": 1.6}, {"trade_seq": 4016, "trade_id": "194105745", "timestamp": 1638940604375, "tick_direction": 3, "price": 0.0075, "mark_price": 0.00760583, "iv": 86.04, "instrument_name": "BTC-31DEC21-70000-C", "index_price": 50389.89, "direction": "sell", "amount": 3.4}, {"trade_seq": 4015, "trade_id": "194105744", "timestamp": 1638940604375, "tick_direction": 2, "price": 0.0075, "mark_price": 0.00760583, "iv": 86.04, "instrument_name": "BTC-31DEC21-70000-C", "index_price": 50389.89, "direction": "sell", "amount": 3.0}, {"trade_seq": 4014, "trade_id": "194077304", "timestamp": 1638912451442, "tick_direction": 1, "price": 0.0085, "mark_price": 0.00834855, "iv": 86.81, "instrument_name": "BTC-31DEC21-70000-C", "index_price": 50693.14, "direction": "buy", "amount": 2.3}, {"trade_seq": 4013, "trade_id": "194077303", "timestamp": 1638912451442, "tick_direction": 1, "price": 0.0085, "mark_price": 0.00834855, "iv": 86.81, "instrument_name": "BTC-31DEC21-70000-C", "index_price": 50693.14, "direction": "buy", "amount": 10.0}, {"trade_seq": 4012, "trade_id": "194076983", "timestamp": 1638912190375, "tick_direction": 1, "price": 0.0085, "mark_price": 0.00838079, "iv": 86.74, "instrument_name": "BTC-31DEC21-70000-C", "index_price": 50697.53, "direction": "buy", "amount": 5.0}, {"trade_seq": 4011, "trade_id": "194076981", "timestamp": 1638912189625, "tick_direction": 0, "price": 0.0085, "mark_price": 0.00838079, "iv": 86.74, "instrument_name": "BTC-31DEC21-70000-C", "index_price": 50695.1, "direction": "buy", "amount": 5.0}, {"trade_seq": 4010, "trade_id": "194074342", "timestamp": 1638910937513, "tick_direction": 2, "price": 0.008, "mark_price": 0.00830708, "iv": 86.57, "instrument_name": "BTC-31DEC21-70000-C", "index_price": 50432.31, "direction": "sell", "amount": 20.0}, {"trade_seq": 4009, "trade_id": "194048218", "timestamp": 1638898714062, "tick_direction": 2, "price": 0.0095, "mark_price": 0.00974511, "iv": 87.76, "instrument_name": "BTC-31DEC21-70000-C", "index_price": 50933.78, "direction": "sell", "amount": 5.0}, {"trade_seq": 4008, "trade_id": "194046420", "timestamp": 1638897945929, "tick_direction": 2, "price": 0.01, "mark_price": 0.01046496, "iv": 87.58, "instrument_name": "BTC-31DEC21-70000-C", "index_price": 51274.85, "direction": "sell", "amount": 4.0}, {"trade_seq": 4007, "trade_id": "194038512", "timestamp": 1638894184168, "tick_direction": 3, "price": 0.0105, "mark_price": 0.01079901, "iv": 87.2, "instrument_name": "BTC-31DEC21-70000-C", "index_price": 51599.13, "direction": "sell", "amount": 20.0}, {"trade_seq": 4006, "trade_id": "194029002", "timestamp": 1638891200388, "tick_direction": 3, "price": 0.0105, "mark_price": 0.01013814, "iv": 87.05, "instrument_name": "BTC-31DEC21-70000-C", "index_price": 51602.92, "direction": "buy", "amount": 4.5}, {"trade_seq": 4005, "trade_id": "194029001", "timestamp": 1638891200386, "tick_direction": 2, "price": 0.0105, "mark_price": 0.01013814, "iv": 87.05, "instrument_name": "BTC-31DEC21-70000-C", "index_price": 51602.92, "direction": "buy", "amount": 5.0}, {"trade_seq": 4004, "trade_id": "194028992", "timestamp": 1638891195546, "tick_direction": 1, "price": 0.011, "mark_price": 0.01014517, "iv": 88.06, "instrument_name": "BTC-31DEC21-70000-C", "index_price": 51606.49, "direction": "buy", "amount": 0.4}, {"trade_seq": 4003, "trade_id": "194028985", "timestamp": 1638891195519, "tick_direction": 1, "price": 0.011, "mark_price": 0.01014517, "iv": 88.06, "instrument_name": "BTC-31DEC21-70000-C", "index_price": 51606.49, "direction": "sell", "amount": 15.3}, {"trade_seq": 4002, "trade_id": "194028984", "timestamp": 1638891195515, "tick_direction": 1, "price": 0.011, "mark_price": 0.01014517, "iv": 88.06, "instrument_name": "BTC-31DEC21-70000-C", "index_price": 51606.49, "direction": "sell", "amount": 1.0}, {"trade_seq": 4001, "trade_id": "194028983", "timestamp": 1638891195484, "tick_direction": 1, "price": 0.011, "mark_price": 0.01014517, "iv": 88.06, "instrument_name": "BTC-31DEC21-70000-C", "index_price": 51606.49, "direction": "buy", "amount": 0.2}, {"trade_seq": 4000, "trade_id": "194028982", "timestamp": 1638891195484, "tick_direction": 1, "price": 0.011, "mark_price": 0.01014517, "iv": 88.06, "instrument_name": "BTC-31DEC21-70000-C", "index_price": 51606.49, "direction": "buy", "amount": 3.0}, {"trade_seq": 3999, "trade_id": "194028981", "timestamp": 1638891195484, "tick_direction": 1, "price": 0.011, "mark_price": 0.01014517, "iv": 88.06, "instrument_name": "BTC-31DEC21-70000-C", "index_price": 51606.49, "direction": "buy", "amount": 30.0}, {"trade_seq": 3998, "trade_id": "194028980", "timestamp": 1638891195484, "tick_direction": 1, "price": 0.011, "mark_price": 0.01014517, "iv": 88.06, "instrument_name": "BTC-31DEC21-70000-C", "index_price": 51606.49, "direction": "buy", "amount": 2.7}, {"trade_seq": 3997, "trade_id": "194028979", "timestamp": 1638891195484, "tick_direction": 1, "price": 0.011, "mark_price": 0.01014517, "iv": 88.06, "instrument_name": "BTC-31DEC21-70000-C", "index_price": 51606.49, "direction": "buy", "amount": 18.0}, {"trade_seq": 3996, "trade_id": "194028978", "timestamp": 1638891195484, "tick_direction": 1, "price": 0.011, "mark_price": 0.01014517, "iv": 88.06, "instrument_name": "BTC-31DEC21-70000-C", "index_price": 51606.49, "direction": "buy", "amount": 30.0}, {"trade_seq": 3995, "trade_id": "194028977", "timestamp": 1638891195484, "tick_direction": 1, "price": 0.011, "mark_price": 0.01014517, "iv": 88.06, "instrument_name": "BTC-31DEC21-70000-C", "index_price": 51606.49, "direction": "buy", "amount": 2.4}, {"trade_seq": 3994, "trade_id": "194028976", "timestamp": 1638891195484, "tick_direction": 1, "price": 0.011, "mark_price": 0.01014517, "iv": 88.06, "instrument_name": "BTC-31DEC21-70000-C", "index_price": 51606.49, "direction": "buy", "amount": 10.0}, {"trade_seq": 3993, "trade_id": "194028975", "timestamp": 1638891195484, "tick_direction": 1, "price": 0.011, "mark_price": 0.01014517, "iv": 88.06, "instrument_name": "BTC-31DEC21-70000-C", "index_price": 51606.49, "direction": "buy", "amount": 12.0}, {"trade_seq": 3992, "trade_id": "194028974", "timestamp": 1638891195484, "tick_direction": 0, "price": 0.011, "mark_price": 0.01014517, "iv": 88.06, "instrument_name": "BTC-31DEC21-70000-C", "index_price": 51606.49, "direction": "buy", "amount": 0.4}, {"trade_seq": 3991, "trade_id": "194027406", "timestamp": 1638890832885, "tick_direction": 1, "price": 0.01, "mark_price": 0.00980312, "iv": 86.21, "instrument_name": "BTC-31DEC21-70000-C", "index_price": 51534.75, "direction": "buy", "amount": 0.3}, {"trade_seq": 3990, "trade_id": "194025344", "timestamp": 1638890616151, "tick_direction": 1, "price": 0.01, "mark_price": 0.00993955, "iv": 85.58, "instrument_name": "BTC-31DEC21-70000-C", "index_price": 51721.7, "direction": "sell", "amount": 0.1}, {"trade_seq": 3989, "trade_id": "194024309", "timestamp": 1638890447455, "tick_direction": 0, "price": 0.01, "mark_price": 0.00976451, "iv": 85.61, "instrument_name": "BTC-31DEC21-70000-C", "index_price": 51706.68, "direction": "buy", "amount": 0.1}, {"trade_seq": 3988, "trade_id": "194013031", "timestamp": 1638887737854, "tick_direction": 0, "price": 0.0095, "mark_price": 0.00915008, "iv": 86.28, "instrument_name": "BTC-31DEC21-70000-C", "index_price": 51246.67, "direction": "buy", "amount": 1.0}, {"trade_seq": 3987, "trade_id": "194010711", "timestamp": 1638886897343, "tick_direction": 2, "price": 0.0085, "mark_price": 0.00858884, "iv": 84.94, "instrument_name": "BTC-31DEC21-70000-C", "index_price": 51011.85, "direction": "sell", "amount": 4.1}, {"trade_seq": 3986, "trade_id": "194010708", "timestamp": 1638886897186, "tick_direction": 0, "price": 0.0089, "mark_price": 0.00858884, "iv": 85.88, "instrument_name": "BTC-31DEC21-70000-C", "index_price": 51011.85, "direction": "sell", "block_trade_id": "27103", "amount": 50.0}, {"trade_seq": 3985, "trade_id": "194007145", "timestamp": 1638884310776, "tick_direction": 2, "price": 0.008, "mark_price": 0.00832417, "iv": 83.71, "instrument_name": "BTC-31DEC21-70000-C", "index_price": 50998.66, "direction": "sell", "amount": 0.4}, {"trade_seq": 3984, "trade_id": "193976405", "timestamp": 1638867072596, "tick_direction": 3, "price": 0.0085, "mark_price": 0.00939598, "iv": 83.64, "instrument_name": "BTC-31DEC21-70000-C", "index_price": 51228.32, "direction": "sell", "amount": 7.5}, {"trade_seq": 3983, "trade_id": "193976404", "timestamp": 1638867072596, "tick_direction": 2, "price": 0.0085, "mark_price": 0.00939598, "iv": 83.64, "instrument_name": "BTC-31DEC21-70000-C", "index_price": 51228.32, "direction": "sell", "amount": 0.4}, {"trade_seq": 3982, "trade_id": "193976403", "timestamp": 1638867072596, "tick_direction": 1, "price": 0.009, "mark_price": 0.00939598, "iv": 84.8, "instrument_name": "BTC-31DEC21-70000-C", "index_price": 51228.32, "direction": "sell", "amount": 2.0}, {"trade_seq": 3981, "trade_id": "193972843", "timestamp": 1638865424495, "tick_direction": 1, "price": 0.009, "mark_price": 0.00874541, "iv": 85.22, "instrument_name": "BTC-31DEC21-70000-C", "index_price": 51103.48, "direction": "buy", "amount": 8.8}, {"trade_seq": 3980, "trade_id": "193972386", "timestamp": 1638865137231, "tick_direction": 1, "price": 0.009, "mark_price": 0.00872825, "iv": 85.21, "instrument_name": "BTC-31DEC21-70000-C", "index_price": 51107.72, "direction": "buy", "amount": 1.4}, {"trade_seq": 3979, "trade_id": "193972263", "timestamp": 1638865131883, "tick_direction": 1, "price": 0.009, "mark_price": 0.00871842, "iv": 85.27, "instrument_name": "BTC-31DEC21-70000-C", "index_price": 51095.06, "direction": "buy", "amount": 1.4}, {"trade_seq": 3978, "trade_id": "193972226", "timestamp": 1638865130722, "tick_direction": 1, "price": 0.009, "mark_price": 0.00871721, "iv": 85.27, "instrument_name": "BTC-31DEC21-70000-C", "index_price": 51087.26, "direction": "buy", "amount": 1.2}, {"trade_seq": 3977, "trade_id": "193972194", "timestamp": 1638865102276, "tick_direction": 1, "price": 0.009, "mark_price": 0.00870743, "iv": 85.29, "instrument_name": "BTC-31DEC21-70000-C", "index_price": 51083.98, "direction": "buy", "amount": 1.5}, {"trade_seq": 3976, "trade_id": "193972174", "timestamp": 1638865089542, "tick_direction": 1, "price": 0.009, "mark_price": 0.00871788, "iv": 85.26, "instrument_name": "BTC-31DEC21-70000-C", "index_price": 51082.67, "direction": "buy", "amount": 1.2}, {"trade_seq": 3975, "trade_id": "193972169", "timestamp": 1638865086731, "tick_direction": 1, "price": 0.009, "mark_price": 0.00872198, "iv": 85.25, "instrument_name": "BTC-31DEC21-70000-C", "index_price": 51075.44, "direction": "buy", "amount": 1.6}, {"trade_seq": 3974, "trade_id": "193972157", "timestamp": 1638865080521, "tick_direction": 1, "price": 0.009, "mark_price": 0.00870724, "iv": 85.28, "instrument_name": "BTC-31DEC21-70000-C", "index_price": 51078.37, "direction": "buy", "amount": 1.2}, {"trade_seq": 3973, "trade_id": "193972136", "timestamp": 1638865065008, "tick_direction": 1, "price": 0.009, "mark_price": 0.00869828, "iv": 85.29, "instrument_name": "BTC-31DEC21-70000-C", "index_price": 51072.07, "direction": "buy", "amount": 1.2}, {"trade_seq": 3972, "trade_id": "193972112", "timestamp": 1638865061398, "tick_direction": 1, "price": 0.009, "mark_price": 0.00866934, "iv": 85.36, "instrument_name": "BTC-31DEC21-70000-C", "index_price": 51063.35, "direction": "buy", "amount": 1.2}, {"trade_seq": 3971, "trade_id": "193972065", "timestamp": 1638865056761, "tick_direction": 1, "price": 0.009, "mark_price": 0.00857842, "iv": 85.52, "instrument_name": "BTC-31DEC21-70000-C", "index_price": 51024.08, "direction": "buy", "amount": 1.5}, {"trade_seq": 3970, "trade_id": "193972059", "timestamp": 1638865056005, "tick_direction": 1, "price": 0.009, "mark_price": 0.00857842, "iv": 85.57, "instrument_name": "BTC-31DEC21-70000-C", "index_price": 51016.75, "direction": "buy", "amount": 1.6}, {"trade_seq": 3969, "trade_id": "193971776", "timestamp": 1638865029619, "tick_direction": 0, "price": 0.009, "mark_price": 0.00861049, "iv": 85.44, "instrument_name": "BTC-31DEC21-70000-C", "index_price": 51041.65, "direction": "buy", "amount": 1.2}, {"trade_seq": 3968, "trade_id": "193966292", "timestamp": 1638861730973, "tick_direction": 3, "price": 0.008, "mark_price": 0.00748489, "iv": 82.82, "instrument_name": "BTC-31DEC21-70000-C", "index_price": 51118.85, "direction": "buy", "amount": 1.9}, {"trade_seq": 3967, "trade_id": "193958646", "timestamp": 1638855027565, "tick_direction": 2, "price": 0.008, "mark_price": 0.00750658, "iv": 82.78, "instrument_name": "BTC-31DEC21-70000-C", "index_price": 51089.07, "direction": "buy", "amount": 1.0}, {"trade_seq": 3966, "trade_id": "193950706", "timestamp": 1638849963502, "tick_direction": 1, "price": 0.0085, "mark_price": 0.00786012, "iv": 83.97, "instrument_name": "BTC-31DEC21-70000-C", "index_price": 51056.67, "direction": "buy", "amount": 5.0}, {"trade_seq": 3965, "trade_id": "193950705", "timestamp": 1638849954906, "tick_direction": 1, "price": 0.0085, "mark_price": 0.00785734, "iv": 83.96, "instrument_name": "BTC-31DEC21-70000-C", "index_price": 51058.43, "direction": "buy", "amount": 1.0}, {"trade_seq": 3964, "trade_id": "193950704", "timestamp": 1638849954906, "tick_direction": 0, "price": 0.0085, "mark_price": 0.00785734, "iv": 83.96, "instrument_name": "BTC-31DEC21-70000-C", "index_price": 51058.43, "direction": "buy", "amount": 9.0}, {"trade_seq": 3963, "trade_id": "193950577", "timestamp": 1638849762560, "tick_direction": 1, "price": 0.008, "mark_price": 0.0073926, "iv": 82.87, "instrument_name": "BTC-31DEC21-70000-C", "index_price": 51038.04, "direction": "sell", "amount": 1.9}, {"trade_seq": 3962, "trade_id": "193950576", "timestamp": 1638849762094, "tick_direction": 0, "price": 0.008, "mark_price": 0.0073887, "iv": 82.87, "instrument_name": "BTC-31DEC21-70000-C", "index_price": 51037.06, "direction": "buy", "amount": 2.4}, {"trade_seq": 3961, "trade_id": "193950467", "timestamp": 1638849694016, "tick_direction": 1, "price": 0.0075, "mark_price": 0.00733859, "iv": 81.51, "instrument_name": "BTC-31DEC21-70000-C", "index_price": 51062.61, "direction": "buy", "amount": 0.3}, {"trade_seq": 3960, "trade_id": "193944197", "timestamp": 1638845295277, "tick_direction": 0, "price": 0.0075, "mark_price": 0.00725951, "iv": 82.65, "instrument_name": "BTC-31DEC21-70000-C", "index_price": 50756.13, "direction": "buy", "amount": 0.2}, {"trade_seq": 3959, "trade_id": "193942984", "timestamp": 1638844380849, "tick_direction": 3, "price": 0.007, "mark_price": 0.00720876, "iv": 81.02, "instrument_name": "BTC-31DEC21-70000-C", "index_price": 50837.7, "direction": "sell", "amount": 0.1}, {"trade_seq": 3958, "trade_id": "193919829", "timestamp": 1638835581880, "tick_direction": 2, "price": 0.007, "mark_price": 0.00743306, "iv": 81.72, "instrument_name": "BTC-31DEC21-70000-C", "index_price": 50615.27, "direction": "sell", "amount": 0.1}, {"trade_seq": 3957, "trade_id": "193918861", "timestamp": 1638835285955, "tick_direction": 0, "price": 0.008, "mark_price": 0.00751585, "iv": 84.42, "instrument_name": "BTC-31DEC21-70000-C", "index_price": 50572.52, "direction": "buy", "amount": 1.0}, {"trade_seq": 3956, "trade_id": "193895216", "timestamp": 1638827587819, "tick_direction": 2, "price": 0.007, "mark_price": 0.00707466, "iv": 83.12, "instrument_name": "BTC-31DEC21-70000-C", "index_price": 50198.48, "direction": "sell", "amount": 1.0}, {"trade_seq": 3955, "trade_id": "193894310", "timestamp": 1638827522980, "tick_direction": 0, "price": 0.0075, "mark_price": 0.00739373, "iv": 83.8, "instrument_name": "BTC-31DEC21-70000-C", "index_price": 50376.8, "direction": "buy", "amount": 7.0}, {"trade_seq": 3954, "trade_id": "193885296", "timestamp": 1638826536902, "tick_direction": 1, "price": 0.006, "mark_price": 0.00573997, "iv": 83.95, "instrument_name": "BTC-31DEC21-70000-C", "index_price": 49254.29, "direction": "buy", "amount": 1.0}, {"trade_seq": 3953, "trade_id": "193885295", "timestamp": 1638826536902, "tick_direction": 0, "price": 0.006, "mark_price": 0.00573997, "iv": 83.95, "instrument_name": "BTC-31DEC21-70000-C", "index_price": 49254.29, "direction": "buy", "amount": 0.3}, {"trade_seq": 3952, "trade_id": "193883524", "timestamp": 1638825618380, "tick_direction": 2, "price": 0.0055, "mark_price": 0.00555995, "iv": 83.07, "instrument_name": "BTC-31DEC21-70000-C", "index_price": 49067.13, "direction": "buy", "amount": 1.0}, {"trade_seq": 3951, "trade_id": "193883248", "timestamp": 1638825422765, "tick_direction": 0, "price": 0.006, "mark_price": 0.00552942, "iv": 84.78, "instrument_name": "BTC-31DEC21-70000-C", "index_price": 49005.01, "direction": "buy", "amount": 0.2}, {"trade_seq": 3950, "trade_id": "193882970", "timestamp": 1638825263184, "tick_direction": 3, "price": 0.0055, "mark_price": 0.00548735, "iv": 83.46, "instrument_name": "BTC-31DEC21-70000-C", "index_price": 48953.24, "direction": "buy", "amount": 1.0}, {"trade_seq": 3949, "trade_id": "193879492", "timestamp": 1638823588922, "tick_direction": 2, "price": 0.0055, "mark_price": 0.00577473, "iv": 82.29, "instrument_name": "BTC-31DEC21-70000-C", "index_price": 49252.82, "direction": "sell", "amount": 0.2}, {"trade_seq": 3948, "trade_id": "193877608", "timestamp": 1638821519971, "tick_direction": 0, "price": 0.0063, "mark_price": 0.00578225, "iv": 84.88, "instrument_name": "BTC-31DEC21-70000-C", "index_price": 49164.64, "direction": "buy", "block_trade_id": "27044", "amount": 50.0}, {"trade_seq": 3947, "trade_id": "193857314", "timestamp": 1638810057791, "tick_direction": 1, "price": 0.0055, "mark_price": 0.00575681, "iv": 82.48, "instrument_name": "BTC-31DEC21-70000-C", "index_price": 49164.17, "direction": "sell", "amount": 1.0}, {"trade_seq": 3946, "trade_id": "193857303", "timestamp": 1638810051418, "tick_direction": 1, "price": 0.0055, "mark_price": 0.00571674, "iv": 82.6, "instrument_name": "BTC-31DEC21-70000-C", "index_price": 49149.13, "direction": "sell", "amount": 1.0}, {"trade_seq": 3945, "trade_id": "193853018", "timestamp": 1638808767970, "tick_direction": 1, "price": 0.0055, "mark_price": 0.00535366, "iv": 82.5, "instrument_name": "BTC-31DEC21-70000-C", "index_price": 49168.12, "direction": "buy", "amount": 0.3}, {"trade_seq": 3944, "trade_id": "193852900", "timestamp": 1638808760216, "tick_direction": 1, "price": 0.0055, "mark_price": 0.00535946, "iv": 82.45, "instrument_name": "BTC-31DEC21-70000-C", "index_price": 49187.17, "direction": "buy", "amount": 0.7}, {"trade_seq": 3943, "trade_id": "193852899", "timestamp": 1638808760216, "tick_direction": 1, "price": 0.0055, "mark_price": 0.00535946, "iv": 82.45, "instrument_name": "BTC-31DEC21-70000-C", "index_price": 49187.17, "direction": "buy", "amount": 0.7}, {"trade_seq": 3942, "trade_id": "193818185", "timestamp": 1638801249223, "tick_direction": 0, "price": 0.0055, "mark_price": 0.00526539, "iv": 85.91, "instrument_name": "BTC-31DEC21-70000-C", "index_price": 48224.14, "direction": "sell", "amount": 1.0}, {"trade_seq": 3941, "trade_id": "193803308", "timestamp": 1638795747796, "tick_direction": 3, "price": 0.005, "mark_price": 0.00544204, "iv": 83.02, "instrument_name": "BTC-31DEC21-70000-C", "index_price": 48546.97, "direction": "sell", "amount": 28.0}, {"trade_seq": 3940, "trade_id": "193803307", "timestamp": 1638795747796, "tick_direction": 3, "price": 0.005, "mark_price": 0.00544204, "iv": 83.02, "instrument_name": "BTC-31DEC21-70000-C", "index_price": 48546.97, "direction": "sell", "amount": 2.2}, {"trade_seq": 3939, "trade_id": "193803306", "timestamp": 1638795747796, "tick_direction": 3, "price": 0.005, "mark_price": 0.00544204, "iv": 83.02, "instrument_name": "BTC-31DEC21-70000-C", "index_price": 48546.97, "direction": "sell", "amount": 0.6}, {"trade_seq": 3938, "trade_id": "193803305", "timestamp": 1638795747796, "tick_direction": 3, "price": 0.005, "mark_price": 0.00544204, "iv": 83.02, "instrument_name": "BTC-31DEC21-70000-C", "index_price": 48546.97, "direction": "sell", "amount": 0.5}, {"trade_seq": 3937, "trade_id": "193803304", "timestamp": 1638795747796, "tick_direction": 3, "price": 0.005, "mark_price": 0.00544204, "iv": 83.02, "instrument_name": "BTC-31DEC21-70000-C", "index_price": 48546.97, "direction": "sell", "amount": 0.1}, {"trade_seq": 3936, "trade_id": "193803303", "timestamp": 1638795747796, "tick_direction": 3, "price": 0.005, "mark_price": 0.00544204, "iv": 83.02, "instrument_name": "BTC-31DEC21-70000-C", "index_price": 48546.97, "direction": "sell", "amount": 4.1}, {"trade_seq": 3935, "trade_id": "193797290", "timestamp": 1638793780980, "tick_direction": 3, "price": 0.005, "mark_price": 0.00554378, "iv": 82.52, "instrument_name": "BTC-31DEC21-70000-C", "index_price": 48674.54, "direction": "sell", "amount": 0.2}, {"trade_seq": 3934, "trade_id": "193746447", "timestamp": 1638783379379, "tick_direction": 3, "price": 0.005, "mark_price": 0.00479187, "iv": 87.03, "instrument_name": "BTC-31DEC21-70000-C", "index_price": 47394.07, "direction": "sell", "amount": 3.5}, {"trade_seq": 3933, "trade_id": "193730411", "timestamp": 1638779480084, "tick_direction": 3, "price": 0.005, "mark_price": 0.00535818, "iv": 83.65, "instrument_name": "BTC-31DEC21-70000-C", "index_price": 48301.98, "direction": "sell", "amount": 0.5}, {"trade_seq": 3932, "trade_id": "193710088", "timestamp": 1638776287154, "tick_direction": 2, "price": 0.005, "mark_price": 0.00555033, "iv": 84.13, "instrument_name": "BTC-31DEC21-70000-C", "index_price": 48173.8, "direction": "sell", "amount": 0.7}, {"trade_seq": 3931, "trade_id": "193708511", "timestamp": 1638775773450, "tick_direction": 2, "price": 0.0055, "mark_price": 0.00554084, "iv": 86.81, "instrument_name": "BTC-31DEC21-70000-C", "index_price": 47870.6, "direction": "sell", "amount": 0.1}, {"trade_seq": 3930, "trade_id": "193688428", "timestamp": 1638765808672, "tick_direction": 0, "price": 0.0065, "mark_price": 0.0066999, "iv": 84.89, "instrument_name": "BTC-31DEC21-70000-C", "index_price": 49207.25, "direction": "sell", "amount": 0.4}, {"trade_seq": 3929, "trade_id": "193684232", "timestamp": 1638761907104, "tick_direction": 3, "price": 0.006, "mark_price": 0.00633963, "iv": 83.93, "instrument_name": "BTC-31DEC21-70000-C", "index_price": 49062.54, "direction": "sell", "amount": 1.5}, {"trade_seq": 3928, "trade_id": "193684231", "timestamp": 1638761907104, "tick_direction": 2, "price": 0.006, "mark_price": 0.00633963, "iv": 83.93, "instrument_name": "BTC-31DEC21-70000-C", "index_price": 49062.54, "direction": "sell", "amount": 3.0}, {"trade_seq": 3927, "trade_id": "193683100", "timestamp": 1638761114740, "tick_direction": 3, "price": 0.0065, "mark_price": 0.00643664, "iv": 84.97, "instrument_name": "BTC-31DEC21-70000-C", "index_price": 49168.25, "direction": "buy", "amount": 0.6}, {"trade_seq": 3926, "trade_id": "193683020", "timestamp": 1638761097083, "tick_direction": 3, "price": 0.0065, "mark_price": 0.00641165, "iv": 85.07, "instrument_name": "BTC-31DEC21-70000-C", "index_price": 49130.34, "direction": "buy", "amount": 1.6}, {"trade_seq": 3925, "trade_id": "193682452", "timestamp": 1638760636225, "tick_direction": 3, "price": 0.0065, "mark_price": 0.00677558, "iv": 85.42, "instrument_name": "BTC-31DEC21-70000-C", "index_price": 49035.55, "direction": "sell", "amount": 0.5}, {"trade_seq": 3924, "trade_id": "193682182", "timestamp": 1638760380326, "tick_direction": 2, "price": 0.0065, "mark_price": 0.00666657, "iv": 85.64, "instrument_name": "BTC-31DEC21-70000-C", "index_price": 48985.97, "direction": "sell", "amount": 3.0}, {"trade_seq": 3923, "trade_id": "193628557", "timestamp": 1638738946182, "tick_direction": 3, "price": 0.0075, "mark_price": 0.00760102, "iv": 89.01, "instrument_name": "BTC-31DEC21-70000-C", "index_price": 48690.7, "direction": "sell", "amount": 1.0}, {"trade_seq": 3922, "trade_id": "193621971", "timestamp": 1638734142241, "tick_direction": 2, "price": 0.0075, "mark_price": 0.00792799, "iv": 88.4, "instrument_name": "BTC-31DEC21-70000-C", "index_price": 48843.07, "direction": "sell", "amount": 0.2}, {"trade_seq": 3921, "trade_id": "193615953", "timestamp": 1638731446645, "tick_direction": 1, "price": 0.008, "mark_price": 0.00744347, "iv": 89.03, "instrument_name": "BTC-31DEC21-70000-C", "index_price": 49009.63, "direction": "buy", "amount": 2.0}, {"trade_seq": 3920, "trade_id": "193612239", "timestamp": 1638728248064, "tick_direction": 1, "price": 0.008, "mark_price": 0.00777705, "iv": 87.65, "instrument_name": "BTC-31DEC21-70000-C", "index_price": 49334.94, "direction": "buy", "amount": 0.3}, {"trade_seq": 3919, "trade_id": "193612238", "timestamp": 1638728248064, "tick_direction": 0, "price": 0.008, "mark_price": 0.00777705, "iv": 87.65, "instrument_name": "BTC-31DEC21-70000-C", "index_price": 49334.94, "direction": "buy", "amount": 1.0}, {"trade_seq": 3918, "trade_id": "193602268", "timestamp": 1638723024704, "tick_direction": 0, "price": 0.0075, "mark_price": 0.00738549, "iv": 88.51, "instrument_name": "BTC-31DEC21-70000-C", "index_price": 48733.55, "direction": "sell", "amount": 0.2}, {"trade_seq": 3917, "trade_id": "193582854", "timestamp": 1638717913746, "tick_direction": 3, "price": 0.007, "mark_price": 0.00734423, "iv": 87.61, "instrument_name": "BTC-31DEC21-70000-C", "index_price": 48587.78, "direction": "sell", "amount": 2.0}, {"trade_seq": 3916, "trade_id": "193577899", "timestamp": 1638716959095, "tick_direction": 3, "price": 0.007, "mark_price": 0.00718432, "iv": 87.1, "instrument_name": "BTC-31DEC21-70000-C", "index_price": 48723.11, "direction": "sell", "amount": 4.1}, {"trade_seq": 3915, "trade_id": "193577898", "timestamp": 1638716959095, "tick_direction": 3, "price": 0.007, "mark_price": 0.00718432, "iv": 87.1, "instrument_name": "BTC-31DEC21-70000-C", "index_price": 48723.11, "direction": "sell", "amount": 1.9}, {"trade_seq": 3914, "trade_id": "193575804", "timestamp": 1638716449544, "tick_direction": 2, "price": 0.007, "mark_price": 0.00734854, "iv": 86.0, "instrument_name": "BTC-31DEC21-70000-C", "index_price": 49019.53, "direction": "sell", "amount": 0.1}, {"trade_seq": 3913, "trade_id": "193560090", "timestamp": 1638707596532, "tick_direction": 0, "price": 0.0085, "mark_price": 0.0079806, "iv": 87.55, "instrument_name": "BTC-31DEC21-70000-C", "index_price": 49598.21, "direction": "buy", "amount": 0.1}, {"trade_seq": 3912, "trade_id": "193542248", "timestamp": 1638697054760, "tick_direction": 2, "price": 0.008, "mark_price": 0.00842688, "iv": 87.22, "instrument_name": "BTC-31DEC21-70000-C", "index_price": 49280.81, "direction": "sell", "amount": 0.4}, {"trade_seq": 3911, "trade_id": "193537773", "timestamp": 1638695328914, "tick_direction": 2, "price": 0.0085, "mark_price": 0.00838338, "iv": 88.48, "instrument_name": "BTC-31DEC21-70000-C", "index_price": 49255.99, "direction": "sell", "amount": 0.2}, {"trade_seq": 3910, "trade_id": "193535665", "timestamp": 1638693527384, "tick_direction": 1, "price": 0.009, "mark_price": 0.00882336, "iv": 88.44, "instrument_name": "BTC-31DEC21-70000-C", "index_price": 49550.75, "direction": "buy", "amount": 1.0}, {"trade_seq": 3909, "trade_id": "193535349", "timestamp": 1638693208408, "tick_direction": 0, "price": 0.009, "mark_price": 0.00874625, "iv": 88.7, "instrument_name": "BTC-31DEC21-70000-C", "index_price": 49469.45, "direction": "buy", "amount": 3.0}, {"trade_seq": 3908, "trade_id": "193508248", "timestamp": 1638670236850, "tick_direction": 0, "price": 0.0075, "mark_price": 0.00690166, "iv": 86.66, "instrument_name": "BTC-31DEC21-70000-C", "index_price": 48921.04, "direction": "buy", "amount": 1.0}, {"trade_seq": 3907, "trade_id": "193506288", "timestamp": 1638669423928, "tick_direction": 3, "price": 0.0065, "mark_price": 0.00706216, "iv": 82.95, "instrument_name": "BTC-31DEC21-70000-C", "index_price": 49164.1, "direction": "sell", "amount": 1.3}, {"trade_seq": 3906, "trade_id": "193501434", "timestamp": 1638666616326, "tick_direction": 2, "price": 0.0065, "mark_price": 0.0070221, "iv": 83.89, "instrument_name": "BTC-31DEC21-70000-C", "index_price": 48922.85, "direction": "sell", "amount": 0.3}, {"trade_seq": 3905, "trade_id": "193498573", "timestamp": 1638665509968, "tick_direction": 1, "price": 0.0075, "mark_price": 0.00718343, "iv": 86.37, "instrument_name": "BTC-31DEC21-70000-C", "index_price": 48948.0, "direction": "buy", "amount": 1.0}