{"trades": [{"trade_seq": 553, "trade_id": "2969899", "timestamp": 1513717929227, "tick_direction": 2, "price": 0.5753, "mark_price": 0.57817783, "iv": 0.0, "instrument_name": "BTC-29DEC17-7500-C", "index_price": 17448.72, "direction": "buy", "amount": 1.2}, {"trade_seq": 552, "trade_id": "2789163", "timestamp": 1513516851813, "tick_direction": 0, "price": 0.6405, "mark_price": 0.64049762, "iv": 155.73, "instrument_name": "BTC-29DEC17-7500-C", "index_price": 19655.27, "direction": "buy", "amount": 0.5}, {"trade_seq": 551, "trade_id": "2757153", "timestamp": 1513436427366, "tick_direction": 1, "price": 0.627, "mark_price": 0.61961381, "iv": 315.49, "instrument_name": "BTC-29DEC17-7500-C", "index_price": 18659.54, "direction": "sell", "amount": 0.1}, {"trade_seq": 550, "trade_id": "2757152", "timestamp": 1513436426220, "tick_direction": 0, "price": 0.627, "mark_price": 0.61961381, "iv": 315.49, "instrument_name": "BTC-29DEC17-7500-C", "index_price": 18659.54, "direction": "buy", "amount": 2.5}, {"trade_seq": 549, "trade_id": "2602349", "timestamp": 1513086485909, "tick_direction": 0, "price": 0.5968, "mark_price": 0.59482262, "iv": 204.81, "instrument_name": "BTC-29DEC17-7500-C", "index_price": 16845.99, "direction": "buy", "amount": 2.5}, {"trade_seq": 548, "trade_id": "2594927", "timestamp": 1513069264080, "tick_direction": 0, "price": 0.5904, "mark_price": 0.58260271, "iv": 253.47, "instrument_name": "BTC-29DEC17-7500-C", "index_price": 16942.14, "direction": "buy", "amount": 1.2}, {"trade_seq": 547, "trade_id": "2594868", "timestamp": 1513069119667, "tick_direction": 2, "price": 0.589, "mark_price": 0.58107622, "iv": 253.41, "instrument_name": "BTC-29DEC17-7500-C", "index_price": 16954.33, "direction": "buy", "amount": 0.2}, {"trade_seq": 546, "trade_id": "2594786", "timestamp": 1513068862088, "tick_direction": 0, "price": 0.5909, "mark_price": 0.58350596, "iv": 251.22, "instrument_name": "BTC-29DEC17-7500-C", "index_price": 16965.97, "direction": "buy", "amount": 1.0}, {"trade_seq": 545, "trade_id": "2504589", "timestamp": 1512933549792, "tick_direction": 0, "price": 0.5261, "mark_price": 0.52184863, "iv": 186.93, "instrument_name": "BTC-29DEC17-7500-C", "index_price": 15336.32, "direction": "sell", "amount": 0.2}, {"trade_seq": 544, "trade_id": "2504579", "timestamp": 1512933534243, "tick_direction": 1, "price": 0.5254, "mark_price": 0.52137884, "iv": 184.97, "instrument_name": "BTC-29DEC17-7500-C", "index_price": 15329.86, "direction": "sell", "amount": 0.2}, {"trade_seq": 543, "trade_id": "2504575", "timestamp": 1512933531091, "tick_direction": 0, "price": 0.5254, "mark_price": 0.52101445, "iv": 187.6, "instrument_name": "BTC-29DEC17-7500-C", "index_price": 15329.86, "direction": "sell", "amount": 0.2}, {"trade_seq": 542, "trade_id": "2417869", "timestamp": 1512837298690, "tick_direction": 2, "price": 0.4891, "mark_price": 0.47636358, "iv": 203.85, "instrument_name": "BTC-29DEC17-7500-C", "index_price": 14370.51, "direction": "sell", "amount": 0.5}, {"trade_seq": 541, "trade_id": "2405447", "timestamp": 1512817651099, "tick_direction": 0, "price": 0.505, "mark_price": 0.49535525, "iv": 198.45, "instrument_name": "BTC-29DEC17-7500-C", "index_price": 14871.78, "direction": "sell", "amount": 0.1}, {"trade_seq": 540, "trade_id": "2405439", "timestamp": 1512817610474, "tick_direction": 0, "price": 0.5046, "mark_price": 0.49573259, "iv": 194.96, "instrument_name": "BTC-29DEC17-7500-C", "index_price": 14890.03, "direction": "sell", "amount": 0.1}, {"trade_seq": 539, "trade_id": "2405435", "timestamp": 1512817593132, "tick_direction": 0, "price": 0.5041, "mark_price": 0.49625291, "iv": 190.14, "instrument_name": "BTC-29DEC17-7500-C", "index_price": 14895.23, "direction": "sell", "amount": 0.1}, {"trade_seq": 538, "trade_id": "2405400", "timestamp": 1512817554332, "tick_direction": 2, "price": 0.5033, "mark_price": 0.49700821, "iv": 182.07, "instrument_name": "BTC-29DEC17-7500-C", "index_price": 14944.25, "direction": "sell", "amount": 0.2}, {"trade_seq": 537, "trade_id": "2340855", "timestamp": 1512732285662, "tick_direction": 2, "price": 0.5063, "mark_price": 0.49405155, "iv": 204.02, "instrument_name": "BTC-29DEC17-7500-C", "index_price": 14546.27, "direction": "sell", "amount": 0.5}, {"trade_seq": 536, "trade_id": "2289574", "timestamp": 1512700297298, "tick_direction": 0, "price": 0.5653, "mark_price": 0.553343, "iv": 231.24, "instrument_name": "BTC-29DEC17-7500-C", "index_price": 15740.25, "direction": "buy", "amount": 1.0}, {"trade_seq": 535, "trade_id": "2179845", "timestamp": 1512645768135, "tick_direction": 0, "price": 0.4835, "mark_price": 0.49041103, "iv": 0.0, "instrument_name": "BTC-29DEC17-7500-C", "index_price": 14883.49, "direction": "sell", "amount": 0.3}, {"trade_seq": 534, "trade_id": "2179190", "timestamp": 1512645180264, "tick_direction": 2, "price": 0.4805, "mark_price": 0.48750291, "iv": 0.0, "instrument_name": "BTC-29DEC17-7500-C", "index_price": 14613.31, "direction": "sell", "amount": 0.5}, {"trade_seq": 533, "trade_id": "2173023", "timestamp": 1512638487718, "tick_direction": 3, "price": 0.49, "mark_price": 0.49177295, "iv": 0.0, "instrument_name": "BTC-29DEC17-7500-C", "index_price": 14716.61, "direction": "buy", "amount": 2.5}, {"trade_seq": 532, "trade_id": "2173021", "timestamp": 1512638483759, "tick_direction": 3, "price": 0.49, "mark_price": 0.49150565, "iv": 0.0, "instrument_name": "BTC-29DEC17-7500-C", "index_price": 14715.23, "direction": "buy", "amount": 2.5}, {"trade_seq": 531, "trade_id": "2173020", "timestamp": 1512638481181, "tick_direction": 3, "price": 0.49, "mark_price": 0.49150565, "iv": 0.0, "instrument_name": "BTC-29DEC17-7500-C", "index_price": 14716.07, "direction": "buy", "amount": 5.0}, {"trade_seq": 530, "trade_id": "2172992", "timestamp": 1512638406506, "tick_direction": 3, "price": 0.49, "mark_price": 0.49142744, "iv": 0.0, "instrument_name": "BTC-29DEC17-7500-C", "index_price": 14710.78, "direction": "buy", "amount": 4.0}, {"trade_seq": 529, "trade_id": "2172971", "timestamp": 1512638378136, "tick_direction": 2, "price": 0.49, "mark_price": 0.49142744, "iv": 0.0, "instrument_name": "BTC-29DEC17-7500-C", "index_price": 14702.17, "direction": "buy", "amount": 6.0}, {"trade_seq": 528, "trade_id": "2172925", "timestamp": 1512638269647, "tick_direction": 1, "price": 0.4904, "mark_price": 0.49127826, "iv": 0.0, "instrument_name": "BTC-29DEC17-7500-C", "index_price": 14700.3, "direction": "buy", "amount": 3.0}, {"trade_seq": 527, "trade_id": "2172899", "timestamp": 1512638255573, "tick_direction": 0, "price": 0.4904, "mark_price": 0.49175088, "iv": 0.0, "instrument_name": "BTC-29DEC17-7500-C", "index_price": 14697.47, "direction": "sell", "amount": 1.0}, {"trade_seq": 526, "trade_id": "2172738", "timestamp": 1512638142750, "tick_direction": 0, "price": 0.49, "mark_price": 0.49074064, "iv": 0.0, "instrument_name": "BTC-29DEC17-7500-C", "index_price": 14673.58, "direction": "buy", "amount": 5.0}, {"trade_seq": 525, "trade_id": "2172587", "timestamp": 1512637837263, "tick_direction": 3, "price": 0.4806, "mark_price": 0.48874325, "iv": 0.0, "instrument_name": "BTC-29DEC17-7500-C", "index_price": 14669.22, "direction": "buy", "amount": 3.0}, {"trade_seq": 524, "trade_id": "2172543", "timestamp": 1512637811494, "tick_direction": 2, "price": 0.4806, "mark_price": 0.4888127, "iv": 0.0, "instrument_name": "BTC-29DEC17-7500-C", "index_price": 14679.59, "direction": "sell", "amount": 1.0}, {"trade_seq": 523, "trade_id": "2171999", "timestamp": 1512637110698, "tick_direction": 0, "price": 0.49, "mark_price": 0.49114357, "iv": 0.0, "instrument_name": "BTC-29DEC17-7500-C", "index_price": 14714.75, "direction": "buy", "amount": 2.0}, {"trade_seq": 522, "trade_id": "2171923", "timestamp": 1512636983833, "tick_direction": 2, "price": 0.4852, "mark_price": 0.49032296, "iv": 0.0, "instrument_name": "BTC-29DEC17-7500-C", "index_price": 14686.38, "direction": "buy", "amount": 1.0}, {"trade_seq": 521, "trade_id": "2171918", "timestamp": 1512636975867, "tick_direction": 2, "price": 0.4866, "mark_price": 0.49142965, "iv": 0.0, "instrument_name": "BTC-29DEC17-7500-C", "index_price": 14595.27, "direction": "sell", "amount": 1.0}, {"trade_seq": 520, "trade_id": "2171917", "timestamp": 1512636975464, "tick_direction": 2, "price": 0.49, "mark_price": 0.49142965, "iv": 0.0, "instrument_name": "BTC-29DEC17-7500-C", "index_price": 14595.27, "direction": "buy", "amount": 1.0}, {"trade_seq": 519, "trade_id": "2171329", "timestamp": 1512636745947, "tick_direction": 0, "price": 0.493, "mark_price": 0.49297924, "iv": 101.31, "instrument_name": "BTC-29DEC17-7500-C", "index_price": 14726.58, "direction": "buy", "amount": 1.0}, {"trade_seq": 518, "trade_id": "2171315", "timestamp": 1512636679757, "tick_direction": 2, "price": 0.491, "mark_price": 0.49229319, "iv": 0.0, "instrument_name": "BTC-29DEC17-7500-C", "index_price": 14717.54, "direction": "buy", "amount": 1.0}, {"trade_seq": 517, "trade_id": "2171272", "timestamp": 1512636549218, "tick_direction": 0, "price": 0.4925, "mark_price": 0.49212435, "iv": 114.6, "instrument_name": "BTC-29DEC17-7500-C", "index_price": 14697.3, "direction": "buy", "amount": 1.0}, {"trade_seq": 516, "trade_id": "2171222", "timestamp": 1512636509395, "tick_direction": 2, "price": 0.489, "mark_price": 0.49161877, "iv": 0.0, "instrument_name": "BTC-29DEC17-7500-C", "index_price": 14638.24, "direction": "buy", "amount": 1.0}, {"trade_seq": 515, "trade_id": "2171145", "timestamp": 1512636467998, "tick_direction": 2, "price": 0.4891, "mark_price": 0.4905084, "iv": 0.0, "instrument_name": "BTC-29DEC17-7500-C", "index_price": 14624.48, "direction": "sell", "amount": 1.0}, {"trade_seq": 514, "trade_id": "2171069", "timestamp": 1512636372116, "tick_direction": 2, "price": 0.49, "mark_price": 0.49094803, "iv": 0.0, "instrument_name": "BTC-29DEC17-7500-C", "index_price": 14630.73, "direction": "buy", "amount": 1.0}, {"trade_seq": 513, "trade_id": "2170035", "timestamp": 1512635861786, "tick_direction": 0, "price": 0.4925, "mark_price": 0.49350844, "iv": 0.0, "instrument_name": "BTC-29DEC17-7500-C", "index_price": 14659.49, "direction": "buy", "amount": 1.0}, {"trade_seq": 512, "trade_id": "2168694", "timestamp": 1512634583770, "tick_direction": 0, "price": 0.4825, "mark_price": 0.48405898, "iv": 0.0, "instrument_name": "BTC-29DEC17-7500-C", "index_price": 14481.64, "direction": "buy", "amount": 1.0}, {"trade_seq": 511, "trade_id": "2168678", "timestamp": 1512634537686, "tick_direction": 0, "price": 0.4813, "mark_price": 0.48382167, "iv": 0.0, "instrument_name": "BTC-29DEC17-7500-C", "index_price": 14475.91, "direction": "buy", "amount": 2.5}, {"trade_seq": 510, "trade_id": "2168500", "timestamp": 1512633947289, "tick_direction": 1, "price": 0.4775, "mark_price": 0.48147718, "iv": 0.0, "instrument_name": "BTC-29DEC17-7500-C", "index_price": 14388.4, "direction": "buy", "amount": 0.4}, {"trade_seq": 509, "trade_id": "2168422", "timestamp": 1512633830630, "tick_direction": 0, "price": 0.4775, "mark_price": 0.48238528, "iv": 0.0, "instrument_name": "BTC-29DEC17-7500-C", "index_price": 14318.92, "direction": "buy", "amount": 1.0}, {"trade_seq": 508, "trade_id": "2167641", "timestamp": 1512631340148, "tick_direction": 0, "price": 0.475, "mark_price": 0.4764, "iv": 0.0, "instrument_name": "BTC-29DEC17-7500-C", "index_price": 14262.42, "direction": "buy", "amount": 1.0}, {"trade_seq": 507, "trade_id": "2167514", "timestamp": 1512631020495, "tick_direction": 2, "price": 0.474, "mark_price": 0.47430914, "iv": 0.0, "instrument_name": "BTC-29DEC17-7500-C", "index_price": 14311.35, "direction": "sell", "amount": 2.5}, {"trade_seq": 506, "trade_id": "2166209", "timestamp": 1512627458551, "tick_direction": 1, "price": 0.48, "mark_price": 0.48384249, "iv": 0.0, "instrument_name": "BTC-29DEC17-7500-C", "index_price": 14394.36, "direction": "buy", "amount": 0.2}, {"trade_seq": 505, "trade_id": "2166182", "timestamp": 1512627427187, "tick_direction": 1, "price": 0.48, "mark_price": 0.48384429, "iv": 0.0, "instrument_name": "BTC-29DEC17-7500-C", "index_price": 14385.69, "direction": "buy", "amount": 0.2}, {"trade_seq": 504, "trade_id": "2166097", "timestamp": 1512627252995, "tick_direction": 0, "price": 0.48, "mark_price": 0.48189786, "iv": 0.0, "instrument_name": "BTC-29DEC17-7500-C", "index_price": 14348.73, "direction": "buy", "amount": 0.2}, {"trade_seq": 503, "trade_id": "2165537", "timestamp": 1512625640922, "tick_direction": 3, "price": 0.472, "mark_price": 0.47809711, "iv": 0.0, "instrument_name": "BTC-29DEC17-7500-C", "index_price": 14285.42, "direction": "buy", "amount": 1.5}, {"trade_seq": 502, "trade_id": "2165503", "timestamp": 1512625549696, "tick_direction": 3, "price": 0.472, "mark_price": 0.4777855, "iv": 0.0, "instrument_name": "BTC-29DEC17-7500-C", "index_price": 14280.4, "direction": "buy", "amount": 1.5}, {"trade_seq": 501, "trade_id": "2165476", "timestamp": 1512625465068, "tick_direction": 3, "price": 0.472, "mark_price": 0.47702902, "iv": 0.0, "instrument_name": "BTC-29DEC17-7500-C", "index_price": 14257.79, "direction": "buy", "amount": 1.0}, {"trade_seq": 500, "trade_id": "2165472", "timestamp": 1512625464409, "tick_direction": 3, "price": 0.472, "mark_price": 0.47702902, "iv": 0.0, "instrument_name": "BTC-29DEC17-7500-C", "index_price": 14270.51, "direction": "buy", "amount": 1.5}, {"trade_seq": 499, "trade_id": "2165466", "timestamp": 1512625457901, "tick_direction": 3, "price": 0.472, "mark_price": 0.47660158, "iv": 0.0, "instrument_name": "BTC-29DEC17-7500-C", "index_price": 14270.51, "direction": "buy", "amount": 1.5}, {"trade_seq": 498, "trade_id": "2165457", "timestamp": 1512625429890, "tick_direction": 2, "price": 0.472, "mark_price": 0.47662704, "iv": 0.0, "instrument_name": "BTC-29DEC17-7500-C", "index_price": 14263.89, "direction": "sell", "amount": 2.5}, {"trade_seq": 497, "trade_id": "2163563", "timestamp": 1512622767200, "tick_direction": 0, "price": 0.475, "mark_price": 0.47658236, "iv": 0.0, "instrument_name": "BTC-29DEC17-7500-C", "index_price": 14261.77, "direction": "buy", "amount": 1.0}, {"trade_seq": 496, "trade_id": "2163245", "timestamp": 1512622500733, "tick_direction": 0, "price": 0.4725, "mark_price": 0.4748124, "iv": 0.0, "instrument_name": "BTC-29DEC17-7500-C", "index_price": 14226.37, "direction": "buy", "amount": 1.0}, {"trade_seq": 495, "trade_id": "2155690", "timestamp": 1512612142810, "tick_direction": 2, "price": 0.4663, "mark_price": 0.47159193, "iv": 0.0, "instrument_name": "BTC-29DEC17-7500-C", "index_price": 14092.75, "direction": "sell", "amount": 0.6}, {"trade_seq": 494, "trade_id": "2154580", "timestamp": 1512610710864, "tick_direction": 1, "price": 0.475, "mark_price": 0.47518139, "iv": 74.6, "instrument_name": "BTC-29DEC17-7500-C", "index_price": 14229.52, "direction": "buy", "amount": 0.3}, {"trade_seq": 493, "trade_id": "2154477", "timestamp": 1512610613153, "tick_direction": 1, "price": 0.475, "mark_price": 0.47512109, "iv": 88.06, "instrument_name": "BTC-29DEC17-7500-C", "index_price": 14245.73, "direction": "buy", "amount": 0.3}, {"trade_seq": 492, "trade_id": "2154473", "timestamp": 1512610584962, "tick_direction": 0, "price": 0.475, "mark_price": 0.47521363, "iv": 0.0, "instrument_name": "BTC-29DEC17-7500-C", "index_price": 14243.0, "direction": "buy", "amount": 0.4}, {"trade_seq": 491, "trade_id": "2151974", "timestamp": 1512607882434, "tick_direction": 0, "price": 0.4725, "mark_price": 0.47417282, "iv": 0.0, "instrument_name": "BTC-29DEC17-7500-C", "index_price": 14129.68, "direction": "buy", "amount": 1.0}, {"trade_seq": 490, "trade_id": "2149253", "timestamp": 1512605510022, "tick_direction": 1, "price": 0.4612, "mark_price": 0.46175785, "iv": 0.0, "instrument_name": "BTC-29DEC17-7500-C", "index_price": 13888.84, "direction": "buy", "amount": 0.5}, {"trade_seq": 489, "trade_id": "2149180", "timestamp": 1512605411002, "tick_direction": 0, "price": 0.4612, "mark_price": 0.46132842, "iv": 90.88, "instrument_name": "BTC-29DEC17-7500-C", "index_price": 13847.76, "direction": "buy", "amount": 1.5}, {"trade_seq": 488, "trade_id": "2146442", "timestamp": 1512602974907, "tick_direction": 2, "price": 0.45, "mark_price": 0.44952433, "iv": 110.51, "instrument_name": "BTC-29DEC17-7500-C", "index_price": 13551.52, "direction": "buy", "amount": 2.0}, {"trade_seq": 487, "trade_id": "2143454", "timestamp": 1512600890963, "tick_direction": 1, "price": 0.4536, "mark_price": 0.45390774, "iv": 76.9, "instrument_name": "BTC-29DEC17-7500-C", "index_price": 13748.95, "direction": "buy", "amount": 0.3}, {"trade_seq": 486, "trade_id": "2143451", "timestamp": 1512600889928, "tick_direction": 1, "price": 0.4536, "mark_price": 0.44843199, "iv": 146.97, "instrument_name": "BTC-29DEC17-7500-C", "index_price": 13251.13, "direction": "buy", "amount": 1.0}, {"trade_seq": 485, "trade_id": "2143450", "timestamp": 1512600889928, "tick_direction": 0, "price": 0.4536, "mark_price": 0.44843199, "iv": 146.97, "instrument_name": "BTC-29DEC17-7500-C", "index_price": 13251.13, "direction": "buy", "amount": 0.5}, {"trade_seq": 484, "trade_id": "2143027", "timestamp": 1512600209637, "tick_direction": 1, "price": 0.45, "mark_price": 0.45006676, "iv": 100.44, "instrument_name": "BTC-29DEC17-7500-C", "index_price": 13681.93, "direction": "buy", "amount": 1.0}, {"trade_seq": 483, "trade_id": "2142161", "timestamp": 1512599665268, "tick_direction": 0, "price": 0.45, "mark_price": 0.44988582, "iv": 104.39, "instrument_name": "BTC-29DEC17-7500-C", "index_price": 13568.97, "direction": "buy", "amount": 1.0}, {"trade_seq": 482, "trade_id": "2135502", "timestamp": 1512594207126, "tick_direction": 1, "price": 0.44, "mark_price": 0.43926548, "iv": 112.49, "instrument_name": "BTC-29DEC17-7500-C", "index_price": 13243.83, "direction": "buy", "amount": 0.5}, {"trade_seq": 481, "trade_id": "2135498", "timestamp": 1512594192754, "tick_direction": 0, "price": 0.44, "mark_price": 0.43884014, "iv": 114.53, "instrument_name": "BTC-29DEC17-7500-C", "index_price": 13254.33, "direction": "buy", "amount": 1.5}, {"trade_seq": 480, "trade_id": "2120184", "timestamp": 1512565482361, "tick_direction": 2, "price": 0.4272, "mark_price": 0.42076451, "iv": 143.35, "instrument_name": "BTC-29DEC17-7500-C", "index_price": 12738.04, "direction": "sell", "amount": 0.5}, {"trade_seq": 479, "trade_id": "2119839", "timestamp": 1512564357176, "tick_direction": 0, "price": 0.4291, "mark_price": 0.42121299, "iv": 149.34, "instrument_name": "BTC-29DEC17-7500-C", "index_price": 12726.65, "direction": "sell", "amount": 0.5}, {"trade_seq": 478, "trade_id": "2109745", "timestamp": 1512543912006, "tick_direction": 0, "price": 0.4206, "mark_price": 0.41228657, "iv": 147.57, "instrument_name": "BTC-29DEC17-7500-C", "index_price": 12493.35, "direction": "buy", "amount": 0.7}, {"trade_seq": 477, "trade_id": "2108310", "timestamp": 1512540402745, "tick_direction": 0, "price": 0.4142, "mark_price": 0.40468337, "iv": 149.38, "instrument_name": "BTC-29DEC17-7500-C", "index_price": 12329.13, "direction": "buy", "amount": 0.1}, {"trade_seq": 476, "trade_id": "2102876", "timestamp": 1512526544311, "tick_direction": 0, "price": 0.3994, "mark_price": 0.39112141, "iv": 140.93, "instrument_name": "BTC-29DEC17-7500-C", "index_price": 11976.86, "direction": "buy", "amount": 1.0}, {"trade_seq": 475, "trade_id": "2014296", "timestamp": 1512331106809, "tick_direction": 2, "price": 0.374, "mark_price": 0.37337207, "iv": 103.32, "instrument_name": "BTC-29DEC17-7500-C", "index_price": 11710.96, "direction": "buy", "amount": 1.0}, {"trade_seq": 474, "trade_id": "2000935", "timestamp": 1512301480963, "tick_direction": 1, "price": 0.375, "mark_price": 0.37534232, "iv": 98.05, "instrument_name": "BTC-29DEC17-7500-C", "index_price": 11511.0, "direction": "buy", "amount": 1.5}, {"trade_seq": 473, "trade_id": "2000887", "timestamp": 1512301446832, "tick_direction": 0, "price": 0.375, "mark_price": 0.37285, "iv": 109.55, "instrument_name": "BTC-29DEC17-7500-C", "index_price": 11498.12, "direction": "buy", "amount": 1.5}, {"trade_seq": 472, "trade_id": "1999638", "timestamp": 1512300696413, "tick_direction": 0, "price": 0.37, "mark_price": 0.36645449, "iv": 114.65, "instrument_name": "BTC-29DEC17-7500-C", "index_price": 11407.18, "direction": "buy", "amount": 0.1}, {"trade_seq": 471, "trade_id": "1965691", "timestamp": 1512208738324, "tick_direction": 0, "price": 0.35, "mark_price": 0.34740645, "iv": 108.83, "instrument_name": "BTC-29DEC17-7500-C", "index_price": 11123.29, "direction": "buy", "amount": 0.1}, {"trade_seq": 470, "trade_id": "1950339", "timestamp": 1512177827114, "tick_direction": 0, "price": 0.3423, "mark_price": 0.33796539, "iv": 112.78, "instrument_name": "BTC-29DEC17-7500-C", "index_price": 10980.99, "direction": "buy", "amount": 1.0}, {"trade_seq": 469, "trade_id": "1925328", "timestamp": 1512137071077, "tick_direction": 0, "price": 0.3227, "mark_price": 0.31261243, "iv": 118.84, "instrument_name": "BTC-29DEC17-7500-C", "index_price": 10705.86, "direction": "sell", "amount": 0.5}, {"trade_seq": 468, "trade_id": "1889626", "timestamp": 1512078759401, "tick_direction": 0, "price": 0.2612, "mark_price": 0.24972158, "iv": 110.45, "instrument_name": "BTC-29DEC17-7500-C", "index_price": 9776.75, "direction": "sell", "amount": 0.1}, {"trade_seq": 467, "trade_id": "1889624", "timestamp": 1512078755514, "tick_direction": 0, "price": 0.2596, "mark_price": 0.24901874, "iv": 109.03, "instrument_name": "BTC-29DEC17-7500-C", "index_price": 9776.75, "direction": "sell", "amount": 0.2}, {"trade_seq": 466, "trade_id": "1871038", "timestamp": 1512054505947, "tick_direction": 0, "price": 0.2349, "mark_price": 0.22044496, "iv": 109.79, "instrument_name": "BTC-29DEC17-7500-C", "index_price": 9416.22, "direction": "sell", "amount": 0.1}, {"trade_seq": 465, "trade_id": "1869444", "timestamp": 1512051618350, "tick_direction": 0, "price": 0.2333, "mark_price": 0.22019814, "iv": 107.98, "instrument_name": "BTC-29DEC17-7500-C", "index_price": 9398.05, "direction": "sell", "amount": 0.1}, {"trade_seq": 464, "trade_id": "1862762", "timestamp": 1512048466679, "tick_direction": 2, "price": 0.225, "mark_price": 0.22134394, "iv": 95.26, "instrument_name": "BTC-29DEC17-7500-C", "index_price": 9533.27, "direction": "buy", "amount": 0.1}, {"trade_seq": 463, "trade_id": "1849378", "timestamp": 1512031182108, "tick_direction": 0, "price": 0.2883, "mark_price": 0.28723296, "iv": 92.5, "instrument_name": "BTC-29DEC17-7500-C", "index_price": 10293.11, "direction": "buy", "amount": 0.1}, {"trade_seq": 462, "trade_id": "1845612", "timestamp": 1512024116664, "tick_direction": 0, "price": 0.2844, "mark_price": 0.27279419, "iv": 111.36, "instrument_name": "BTC-29DEC17-7500-C", "index_price": 10038.02, "direction": "buy", "amount": 1.6}, {"trade_seq": 461, "trade_id": "1845611", "timestamp": 1512024116664, "tick_direction": 2, "price": 0.2836, "mark_price": 0.27279419, "iv": 110.03, "instrument_name": "BTC-29DEC17-7500-C", "index_price": 10038.02, "direction": "sell", "amount": 0.4}, {"trade_seq": 460, "trade_id": "1834143", "timestamp": 1512007205817, "tick_direction": 2, "price": 0.3046, "mark_price": 0.30487243, "iv": 89.24, "instrument_name": "BTC-29DEC17-7500-C", "index_price": 10518.99, "direction": "buy", "amount": 1.0}, {"trade_seq": 459, "trade_id": "1785112", "timestamp": 1511972746496, "tick_direction": 0, "price": 0.3537, "mark_price": 0.34071803, "iv": 123.08, "instrument_name": "BTC-29DEC17-7500-C", "index_price": 10981.42, "direction": "sell", "amount": 0.2}, {"trade_seq": 458, "trade_id": "1783346", "timestamp": 1511970596343, "tick_direction": 3, "price": 0.325, "mark_price": 0.32468768, "iv": 87.13, "instrument_name": "BTC-29DEC17-7500-C", "index_price": 10623.13, "direction": "buy", "amount": 0.1}, {"trade_seq": 457, "trade_id": "1783345", "timestamp": 1511970595135, "tick_direction": 2, "price": 0.325, "mark_price": 0.32416093, "iv": 87.13, "instrument_name": "BTC-29DEC17-7500-C", "index_price": 10618.0, "direction": "buy", "amount": 0.2}, {"trade_seq": 456, "trade_id": "1783263", "timestamp": 1511970488061, "tick_direction": 0, "price": 0.3299, "mark_price": 0.32607733, "iv": 98.23, "instrument_name": "BTC-29DEC17-7500-C", "index_price": 10626.75, "direction": "buy", "amount": 0.1}, {"trade_seq": 455, "trade_id": "1783232", "timestamp": 1511970461418, "tick_direction": 2, "price": 0.325, "mark_price": 0.32470194, "iv": 87.08, "instrument_name": "BTC-29DEC17-7500-C", "index_price": 10624.76, "direction": "buy", "amount": 0.1}, {"trade_seq": 454, "trade_id": "1783228", "timestamp": 1511970454603, "tick_direction": 0, "price": 0.329, "mark_price": 0.32424446, "iv": 100.56, "instrument_name": "BTC-29DEC17-7500-C", "index_price": 10624.76, "direction": "buy", "amount": 0.1}, {"trade_seq": 453, "trade_id": "1783227", "timestamp": 1511970450205, "tick_direction": 0, "price": 0.326, "mark_price": 0.32427334, "iv": 91.86, "instrument_name": "BTC-29DEC17-7500-C", "index_price": 10622.18, "direction": "buy", "amount": 0.1}, {"trade_seq": 452, "trade_id": "1783220", "timestamp": 1511970441724, "tick_direction": 2, "price": 0.325, "mark_price": 0.32421613, "iv": 88.77, "instrument_name": "BTC-29DEC17-7500-C", "index_price": 10622.18, "direction": "buy", "amount": 0.1}, {"trade_seq": 451, "trade_id": "1776246", "timestamp": 1511967391155, "tick_direction": 0, "price": 0.3557, "mark_price": 0.35005375, "iv": 106.64, "instrument_name": "BTC-29DEC17-7500-C", "index_price": 11180.36, "direction": "sell", "amount": 0.1}, {"trade_seq": 450, "trade_id": "1773725", "timestamp": 1511964240053, "tick_direction": 1, "price": 0.35, "mark_price": 0.35054873, "iv": 83.14, "instrument_name": "BTC-29DEC17-7500-C", "index_price": 11174.72, "direction": "buy", "amount": 0.3}, {"trade_seq": 449, "trade_id": "1773724", "timestamp": 1511964240053, "tick_direction": 0, "price": 0.35, "mark_price": 0.35054873, "iv": 83.14, "instrument_name": "BTC-29DEC17-7500-C", "index_price": 11174.72, "direction": "buy", "amount": 3.0}, {"trade_seq": 448, "trade_id": "1771052", "timestamp": 1511958735905, "tick_direction": 0, "price": 0.337, "mark_price": 0.33074263, "iv": 105.22, "instrument_name": "BTC-29DEC17-7500-C", "index_price": 10898.28, "direction": "sell", "amount": 1.0}, {"trade_seq": 447, "trade_id": "1770325", "timestamp": 1511956659946, "tick_direction": 0, "price": 0.3285, "mark_price": 0.32088677, "iv": 107.02, "instrument_name": "BTC-29DEC17-7500-C", "index_price": 10776.53, "direction": "buy", "amount": 0.3}, {"trade_seq": 446, "trade_id": "1758512", "timestamp": 1511933887602, "tick_direction": 2, "price": 0.3108, "mark_price": 0.29481947, "iv": 115.92, "instrument_name": "BTC-29DEC17-7500-C", "index_price": 10659.2, "direction": "sell", "amount": 0.2}, {"trade_seq": 445, "trade_id": "1758511", "timestamp": 1511933887602, "tick_direction": 2, "price": 0.3151, "mark_price": 0.29481947, "iv": 123.31, "instrument_name": "BTC-29DEC17-7500-C", "index_price": 10659.2, "direction": "sell", "amount": 0.3}, {"trade_seq": 444, "trade_id": "1758433", "timestamp": 1511933863564, "tick_direction": 2, "price": 0.3198, "mark_price": 0.31320162, "iv": 100.18, "instrument_name": "BTC-29DEC17-7500-C", "index_price": 10460.42, "direction": "sell", "amount": 0.4}, {"trade_seq": 443, "trade_id": "1757103", "timestamp": 1511933344342, "tick_direction": 0, "price": 0.325, "mark_price": 0.32389916, "iv": 85.32, "instrument_name": "BTC-29DEC17-7500-C", "index_price": 10728.78, "direction": "buy", "amount": 3.0}, {"trade_seq": 442, "trade_id": "1756938", "timestamp": 1511933233983, "tick_direction": 0, "price": 0.3248, "mark_price": 0.32023472, "iv": 95.9, "instrument_name": "BTC-29DEC17-7500-C", "index_price": 10719.86, "direction": "buy", "amount": 0.1}, {"trade_seq": 441, "trade_id": "1756937", "timestamp": 1511933233983, "tick_direction": 1, "price": 0.3235, "mark_price": 0.32023472, "iv": 92.3, "instrument_name": "BTC-29DEC17-7500-C", "index_price": 10719.86, "direction": "sell", "amount": 0.8}, {"trade_seq": 440, "trade_id": "1756936", "timestamp": 1511933233983, "tick_direction": 0, "price": 0.3235, "mark_price": 0.32023472, "iv": 92.3, "instrument_name": "BTC-29DEC17-7500-C", "index_price": 10719.86, "direction": "sell", "amount": 0.8}, {"trade_seq": 439, "trade_id": "1756317", "timestamp": 1511932682437, "tick_direction": 0, "price": 0.3198, "mark_price": 0.31555182, "iv": 94.46, "instrument_name": "BTC-29DEC17-7500-C", "index_price": 10582.16, "direction": "sell", "amount": 0.3}, {"trade_seq": 438, "trade_id": "1755142", "timestamp": 1511931347573, "tick_direction": 1, "price": 0.31, "mark_price": 0.3095, "iv": 79.22, "instrument_name": "BTC-29DEC17-7500-C", "index_price": 10472.9, "direction": "buy", "amount": 0.2}, {"trade_seq": 437, "trade_id": "1755140", "timestamp": 1511931346572, "tick_direction": 1, "price": 0.31, "mark_price": 0.30943767, "iv": 79.22, "instrument_name": "BTC-29DEC17-7500-C", "index_price": 10472.9, "direction": "buy", "amount": 0.2}, {"trade_seq": 436, "trade_id": "1755110", "timestamp": 1511931275550, "tick_direction": 1, "price": 0.31, "mark_price": 0.30849263, "iv": 82.58, "instrument_name": "BTC-29DEC17-7500-C", "index_price": 10472.66, "direction": "buy", "amount": 0.2}, {"trade_seq": 435, "trade_id": "1755067", "timestamp": 1511931219232, "tick_direction": 1, "price": 0.31, "mark_price": 0.31056312, "iv": 74.55, "instrument_name": "BTC-29DEC17-7500-C", "index_price": 10465.19, "direction": "buy", "amount": 0.2}, {"trade_seq": 434, "trade_id": "1755065", "timestamp": 1511931218124, "tick_direction": 1, "price": 0.31, "mark_price": 0.31056312, "iv": 74.55, "instrument_name": "BTC-29DEC17-7500-C", "index_price": 10465.19, "direction": "buy", "amount": 0.2}, {"trade_seq": 433, "trade_id": "1755031", "timestamp": 1511931158810, "tick_direction": 1, "price": 0.31, "mark_price": 0.30955167, "iv": 78.79, "instrument_name": "BTC-29DEC17-7500-C", "index_price": 10455.66, "direction": "buy", "amount": 0.2}, {"trade_seq": 432, "trade_id": "1755019", "timestamp": 1511931133964, "tick_direction": 0, "price": 0.31, "mark_price": 0.30853377, "iv": 82.44, "instrument_name": "BTC-29DEC17-7500-C", "index_price": 10450.51, "direction": "buy", "amount": 0.2}, {"trade_seq": 431, "trade_id": "1753729", "timestamp": 1511928020604, "tick_direction": 0, "price": 0.302, "mark_price": 0.29725, "iv": 92.77, "instrument_name": "BTC-29DEC17-7500-C", "index_price": 10294.65, "direction": "sell", "amount": 0.7}, {"trade_seq": 430, "trade_id": "1753728", "timestamp": 1511928020071, "tick_direction": 0, "price": 0.3017, "mark_price": 0.29766046, "iv": 92.04, "instrument_name": "BTC-29DEC17-7500-C", "index_price": 10294.65, "direction": "sell", "amount": 1.3}, {"trade_seq": 429, "trade_id": "1753021", "timestamp": 1511926677786, "tick_direction": 1, "price": 0.3, "mark_price": 0.30318085, "iv": 68.02, "instrument_name": "BTC-29DEC17-7500-C", "index_price": 10344.0, "direction": "buy", "amount": 0.3}, {"trade_seq": 428, "trade_id": "1752929", "timestamp": 1511926657939, "tick_direction": 1, "price": 0.3, "mark_price": 0.3008835, "iv": 73.54, "instrument_name": "BTC-29DEC17-7500-C", "index_price": 9955.09, "direction": "buy", "amount": 1.2}, {"trade_seq": 427, "trade_id": "1752853", "timestamp": 1511926645200, "tick_direction": 1, "price": 0.3, "mark_price": 0.30183924, "iv": 69.1, "instrument_name": "BTC-29DEC17-7500-C", "index_price": 10328.77, "direction": "buy", "amount": 1.0}, {"trade_seq": 426, "trade_id": "1752793", "timestamp": 1511926638068, "tick_direction": 1, "price": 0.3, "mark_price": 0.30192869, "iv": 68.63, "instrument_name": "BTC-29DEC17-7500-C", "index_price": 10321.42, "direction": "buy", "amount": 1.8}, {"trade_seq": 425, "trade_id": "1752711", "timestamp": 1511926628366, "tick_direction": 0, "price": 0.3, "mark_price": 0.29928808, "iv": 79.48, "instrument_name": "BTC-29DEC17-7500-C", "index_price": 10314.89, "direction": "buy", "amount": 1.7}, {"trade_seq": 424, "trade_id": "1752257", "timestamp": 1511925905205, "tick_direction": 0, "price": 0.29, "mark_price": 0.29098866, "iv": 78.01, "instrument_name": "BTC-29DEC17-7500-C", "index_price": 10211.69, "direction": "buy", "amount": 0.3}, {"trade_seq": 423, "trade_id": "1751097", "timestamp": 1511924169812, "tick_direction": 0, "price": 0.2893, "mark_price": 0.28527264, "iv": 90.96, "instrument_name": "BTC-29DEC17-7500-C", "index_price": 10135.89, "direction": "sell", "amount": 0.3}, {"trade_seq": 422, "trade_id": "1751036", "timestamp": 1511924075271, "tick_direction": 0, "price": 0.2888, "mark_price": 0.28356342, "iv": 93.4, "instrument_name": "BTC-29DEC17-7500-C", "index_price": 10109.21, "direction": "sell", "amount": 0.3}, {"trade_seq": 421, "trade_id": "1750984", "timestamp": 1511923948648, "tick_direction": 0, "price": 0.2859, "mark_price": 0.28082434, "iv": 92.81, "instrument_name": "BTC-29DEC17-7500-C", "index_price": 10087.2, "direction": "sell", "amount": 0.2}, {"trade_seq": 420, "trade_id": "1750079", "timestamp": 1511920220217, "tick_direction": 2, "price": 0.2809, "mark_price": 0.2762958, "iv": 91.41, "instrument_name": "BTC-29DEC17-7500-C", "index_price": 10031.51, "direction": "sell", "amount": 0.1}, {"trade_seq": 419, "trade_id": "1750075", "timestamp": 1511920202607, "tick_direction": 0, "price": 0.2809, "mark_price": 0.27621894, "iv": 91.6, "instrument_name": "BTC-29DEC17-7500-C", "index_price": 10031.53, "direction": "sell", "amount": 0.2}, {"trade_seq": 418, "trade_id": "1745909", "timestamp": 1511898493630, "tick_direction": 3, "price": 0.2638, "mark_price": 0.26573201, "iv": 76.46, "instrument_name": "BTC-29DEC17-7500-C", "index_price": 9949.21, "direction": "buy", "amount": 0.9}, {"trade_seq": 417, "trade_id": "1745875", "timestamp": 1511898425166, "tick_direction": 2, "price": 0.2638, "mark_price": 0.26527065, "iv": 73.2, "instrument_name": "BTC-29DEC17-7500-C", "index_price": 9950.24, "direction": "sell", "amount": 1.6}, {"trade_seq": 416, "trade_id": "1745826", "timestamp": 1511898260780, "tick_direction": 2, "price": 0.2653, "mark_price": 0.26830888, "iv": 73.51, "instrument_name": "BTC-29DEC17-7500-C", "index_price": 9946.67, "direction": "sell", "amount": 0.3}, {"trade_seq": 415, "trade_id": "1745825", "timestamp": 1511898260780, "tick_direction": 0, "price": 0.2655, "mark_price": 0.26830888, "iv": 74.05, "instrument_name": "BTC-29DEC17-7500-C", "index_price": 9946.67, "direction": "sell", "amount": 0.7}, {"trade_seq": 414, "trade_id": "1745780", "timestamp": 1511898145745, "tick_direction": 2, "price": 0.2649, "mark_price": 0.26771299, "iv": 74.08, "instrument_name": "BTC-29DEC17-7500-C", "index_price": 9951.71, "direction": "sell", "amount": 0.8}, {"trade_seq": 413, "trade_id": "1745779", "timestamp": 1511898145745, "tick_direction": 2, "price": 0.2651, "mark_price": 0.26771299, "iv": 74.61, "instrument_name": "BTC-29DEC17-7500-C", "index_price": 9951.71, "direction": "buy", "amount": 0.7}, {"trade_seq": 412, "trade_id": "1742694", "timestamp": 1511885078565, "tick_direction": 1, "price": 0.2675, "mark_price": 0.26230659, "iv": 91.29, "instrument_name": "BTC-29DEC17-7500-C", "index_price": 9899.0, "direction": "buy", "amount": 0.1}, {"trade_seq": 411, "trade_id": "1742689", "timestamp": 1511885008122, "tick_direction": 0, "price": 0.2675, "mark_price": 0.26252776, "iv": 90.9, "instrument_name": "BTC-29DEC17-7500-C", "index_price": 9895.88, "direction": "buy", "amount": 0.1}, {"trade_seq": 410, "trade_id": "1741712", "timestamp": 1511875371349, "tick_direction": 0, "price": 0.2645, "mark_price": 0.25965, "iv": 90.04, "instrument_name": "BTC-29DEC17-7500-C", "index_price": 9831.0, "direction": "buy", "amount": 1.0}, {"trade_seq": 409, "trade_id": "1741697", "timestamp": 1511875330179, "tick_direction": 0, "price": 0.2635, "mark_price": 0.25855, "iv": 89.78, "instrument_name": "BTC-29DEC17-7500-C", "index_price": 9827.35, "direction": "buy", "amount": 1.2}, {"trade_seq": 408, "trade_id": "1741649", "timestamp": 1511875095576, "tick_direction": 2, "price": 0.2504, "mark_price": 0.2559, "iv": 66.11, "instrument_name": "BTC-29DEC17-7500-C", "index_price": 9810.53, "direction": "sell", "amount": 0.7}, {"trade_seq": 407, "trade_id": "1741648", "timestamp": 1511875095576, "tick_direction": 2, "price": 0.2516, "mark_price": 0.2559, "iv": 69.43, "instrument_name": "BTC-29DEC17-7500-C", "index_price": 9810.53, "direction": "sell", "amount": 1.2}, {"trade_seq": 406, "trade_id": "1741647", "timestamp": 1511875095576, "tick_direction": 0, "price": 0.2524, "mark_price": 0.2559, "iv": 71.6, "instrument_name": "BTC-29DEC17-7500-C", "index_price": 9810.53, "direction": "buy", "amount": 0.6}, {"trade_seq": 405, "trade_id": "1741642", "timestamp": 1511875066654, "tick_direction": 2, "price": 0.251, "mark_price": 0.256, "iv": 66.04, "instrument_name": "BTC-29DEC17-7500-C", "index_price": 9811.51, "direction": "sell", "amount": 0.2}, {"trade_seq": 404, "trade_id": "1741641", "timestamp": 1511875066654, "tick_direction": 2, "price": 0.2514, "mark_price": 0.256, "iv": 67.2, "instrument_name": "BTC-29DEC17-7500-C", "index_price": 9811.51, "direction": "sell", "amount": 1.2}, {"trade_seq": 403, "trade_id": "1741640", "timestamp": 1511875066654, "tick_direction": 2, "price": 0.2519, "mark_price": 0.256, "iv": 68.53, "instrument_name": "BTC-29DEC17-7500-C", "index_price": 9811.51, "direction": "buy", "amount": 0.6}, {"trade_seq": 402, "trade_id": "1741631", "timestamp": 1511875059254, "tick_direction": 0, "price": 0.2546, "mark_price": 0.25625, "iv": 75.97, "instrument_name": "BTC-29DEC17-7500-C", "index_price": 9811.55, "direction": "sell", "amount": 2.0}, {"trade_seq": 401, "trade_id": "1741627", "timestamp": 1511875049056, "tick_direction": 2, "price": 0.2543, "mark_price": 0.25661564, "iv": 76.05, "instrument_name": "BTC-29DEC17-7500-C", "index_price": 9812.87, "direction": "sell", "amount": 1.3}, {"trade_seq": 400, "trade_id": "1741626", "timestamp": 1511875049056, "tick_direction": 0, "price": 0.2545, "mark_price": 0.25661564, "iv": 76.49, "instrument_name": "BTC-29DEC17-7500-C", "index_price": 9812.87, "direction": "buy", "amount": 0.7}, {"trade_seq": 399, "trade_id": "1741614", "timestamp": 1511875027220, "tick_direction": 2, "price": 0.2543, "mark_price": 0.25648502, "iv": 76.34, "instrument_name": "BTC-29DEC17-7500-C", "index_price": 9809.1, "direction": "sell", "amount": 1.3}, {"trade_seq": 398, "trade_id": "1741613", "timestamp": 1511875027220, "tick_direction": 2, "price": 0.2546, "mark_price": 0.25648502, "iv": 77.01, "instrument_name": "BTC-29DEC17-7500-C", "index_price": 9809.1, "direction": "buy", "amount": 0.7}, {"trade_seq": 397, "trade_id": "1740546", "timestamp": 1511873210849, "tick_direction": 2, "price": 0.2602, "mark_price": 0.26252803, "iv": 75.73, "instrument_name": "BTC-29DEC17-7500-C", "index_price": 9897.27, "direction": "sell", "amount": 0.3}, {"trade_seq": 396, "trade_id": "1740545", "timestamp": 1511873210849, "tick_direction": 2, "price": 0.2604, "mark_price": 0.26252803, "iv": 76.2, "instrument_name": "BTC-29DEC17-7500-C", "index_price": 9897.27, "direction": "buy", "amount": 0.7}, {"trade_seq": 395, "trade_id": "1740010", "timestamp": 1511870422873, "tick_direction": 3, "price": 0.2653, "mark_price": 0.26716537, "iv": 76.64, "instrument_name": "BTC-29DEC17-7500-C", "index_price": 9913.65, "direction": "buy", "amount": 0.2}, {"trade_seq": 394, "trade_id": "1740009", "timestamp": 1511870422873, "tick_direction": 2, "price": 0.2653, "mark_price": 0.26716537, "iv": 76.64, "instrument_name": "BTC-29DEC17-7500-C", "index_price": 9913.65, "direction": "buy", "amount": 0.8}, {"trade_seq": 393, "trade_id": "1739130", "timestamp": 1511867412227, "tick_direction": 0, "price": 0.2701, "mark_price": 0.26231223, "iv": 95.81, "instrument_name": "BTC-29DEC17-7500-C", "index_price": 9885.11, "direction": "sell", "amount": 0.3}, {"trade_seq": 392, "trade_id": "1737331", "timestamp": 1511855444068, "tick_direction": 1, "price": 0.262, "mark_price": 0.262122, "iv": 80.74, "instrument_name": "BTC-29DEC17-7500-C", "index_price": 9859.21, "direction": "buy", "amount": 1.5}, {"trade_seq": 391, "trade_id": "1737234", "timestamp": 1511855378767, "tick_direction": 0, "price": 0.262, "mark_price": 0.2608, "iv": 80.39, "instrument_name": "BTC-29DEC17-7500-C", "index_price": 9853.56, "direction": "buy", "amount": 1.5}, {"trade_seq": 390, "trade_id": "1733224", "timestamp": 1511844183009, "tick_direction": 0, "price": 0.254, "mark_price": 0.25081028, "iv": 86.85, "instrument_name": "BTC-29DEC17-7500-C", "index_price": 9735.23, "direction": "buy", "amount": 0.3}, {"trade_seq": 389, "trade_id": "1732418", "timestamp": 1511840638430, "tick_direction": 0, "price": 0.2539, "mark_price": 0.2456333, "iv": 94.84, "instrument_name": "BTC-29DEC17-7500-C", "index_price": 9707.38, "direction": "sell", "amount": 0.3}, {"trade_seq": 388, "trade_id": "1724252", "timestamp": 1511800711957, "tick_direction": 2, "price": 0.2363, "mark_price": 0.23789037, "iv": 78.26, "instrument_name": "BTC-29DEC17-7500-C", "index_price": 9551.29, "direction": "buy", "amount": 0.1}, {"trade_seq": 387, "trade_id": "1723565", "timestamp": 1511798960818, "tick_direction": 0, "price": 0.2481, "mark_price": 0.24583843, "iv": 84.96, "instrument_name": "BTC-29DEC17-7500-C", "index_price": 9644.71, "direction": "buy", "amount": 0.7}, {"trade_seq": 386, "trade_id": "1722360", "timestamp": 1511791063612, "tick_direction": 3, "price": 0.245, "mark_price": 0.24571522, "iv": 79.71, "instrument_name": "BTC-29DEC17-7500-C", "index_price": 9607.52, "direction": "buy", "amount": 0.7}, {"trade_seq": 385, "trade_id": "1722359", "timestamp": 1511791061103, "tick_direction": 3, "price": 0.245, "mark_price": 0.24385, "iv": 80.77, "instrument_name": "BTC-29DEC17-7500-C", "index_price": 9605.21, "direction": "buy", "amount": 1.0}, {"trade_seq": 384, "trade_id": "1722341", "timestamp": 1511791039997, "tick_direction": 3, "price": 0.245, "mark_price": 0.24385, "iv": 80.36, "instrument_name": "BTC-29DEC17-7500-C", "index_price": 9603.61, "direction": "buy", "amount": 1.0}, {"trade_seq": 383, "trade_id": "1722327", "timestamp": 1511791020148, "tick_direction": 3, "price": 0.245, "mark_price": 0.2436, "iv": 81.58, "instrument_name": "BTC-29DEC17-7500-C", "index_price": 9603.16, "direction": "buy", "amount": 1.0}, {"trade_seq": 382, "trade_id": "1722314", "timestamp": 1511790982625, "tick_direction": 2, "price": 0.245, "mark_price": 0.24305, "iv": 81.76, "instrument_name": "BTC-29DEC17-7500-C", "index_price": 9602.36, "direction": "buy", "amount": 1.0}, {"trade_seq": 381, "trade_id": "1721467", "timestamp": 1511786011218, "tick_direction": 0, "price": 0.2533, "mark_price": 0.24879428, "iv": 88.81, "instrument_name": "BTC-29DEC17-7500-C", "index_price": 9654.17, "direction": "buy", "amount": 0.1}, {"trade_seq": 380, "trade_id": "1721466", "timestamp": 1511786011218, "tick_direction": 0, "price": 0.2518, "mark_price": 0.24879428, "iv": 86.37, "instrument_name": "BTC-29DEC17-7500-C", "index_price": 9654.17, "direction": "sell", "amount": 0.1}, {"trade_seq": 379, "trade_id": "1721021", "timestamp": 1511783977851, "tick_direction": 0, "price": 0.2501, "mark_price": 0.24601271, "iv": 87.98, "instrument_name": "BTC-29DEC17-7500-C", "index_price": 9615.93, "direction": "buy", "amount": 0.9}, {"trade_seq": 378, "trade_id": "1721020", "timestamp": 1511783977851, "tick_direction": 2, "price": 0.2487, "mark_price": 0.24601271, "iv": 85.66, "instrument_name": "BTC-29DEC17-7500-C", "index_price": 9615.93, "direction": "sell", "amount": 0.2}, {"trade_seq": 377, "trade_id": "1716422", "timestamp": 1511769029429, "tick_direction": 2, "price": 0.2514, "mark_price": 0.2497457, "iv": 83.96, "instrument_name": "BTC-29DEC17-7500-C", "index_price": 9641.19, "direction": "sell", "amount": 0.6}, {"trade_seq": 376, "trade_id": "1716398", "timestamp": 1511768959226, "tick_direction": 0, "price": 0.2524, "mark_price": 0.24767485, "iv": 85.63, "instrument_name": "BTC-29DEC17-7500-C", "index_price": 9644.14, "direction": "buy", "amount": 1.3}, {"trade_seq": 375, "trade_id": "1716397", "timestamp": 1511768959226, "tick_direction": 2, "price": 0.2519, "mark_price": 0.24767485, "iv": 84.76, "instrument_name": "BTC-29DEC17-7500-C", "index_price": 9644.14, "direction": "sell", "amount": 0.7}, {"trade_seq": 374, "trade_id": "1716050", "timestamp": 1511768160417, "tick_direction": 0, "price": 0.2528, "mark_price": 0.24907871, "iv": 83.95, "instrument_name": "BTC-29DEC17-7500-C", "index_price": 9617.9, "direction": "buy", "amount": 0.6}, {"trade_seq": 373, "trade_id": "1716049", "timestamp": 1511768160417, "tick_direction": 0, "price": 0.2523, "mark_price": 0.24907871, "iv": 83.06, "instrument_name": "BTC-29DEC17-7500-C", "index_price": 9617.9, "direction": "sell", "amount": 0.8}, {"trade_seq": 372, "trade_id": "1711226", "timestamp": 1511753946497, "tick_direction": 2, "price": 0.2433, "mark_price": 0.24822811, "iv": 71.4, "instrument_name": "BTC-29DEC17-7500-C", "index_price": 9594.15, "direction": "buy", "amount": 0.2}, {"trade_seq": 371, "trade_id": "1707027", "timestamp": 1511747201237, "tick_direction": 1, "price": 0.25, "mark_price": 0.25229595, "iv": 76.59, "instrument_name": "BTC-29DEC17-7500-C", "index_price": 9630.03, "direction": "buy", "amount": 0.7}, {"trade_seq": 370, "trade_id": "1706783", "timestamp": 1511746867213, "tick_direction": 0, "price": 0.25, "mark_price": 0.2464, "iv": 84.18, "instrument_name": "BTC-29DEC17-7500-C", "index_price": 9599.88, "direction": "buy", "amount": 0.3}, {"trade_seq": 369, "trade_id": "1705042", "timestamp": 1511744247617, "tick_direction": 0, "price": 0.2448, "mark_price": 0.24232873, "iv": 85.11, "instrument_name": "BTC-29DEC17-7500-C", "index_price": 9548.33, "direction": "sell", "amount": 0.5}, {"trade_seq": 368, "trade_id": "1704988", "timestamp": 1511744190684, "tick_direction": 0, "price": 0.238, "mark_price": 0.24090758, "iv": 75.9, "instrument_name": "BTC-29DEC17-7500-C", "index_price": 9508.32, "direction": "buy", "amount": 0.2}, {"trade_seq": 367, "trade_id": "1696075", "timestamp": 1511724848366, "tick_direction": 2, "price": 0.2232, "mark_price": 0.22281122, "iv": 81.57, "instrument_name": "BTC-29DEC17-7500-C", "index_price": 9271.82, "direction": "sell", "amount": 0.2}, {"trade_seq": 366, "trade_id": "1693872", "timestamp": 1511722141206, "tick_direction": 0, "price": 0.2333, "mark_price": 0.2335242, "iv": 80.64, "instrument_name": "BTC-29DEC17-7500-C", "index_price": 9438.79, "direction": "sell", "amount": 0.1}, {"trade_seq": 365, "trade_id": "1690538", "timestamp": 1511716076522, "tick_direction": 0, "price": 0.2212, "mark_price": 0.21869843, "iv": 84.5, "instrument_name": "BTC-29DEC17-7500-C", "index_price": 9255.15, "direction": "sell", "amount": 0.5}, {"trade_seq": 364, "trade_id": "1690443", "timestamp": 1511715806003, "tick_direction": 0, "price": 0.22, "mark_price": 0.21744644, "iv": 84.54, "instrument_name": "BTC-29DEC17-7500-C", "index_price": 9255.15, "direction": "sell", "amount": 0.8}, {"trade_seq": 363, "trade_id": "1688063", "timestamp": 1511711238985, "tick_direction": 0, "price": 0.209, "mark_price": 0.20575633, "iv": 85.17, "instrument_name": "BTC-29DEC17-7500-C", "index_price": 9065.56, "direction": "sell", "amount": 1.3}, {"trade_seq": 362, "trade_id": "1687599", "timestamp": 1511709829281, "tick_direction": 1, "price": 0.2, "mark_price": 0.19947323, "iv": 81.66, "instrument_name": "BTC-29DEC17-7500-C", "index_price": 8990.78, "direction": "buy", "amount": 0.2}, {"trade_seq": 361, "trade_id": "1687140", "timestamp": 1511707352951, "tick_direction": 1, "price": 0.2, "mark_price": 0.19705, "iv": 84.07, "instrument_name": "BTC-29DEC17-7500-C", "index_price": 8978.83, "direction": "sell", "amount": 1.0}, {"trade_seq": 360, "trade_id": "1687112", "timestamp": 1511707017890, "tick_direction": 0, "price": 0.2, "mark_price": 0.19737963, "iv": 84.21, "instrument_name": "BTC-29DEC17-7500-C", "index_price": 8980.32, "direction": "buy", "amount": 0.1}, {"trade_seq": 359, "trade_id": "1687111", "timestamp": 1511707017890, "tick_direction": 1, "price": 0.1993, "mark_price": 0.19737963, "iv": 83.36, "instrument_name": "BTC-29DEC17-7500-C", "index_price": 8980.32, "direction": "sell", "amount": 0.4}, {"trade_seq": 358, "trade_id": "1687110", "timestamp": 1511706980322, "tick_direction": 0, "price": 0.1993, "mark_price": 0.19645, "iv": 83.36, "instrument_name": "BTC-29DEC17-7500-C", "index_price": 8979.55, "direction": "sell", "amount": 1.5}, {"trade_seq": 357, "trade_id": "1677269", "timestamp": 1511662692730, "tick_direction": 2, "price": 0.1881, "mark_price": 0.19405, "iv": 71.44, "instrument_name": "BTC-29DEC17-7500-C", "index_price": 8881.27, "direction": "sell", "amount": 0.3}, {"trade_seq": 356, "trade_id": "1677268", "timestamp": 1511662692730, "tick_direction": 2, "price": 0.1883, "mark_price": 0.19405, "iv": 71.7, "instrument_name": "BTC-29DEC17-7500-C", "index_price": 8881.27, "direction": "sell", "amount": 1.1}, {"trade_seq": 355, "trade_id": "1677267", "timestamp": 1511662692730, "tick_direction": 0, "price": 0.19, "mark_price": 0.19405, "iv": 73.89, "instrument_name": "BTC-29DEC17-7500-C", "index_price": 8881.27, "direction": "buy", "amount": 0.1}, {"trade_seq": 354, "trade_id": "1670859", "timestamp": 1511632763551, "tick_direction": 1, "price": 0.185, "mark_price": 0.184, "iv": 82.83, "instrument_name": "BTC-29DEC17-7500-C", "index_price": 8703.6, "direction": "sell", "amount": 0.1}, {"trade_seq": 353, "trade_id": "1670840", "timestamp": 1511632607195, "tick_direction": 1, "price": 0.185, "mark_price": 0.18670467, "iv": 83.12, "instrument_name": "BTC-29DEC17-7500-C", "index_price": 8701.13, "direction": "sell", "amount": 0.1}, {"trade_seq": 352, "trade_id": "1670826", "timestamp": 1511632511490, "tick_direction": 0, "price": 0.185, "mark_price": 0.18595, "iv": 82.42, "instrument_name": "BTC-29DEC17-7500-C", "index_price": 8698.98, "direction": "buy", "amount": 0.1}, {"trade_seq": 351, "trade_id": "1668701", "timestamp": 1511622843716, "tick_direction": 0, "price": 0.1817, "mark_price": 0.17775, "iv": 85.97, "instrument_name": "BTC-29DEC17-7500-C", "index_price": 8586.88, "direction": "sell", "amount": 0.5}, {"trade_seq": 350, "trade_id": "1668607", "timestamp": 1511622439598, "tick_direction": 1, "price": 0.1807, "mark_price": 0.17485, "iv": 86.32, "instrument_name": "BTC-29DEC17-7500-C", "index_price": 8570.06, "direction": "sell", "amount": 0.5}, {"trade_seq": 349, "trade_id": "1668606", "timestamp": 1511622425595, "tick_direction": 0, "price": 0.1807, "mark_price": 0.17484653, "iv": 86.22, "instrument_name": "BTC-29DEC17-7500-C", "index_price": 8570.28, "direction": "sell", "amount": 0.5}, {"trade_seq": 348, "trade_id": "1666318", "timestamp": 1511611888051, "tick_direction": 0, "price": 0.1733, "mark_price": 0.16905806, "iv": 84.39, "instrument_name": "BTC-29DEC17-7500-C", "index_price": 8463.25, "direction": "sell", "amount": 0.1}, {"trade_seq": 347, "trade_id": "1663676", "timestamp": 1511600798715, "tick_direction": 3, "price": 0.158, "mark_price": 0.16279678, "iv": 73.03, "instrument_name": "BTC-29DEC17-7500-C", "index_price": 8358.07, "direction": "buy", "amount": 1.0}, {"trade_seq": 346, "trade_id": "1663632", "timestamp": 1511600756501, "tick_direction": 3, "price": 0.158, "mark_price": 0.16212785, "iv": 73.74, "instrument_name": "BTC-29DEC17-7500-C", "index_price": 8362.66, "direction": "buy", "amount": 1.5}, {"trade_seq": 345, "trade_id": "1663631", "timestamp": 1511600756386, "tick_direction": 3, "price": 0.158, "mark_price": 0.16212785, "iv": 73.74, "instrument_name": "BTC-29DEC17-7500-C", "index_price": 8362.62, "direction": "buy", "amount": 1.5}, {"trade_seq": 344, "trade_id": "1663630", "timestamp": 1511600756366, "tick_direction": 3, "price": 0.158, "mark_price": 0.16212785, "iv": 73.74, "instrument_name": "BTC-29DEC17-7500-C", "index_price": 8362.62, "direction": "buy", "amount": 1.5}, {"trade_seq": 343, "trade_id": "1663626", "timestamp": 1511600756224, "tick_direction": 3, "price": 0.158, "mark_price": 0.16212785, "iv": 73.74, "instrument_name": "BTC-29DEC17-7500-C", "index_price": 8362.66, "direction": "buy", "amount": 1.5}, {"trade_seq": 342, "trade_id": "1663575", "timestamp": 1511600733006, "tick_direction": 2, "price": 0.158, "mark_price": 0.16204304, "iv": 73.83, "instrument_name": "BTC-29DEC17-7500-C", "index_price": 8362.47, "direction": "buy", "amount": 1.5}, {"trade_seq": 341, "trade_id": "1663547", "timestamp": 1511600715791, "tick_direction": 0, "price": 0.1586, "mark_price": 0.16217582, "iv": 74.32, "instrument_name": "BTC-29DEC17-7500-C", "index_price": 8361.94, "direction": "buy", "amount": 1.5}, {"trade_seq": 340, "trade_id": "1658572", "timestamp": 1511570759767, "tick_direction": 2, "price": 0.1365, "mark_price": 0.14467421, "iv": 74.45, "instrument_name": "BTC-29DEC17-7500-C", "index_price": 8169.11, "direction": "buy", "amount": 0.5}, {"trade_seq": 339, "trade_id": "1658476", "timestamp": 1511570480642, "tick_direction": 2, "price": 0.146, "mark_price": 0.14175, "iv": 82.07, "instrument_name": "BTC-29DEC17-7500-C", "index_price": 8192.2, "direction": "buy", "amount": 0.5}, {"trade_seq": 338, "trade_id": "1656326", "timestamp": 1511552057533, "tick_direction": 0, "price": 0.153, "mark_price": 0.14755, "iv": 85.94, "instrument_name": "BTC-29DEC17-7500-C", "index_price": 8278.36, "direction": "buy", "amount": 10.4}, {"trade_seq": 337, "trade_id": "1656325", "timestamp": 1511552057533, "tick_direction": 2, "price": 0.1518, "mark_price": 0.14755, "iv": 84.86, "instrument_name": "BTC-29DEC17-7500-C", "index_price": 8278.36, "direction": "sell", "amount": 1.5}, {"trade_seq": 336, "trade_id": "1656316", "timestamp": 1511552044287, "tick_direction": 0, "price": 0.1528, "mark_price": 0.1477, "iv": 85.52, "instrument_name": "BTC-29DEC17-7500-C", "index_price": 8276.73, "direction": "buy", "amount": 0.6}, {"trade_seq": 335, "trade_id": "1656315", "timestamp": 1511552044287, "tick_direction": 0, "price": 0.1521, "mark_price": 0.1477, "iv": 84.87, "instrument_name": "BTC-29DEC17-7500-C", "index_price": 8276.73, "direction": "sell", "amount": 0.4}, {"trade_seq": 334, "trade_id": "1656308", "timestamp": 1511552002117, "tick_direction": 2, "price": 0.1516, "mark_price": 0.1474, "iv": 84.75, "instrument_name": "BTC-29DEC17-7500-C", "index_price": 8276.48, "direction": "sell", "amount": 1.1}, {"trade_seq": 333, "trade_id": "1656304", "timestamp": 1511551978208, "tick_direction": 0, "price": 0.1528, "mark_price": 0.1475, "iv": 86.03, "instrument_name": "BTC-29DEC17-7500-C", "index_price": 8276.78, "direction": "buy", "amount": 1.5}, {"trade_seq": 332, "trade_id": "1647743", "timestamp": 1511508526476, "tick_direction": 0, "price": 0.1465, "mark_price": 0.15144561, "iv": 88.64, "instrument_name": "BTC-29DEC17-7500-C", "index_price": 8154.93, "direction": "buy", "amount": 0.2}, {"trade_seq": 331, "trade_id": "1647735", "timestamp": 1511508485397, "tick_direction": 2, "price": 0.1463, "mark_price": 0.15120816, "iv": 88.67, "instrument_name": "BTC-29DEC17-7500-C", "index_price": 8151.35, "direction": "buy", "amount": 0.2}, {"trade_seq": 330, "trade_id": "1647453", "timestamp": 1511506817988, "tick_direction": 2, "price": 0.1465, "mark_price": 0.15221937, "iv": 87.94, "instrument_name": "BTC-29DEC17-7500-C", "index_price": 8178.07, "direction": "buy", "amount": 0.2}, {"trade_seq": 329, "trade_id": "1647449", "timestamp": 1511506793835, "tick_direction": 2, "price": 0.1465, "mark_price": 0.1520454, "iv": 88.1, "instrument_name": "BTC-29DEC17-7500-C", "index_price": 8178.98, "direction": "buy", "amount": 0.2}, {"trade_seq": 328, "trade_id": "1647153", "timestamp": 1511506577761, "tick_direction": 0, "price": 0.1469, "mark_price": 0.15178711, "iv": 88.69, "instrument_name": "BTC-29DEC17-7500-C", "index_price": 8179.66, "direction": "buy", "amount": 0.1}, {"trade_seq": 327, "trade_id": "1646766", "timestamp": 1511505265521, "tick_direction": 3, "price": 0.1416, "mark_price": 0.14662449, "iv": 88.63, "instrument_name": "BTC-29DEC17-7500-C", "index_price": 8128.88, "direction": "buy", "amount": 0.1}, {"trade_seq": 326, "trade_id": "1646765", "timestamp": 1511505255024, "tick_direction": 2, "price": 0.1416, "mark_price": 0.14662449, "iv": 88.63, "instrument_name": "BTC-29DEC17-7500-C", "index_price": 8128.82, "direction": "buy", "amount": 0.1}, {"trade_seq": 325, "trade_id": "1638601", "timestamp": 1511479815845, "tick_direction": 2, "price": 0.1434, "mark_price": 0.14856717, "iv": 88.51, "instrument_name": "BTC-29DEC17-7500-C", "index_price": 8099.27, "direction": "sell", "amount": 0.2}, {"trade_seq": 324, "trade_id": "1635071", "timestamp": 1511457689557, "tick_direction": 2, "price": 0.144, "mark_price": 0.15280415, "iv": 85.28, "instrument_name": "BTC-29DEC17-7500-C", "index_price": 8136.14, "direction": "sell", "amount": 0.1}, {"trade_seq": 323, "trade_id": "1633319", "timestamp": 1511448813098, "tick_direction": 2, "price": 0.1501, "mark_price": 0.15762843, "iv": 86.32, "instrument_name": "BTC-29DEC17-7500-C", "index_price": 8201.29, "direction": "sell", "amount": 1.0}, {"trade_seq": 322, "trade_id": "1623118", "timestamp": 1511407771596, "tick_direction": 0, "price": 0.1523, "mark_price": 0.15969594, "iv": 86.45, "instrument_name": "BTC-29DEC17-7500-C", "index_price": 8209.64, "direction": "sell", "amount": 1.0}, {"trade_seq": 321, "trade_id": "1598283", "timestamp": 1511301868167, "tick_direction": 2, "price": 0.1519, "mark_price": 0.15483669, "iv": 89.49, "instrument_name": "BTC-29DEC17-7500-C", "index_price": 8107.85, "direction": "buy", "amount": 0.1}, {"trade_seq": 320, "trade_id": "1588722", "timestamp": 1511282664977, "tick_direction": 1, "price": 0.18, "mark_price": 0.17477534, "iv": 96.71, "instrument_name": "BTC-29DEC17-7500-C", "index_price": 8315.05, "direction": "sell", "amount": 0.1}, {"trade_seq": 319, "trade_id": "1587150", "timestamp": 1511276093759, "tick_direction": 0, "price": 0.18, "mark_price": 0.17594444, "iv": 95.67, "instrument_name": "BTC-29DEC17-7500-C", "index_price": 8299.86, "direction": "buy", "amount": 0.1}, {"trade_seq": 318, "trade_id": "1577900", "timestamp": 1511240356461, "tick_direction": 1, "price": 0.1441, "mark_price": 0.14421212, "iv": 91.91, "instrument_name": "BTC-29DEC17-7500-C", "index_price": 7893.51, "direction": "buy", "amount": 0.6}, {"trade_seq": 317, "trade_id": "1577873", "timestamp": 1511240326309, "tick_direction": 1, "price": 0.1441, "mark_price": 0.14289488, "iv": 92.99, "instrument_name": "BTC-29DEC17-7500-C", "index_price": 7828.44, "direction": "buy", "amount": 0.1}, {"trade_seq": 316, "trade_id": "1577871", "timestamp": 1511240324828, "tick_direction": 1, "price": 0.1441, "mark_price": 0.14289488, "iv": 92.99, "instrument_name": "BTC-29DEC17-7500-C", "index_price": 7827.56, "direction": "buy", "amount": 0.1}, {"trade_seq": 315, "trade_id": "1577845", "timestamp": 1511240284956, "tick_direction": 1, "price": 0.1441, "mark_price": 0.14225161, "iv": 93.51, "instrument_name": "BTC-29DEC17-7500-C", "index_price": 7825.74, "direction": "buy", "amount": 0.1}, {"trade_seq": 314, "trade_id": "1577843", "timestamp": 1511240278727, "tick_direction": 0, "price": 0.1441, "mark_price": 0.14225161, "iv": 93.51, "instrument_name": "BTC-29DEC17-7500-C", "index_price": 7826.0, "direction": "buy", "amount": 0.1}, {"trade_seq": 313, "trade_id": "1577786", "timestamp": 1511240123134, "tick_direction": 2, "price": 0.144, "mark_price": 0.14167466, "iv": 93.9, "instrument_name": "BTC-29DEC17-7500-C", "index_price": 8256.82, "direction": "sell", "amount": 0.9}, {"trade_seq": 312, "trade_id": "1576914", "timestamp": 1511238320090, "tick_direction": 0, "price": 0.145, "mark_price": 0.14128515, "iv": 95.03, "instrument_name": "BTC-29DEC17-7500-C", "index_price": 7850.63, "direction": "sell", "amount": 0.1}, {"trade_seq": 311, "trade_id": "1575698", "timestamp": 1511236710134, "tick_direction": 2, "price": 0.144, "mark_price": 0.14208193, "iv": 93.57, "instrument_name": "BTC-29DEC17-7500-C", "index_price": 7854.43, "direction": "sell", "amount": 1.0}, {"trade_seq": 310, "trade_id": "1574638", "timestamp": 1511235748186, "tick_direction": 2, "price": 0.1515, "mark_price": 0.14355698, "iv": 98.5, "instrument_name": "BTC-29DEC17-7500-C", "index_price": 7882.33, "direction": "sell", "amount": 0.1}, {"trade_seq": 309, "trade_id": "1565647", "timestamp": 1511203360412, "tick_direction": 2, "price": 0.1654, "mark_price": 0.17111531, "iv": 86.96, "instrument_name": "BTC-29DEC17-7500-C", "index_price": 8194.81, "direction": "buy", "amount": 0.3}, {"trade_seq": 308, "trade_id": "1562357", "timestamp": 1511187298476, "tick_direction": 0, "price": 0.1736, "mark_price": 0.17667174, "iv": 92.3, "instrument_name": "BTC-29DEC17-7500-C", "index_price": 8192.52, "direction": "buy", "amount": 0.1}, {"trade_seq": 307, "trade_id": "1532833", "timestamp": 1511015800424, "tick_direction": 2, "price": 0.1467, "mark_price": 0.14412716, "iv": 96.02, "instrument_name": "BTC-29DEC17-7500-C", "index_price": 7692.67, "direction": "buy", "amount": 0.1}, {"trade_seq": 306, "trade_id": "1498677", "timestamp": 1510904085242, "tick_direction": 2, "price": 0.1494, "mark_price": 0.13790658, "iv": 99.8, "instrument_name": "BTC-29DEC17-7500-C", "index_price": 7725.52, "direction": "sell", "amount": 0.5}, {"trade_seq": 305, "trade_id": "1497127", "timestamp": 1510898311508, "tick_direction": 0, "price": 0.1843, "mark_price": 0.15251512, "iv": 116.02, "instrument_name": "BTC-29DEC17-7500-C", "index_price": 7915.68, "direction": "sell", "amount": 0.2}, {"trade_seq": 304, "trade_id": "1484243", "timestamp": 1510860591718, "tick_direction": 2, "price": 0.1412, "mark_price": 0.14122751, "iv": 90.98, "instrument_name": "BTC-29DEC17-7500-C", "index_price": 7685.96, "direction": "buy", "amount": 1.0}, {"trade_seq": 303, "trade_id": "1482919", "timestamp": 1510858053053, "tick_direction": 0, "price": 0.1486, "mark_price": 0.14171316, "iv": 96.27, "instrument_name": "BTC-29DEC17-7500-C", "index_price": 7557.1, "direction": "buy", "amount": 0.2}, {"trade_seq": 302, "trade_id": "1482910", "timestamp": 1510858035516, "tick_direction": 2, "price": 0.1484, "mark_price": 0.14237067, "iv": 95.62, "instrument_name": "BTC-29DEC17-7500-C", "index_price": 7736.4, "direction": "buy", "amount": 0.1}, {"trade_seq": 301, "trade_id": "1482709", "timestamp": 1510857521053, "tick_direction": 2, "price": 0.1515, "mark_price": 0.14245501, "iv": 97.93, "instrument_name": "BTC-29DEC17-7500-C", "index_price": 7735.96, "direction": "buy", "amount": 0.1}, {"trade_seq": 300, "trade_id": "1482628", "timestamp": 1510857298199, "tick_direction": 0, "price": 0.1531, "mark_price": 0.14281231, "iv": 98.88, "instrument_name": "BTC-29DEC17-7500-C", "index_price": 7741.5, "direction": "buy", "amount": 0.1}, {"trade_seq": 299, "trade_id": "1469719", "timestamp": 1510818878548, "tick_direction": 0, "price": 0.1458, "mark_price": 0.11868917, "iv": 110.99, "instrument_name": "BTC-29DEC17-7500-C", "index_price": 7387.36, "direction": "sell", "amount": 0.1}, {"trade_seq": 298, "trade_id": "1466135", "timestamp": 1510802030018, "tick_direction": 0, "price": 0.1081, "mark_price": 0.1014538, "iv": 95.84, "instrument_name": "BTC-29DEC17-7500-C", "index_price": 7173.38, "direction": "sell", "amount": 0.3}, {"trade_seq": 297, "trade_id": "1447087", "timestamp": 1510718293622, "tick_direction": 1, "price": 0.099, "mark_price": 0.09074214, "iv": 96.98, "instrument_name": "BTC-29DEC17-7500-C", "index_price": 6879.0, "direction": "buy", "amount": 0.3}, {"trade_seq": 296, "trade_id": "1447080", "timestamp": 1510718218977, "tick_direction": 0, "price": 0.099, "mark_price": 0.09074313, "iv": 96.98, "instrument_name": "BTC-29DEC17-7500-C", "index_price": 6874.38, "direction": "buy", "amount": 0.6}, {"trade_seq": 295, "trade_id": "1444282", "timestamp": 1510708738132, "tick_direction": 0, "price": 0.0975, "mark_price": 0.08787793, "iv": 97.98, "instrument_name": "BTC-29DEC17-7500-C", "index_price": 6789.06, "direction": "sell", "amount": 0.1}, {"trade_seq": 294, "trade_id": "1444246", "timestamp": 1510708525005, "tick_direction": 2, "price": 0.0973, "mark_price": 0.08763413, "iv": 98.01, "instrument_name": "BTC-29DEC17-7500-C", "index_price": 6772.75, "direction": "sell", "amount": 0.1}, {"trade_seq": 293, "trade_id": "1442746", "timestamp": 1510706136063, "tick_direction": 0, "price": 0.099, "mark_price": 0.08575925, "iv": 100.62, "instrument_name": "BTC-29DEC17-7500-C", "index_price": 6745.74, "direction": "buy", "amount": 0.1}, {"trade_seq": 292, "trade_id": "1440548", "timestamp": 1510696477635, "tick_direction": 2, "price": 0.0829, "mark_price": 0.07612287, "iv": 96.01, "instrument_name": "BTC-29DEC17-7500-C", "index_price": 6596.37, "direction": "buy", "amount": 0.1}, {"trade_seq": 291, "trade_id": "1437896", "timestamp": 1510681997098, "tick_direction": 0, "price": 0.0857, "mark_price": 0.0735436, "iv": 100.0, "instrument_name": "BTC-29DEC17-7500-C", "index_price": 6562.24, "direction": "buy", "amount": 0.1}, {"trade_seq": 290, "trade_id": "1435462", "timestamp": 1510670494659, "tick_direction": 2, "price": 0.0794, "mark_price": 0.0725268, "iv": 96.11, "instrument_name": "BTC-29DEC17-7500-C", "index_price": 6593.38, "direction": "buy", "amount": 0.1}, {"trade_seq": 289, "trade_id": "1426285", "timestamp": 1510626513048, "tick_direction": 0, "price": 0.0902, "mark_price": 0.08663737, "iv": 97.58, "instrument_name": "BTC-29DEC17-7500-C", "index_price": 6669.67, "direction": "sell", "amount": 0.3}, {"trade_seq": 288, "trade_id": "1426283", "timestamp": 1510626441967, "tick_direction": 0, "price": 0.09, "mark_price": 0.08687675, "iv": 97.26, "instrument_name": "BTC-29DEC17-7500-C", "index_price": 6671.41, "direction": "buy", "amount": 0.2}, {"trade_seq": 287, "trade_id": "1426237", "timestamp": 1510626296236, "tick_direction": 2, "price": 0.0864, "mark_price": 0.08622822, "iv": 95.12, "instrument_name": "BTC-29DEC17-7500-C", "index_price": 6344.86, "direction": "sell", "amount": 0.9}, {"trade_seq": 286, "trade_id": "1421134", "timestamp": 1510607211998, "tick_direction": 0, "price": 0.091, "mark_price": 0.08199918, "iv": 101.54, "instrument_name": "BTC-29DEC17-7500-C", "index_price": 6565.32, "direction": "buy", "amount": 0.1}, {"trade_seq": 285, "trade_id": "1413376", "timestamp": 1510589426743, "tick_direction": 2, "price": 0.0797, "mark_price": 0.08000822, "iv": 94.77, "instrument_name": "BTC-29DEC17-7500-C", "index_price": 6604.64, "direction": "sell", "amount": 0.1}, {"trade_seq": 284, "trade_id": "1408909", "timestamp": 1510577643482, "tick_direction": 2, "price": 0.091, "mark_price": null, "iv": 97.15, "instrument_name": "BTC-29DEC17-7500-C", "index_price": 6667.26, "direction": "buy", "amount": 0.5}, {"trade_seq": 283, "trade_id": "1399056", "timestamp": 1510551457337, "tick_direction": 0, "price": 0.0946, "mark_price": null, "iv": 114.28, "instrument_name": "BTC-29DEC17-7500-C", "index_price": 6257.13, "direction": "buy", "amount": 0.4}, {"trade_seq": 282, "trade_id": "1399055", "timestamp": 1510551457337, "tick_direction": 0, "price": 0.0922, "mark_price": null, "iv": 112.53, "instrument_name": "BTC-29DEC17-7500-C", "index_price": 6257.13, "direction": "sell", "amount": 1.0}, {"trade_seq": 281, "trade_id": "1387034", "timestamp": 1510527486178, "tick_direction": 3, "price": 0.0601, "mark_price": null, "iv": 107.47, "instrument_name": "BTC-29DEC17-7500-C", "index_price": 5692.31, "direction": "sell", "amount": 1.4}, {"trade_seq": 280, "trade_id": "1383354", "timestamp": 1510521103355, "tick_direction": 2, "price": 0.0601, "mark_price": null, "iv": 92.79, "instrument_name": "BTC-29DEC17-7500-C", "index_price": 6123.72, "direction": "sell", "amount": 1.5}, {"trade_seq": 279, "trade_id": "1373452", "timestamp": 1510498895226, "tick_direction": 2, "price": 0.065, "mark_price": null, "iv": 96.55, "instrument_name": "BTC-29DEC17-7500-C", "index_price": 6116.53, "direction": "buy", "amount": 0.2}, {"trade_seq": 278, "trade_id": "1363217", "timestamp": 1510478715406, "tick_direction": 2, "price": 0.0657, "mark_price": null, "iv": 97.82, "instrument_name": "BTC-29DEC17-7500-C", "index_price": 6087.78, "direction": "sell", "amount": 0.1}, {"trade_seq": 277, "trade_id": "1359250", "timestamp": 1510473483403, "tick_direction": 2, "price": 0.073, "mark_price": null, "iv": 90.0, "instrument_name": "BTC-29DEC17-7500-C", "index_price": 6470.38, "direction": "sell", "amount": 0.5}, {"trade_seq": 276, "trade_id": "1359249", "timestamp": 1510473483403, "tick_direction": 0, "price": 0.0744, "mark_price": null, "iv": 91.02, "instrument_name": "BTC-29DEC17-7500-C", "index_price": 6470.38, "direction": "buy", "amount": 1.0}, {"trade_seq": 275, "trade_id": "1355448", "timestamp": 1510470157906, "tick_direction": 2, "price": 0.04, "mark_price": null, "iv": 91.11, "instrument_name": "BTC-29DEC17-7500-C", "index_price": 5651.62, "direction": "sell", "amount": 0.1}, {"trade_seq": 274, "trade_id": "1352033", "timestamp": 1510467336179, "tick_direction": 3, "price": 0.055, "mark_price": null, "iv": 104.19, "instrument_name": "BTC-29DEC17-7500-C", "index_price": 5642.46, "direction": "sell", "amount": 0.3}, {"trade_seq": 273, "trade_id": "1351723", "timestamp": 1510466820527, "tick_direction": 2, "price": 0.055, "mark_price": null, "iv": 100.74, "instrument_name": "BTC-29DEC17-7500-C", "index_price": 5746.3, "direction": "sell", "amount": 1.0}, {"trade_seq": 272, "trade_id": "1319793", "timestamp": 1510385919699, "tick_direction": 2, "price": 0.0735, "mark_price": null, "iv": 83.38, "instrument_name": "BTC-29DEC17-7500-C", "index_price": 6642.79, "direction": "sell", "amount": 1.2}, {"trade_seq": 271, "trade_id": "1317590", "timestamp": 1510373924392, "tick_direction": 2, "price": 0.0796, "mark_price": null, "iv": 83.3, "instrument_name": "BTC-29DEC17-7500-C", "index_price": 6763.29, "direction": "sell", "amount": 0.1}, {"trade_seq": 270, "trade_id": "1316397", "timestamp": 1510365524868, "tick_direction": 0, "price": 0.1071, "mark_price": null, "iv": 100.04, "instrument_name": "BTC-29DEC17-7500-C", "index_price": 6826.97, "direction": "sell", "amount": 0.1}, {"trade_seq": 269, "trade_id": "1308780", "timestamp": 1510345701389, "tick_direction": 0, "price": 0.0865, "mark_price": null, "iv": 97.13, "instrument_name": "BTC-29DEC17-7500-C", "index_price": 6501.69, "direction": "sell", "amount": 0.3}, {"trade_seq": 268, "trade_id": "1307431", "timestamp": 1510341876898, "tick_direction": 2, "price": 0.078, "mark_price": null, "iv": 88.25, "instrument_name": "BTC-29DEC17-7500-C", "index_price": 6582.19, "direction": "sell", "amount": 0.2}, {"trade_seq": 267, "trade_id": "1301835", "timestamp": 1510325100632, "tick_direction": 2, "price": 0.084, "mark_price": null, "iv": 84.99, "instrument_name": "BTC-29DEC17-7500-C", "index_price": 6788.26, "direction": "buy", "amount": 1.0}, {"trade_seq": 266, "trade_id": "1300391", "timestamp": 1510320138827, "tick_direction": 2, "price": 0.09, "mark_price": null, "iv": 88.59, "instrument_name": "BTC-29DEC17-7500-C", "index_price": 6802.63, "direction": "sell", "amount": 0.1}, {"trade_seq": 265, "trade_id": "1299207", "timestamp": 1510317159507, "tick_direction": 3, "price": 0.0901, "mark_price": null, "iv": 85.94, "instrument_name": "BTC-29DEC17-7500-C", "index_price": 6876.66, "direction": "buy", "amount": 0.4}, {"trade_seq": 264, "trade_id": "1299206", "timestamp": 1510317154043, "tick_direction": 3, "price": 0.0901, "mark_price": null, "iv": 85.94, "instrument_name": "BTC-29DEC17-7500-C", "index_price": 6876.7, "direction": "sell", "amount": 1.1}, {"trade_seq": 263, "trade_id": "1299134", "timestamp": 1510316864935, "tick_direction": 2, "price": 0.0901, "mark_price": null, "iv": 85.68, "instrument_name": "BTC-29DEC17-7500-C", "index_price": 6883.71, "direction": "sell", "amount": 1.1}, {"trade_seq": 262, "trade_id": "1296866", "timestamp": 1510310732338, "tick_direction": 2, "price": 0.1056, "mark_price": null, "iv": 88.08, "instrument_name": "BTC-29DEC17-7500-C", "index_price": 7104.47, "direction": "buy", "amount": 0.1}, {"trade_seq": 261, "trade_id": "1295515", "timestamp": 1510295785116, "tick_direction": 0, "price": 0.12, "mark_price": null, "iv": 93.26, "instrument_name": "BTC-29DEC17-7500-C", "index_price": 7223.09, "direction": "sell", "amount": 0.1}, {"trade_seq": 260, "trade_id": "1286512", "timestamp": 1510190927493, "tick_direction": 3, "price": 0.1088, "mark_price": null, "iv": 80.99, "instrument_name": "BTC-29DEC17-7500-C", "index_price": 7316.0, "direction": "buy", "amount": 0.1}, {"trade_seq": 259, "trade_id": "1286511", "timestamp": 1510190913810, "tick_direction": 2, "price": 0.1088, "mark_price": null, "iv": 81.01, "instrument_name": "BTC-29DEC17-7500-C", "index_price": 7315.63, "direction": "buy", "amount": 0.1}, {"trade_seq": 258, "trade_id": "1283453", "timestamp": 1510182142345, "tick_direction": 0, "price": 0.1172, "mark_price": null, "iv": 82.97, "instrument_name": "BTC-29DEC17-7500-C", "index_price": 7409.1, "direction": "buy", "amount": 0.1}, {"trade_seq": 257, "trade_id": "1279662", "timestamp": 1510173188387, "tick_direction": 2, "price": 0.1078, "mark_price": null, "iv": 84.98, "instrument_name": "BTC-29DEC17-7500-C", "index_price": 7189.38, "direction": "buy", "amount": 0.5}, {"trade_seq": 256, "trade_id": "1269011", "timestamp": 1510162512755, "tick_direction": 0, "price": 0.13, "mark_price": null, "iv": 79.4, "instrument_name": "BTC-29DEC17-7500-C", "index_price": 7709.53, "direction": "buy", "amount": 0.1}, {"trade_seq": 255, "trade_id": "1267146", "timestamp": 1510161361780, "tick_direction": 0, "price": 0.12, "mark_price": null, "iv": 77.1, "instrument_name": "BTC-29DEC17-7500-C", "index_price": 7598.32, "direction": "buy", "amount": 0.1}, {"trade_seq": 254, "trade_id": "1265320", "timestamp": 1510153786120, "tick_direction": 2, "price": 0.095, "mark_price": null, "iv": 63.59, "instrument_name": "BTC-29DEC17-7500-C", "index_price": 7511.13, "direction": "sell", "amount": 0.1}, {"trade_seq": 253, "trade_id": "1265319", "timestamp": 1510153780963, "tick_direction": 3, "price": 0.0952, "mark_price": null, "iv": 63.72, "instrument_name": "BTC-29DEC17-7500-C", "index_price": 7511.13, "direction": "sell", "amount": 0.1}, {"trade_seq": 252, "trade_id": "1265315", "timestamp": 1510153775434, "tick_direction": 2, "price": 0.0952, "mark_price": null, "iv": 63.73, "instrument_name": "BTC-29DEC17-7500-C", "index_price": 7510.93, "direction": "sell", "amount": 1.6}, {"trade_seq": 251, "trade_id": "1263166", "timestamp": 1510131329116, "tick_direction": 0, "price": 0.113, "mark_price": null, "iv": 80.42, "instrument_name": "BTC-29DEC17-7500-C", "index_price": 7389.59, "direction": "buy", "amount": 0.4}, {"trade_seq": 250, "trade_id": "1263160", "timestamp": 1510131257128, "tick_direction": 0, "price": 0.1125, "mark_price": null, "iv": 80.19, "instrument_name": "BTC-29DEC17-7500-C", "index_price": 7386.97, "direction": "buy", "amount": 0.1}, {"trade_seq": 249, "trade_id": "1262941", "timestamp": 1510127665257, "tick_direction": 2, "price": 0.081, "mark_price": null, "iv": 60.23, "instrument_name": "BTC-29DEC17-7500-C", "index_price": 7355.07, "direction": "sell", "amount": 0.4}, {"trade_seq": 248, "trade_id": "1262940", "timestamp": 1510127665257, "tick_direction": 0, "price": 0.0985, "mark_price": null, "iv": 71.98, "instrument_name": "BTC-29DEC17-7500-C", "index_price": 7355.07, "direction": "buy", "amount": 0.7}, {"trade_seq": 247, "trade_id": "1259049", "timestamp": 1510099982015, "tick_direction": 2, "price": 0.0891, "mark_price": null, "iv": 75.0, "instrument_name": "BTC-29DEC17-7500-C", "index_price": 7102.24, "direction": "buy", "amount": 1.0}, {"trade_seq": 246, "trade_id": "1246836", "timestamp": 1510010337667, "tick_direction": 3, "price": 0.09, "mark_price": null, "iv": 80.08, "instrument_name": "BTC-29DEC17-7500-C", "index_price": 6956.88, "direction": "sell", "amount": 16.0}, {"trade_seq": 245, "trade_id": "1246595", "timestamp": 1510010062018, "tick_direction": 3, "price": 0.09, "mark_price": null, "iv": 80.08, "instrument_name": "BTC-29DEC17-7500-C", "index_price": 6956.81, "direction": "sell", "amount": 2.0}, {"trade_seq": 244, "trade_id": "1246578", "timestamp": 1510010049449, "tick_direction": 2, "price": 0.09, "mark_price": null, "iv": 79.81, "instrument_name": "BTC-29DEC17-7500-C", "index_price": 6964.2, "direction": "sell", "amount": 2.5}, {"trade_seq": 243, "trade_id": "1243600", "timestamp": 1509997461597, "tick_direction": 2, "price": 0.1062, "mark_price": null, "iv": 88.95, "instrument_name": "BTC-29DEC17-7500-C", "index_price": 7005.73, "direction": "sell", "amount": 0.2}, {"trade_seq": 242, "trade_id": "1243267", "timestamp": 1509996245309, "tick_direction": 0, "price": 0.1068, "mark_price": null, "iv": 90.24, "instrument_name": "BTC-29DEC17-7500-C", "index_price": 6980.37, "direction": "buy", "amount": 0.4}, {"trade_seq": 241, "trade_id": "1243106", "timestamp": 1509995554480, "tick_direction": 2, "price": 0.09, "mark_price": null, "iv": 79.41, "instrument_name": "BTC-29DEC17-7500-C", "index_price": 6972.07, "direction": "sell", "amount": 0.5}, {"trade_seq": 240, "trade_id": "1227560", "timestamp": 1509912879462, "tick_direction": 0, "price": 0.13, "mark_price": null, "iv": 82.83, "instrument_name": "BTC-29DEC17-7500-C", "index_price": 7569.0, "direction": "buy", "amount": 0.2}, {"trade_seq": 239, "trade_id": "1223213", "timestamp": 1509885006195, "tick_direction": 0, "price": 0.12, "mark_price": null, "iv": 79.05, "instrument_name": "BTC-29DEC17-7500-C", "index_price": 7489.28, "direction": "buy", "amount": 0.1}, {"trade_seq": 238, "trade_id": "1208855", "timestamp": 1509806928344, "tick_direction": 2, "price": 0.083, "mark_price": null, "iv": 60.81, "instrument_name": "BTC-29DEC17-7500-C", "index_price": 7318.81, "direction": "sell", "amount": 0.2}, {"trade_seq": 237, "trade_id": "1208854", "timestamp": 1509806918215, "tick_direction": 1, "price": 0.0832, "mark_price": null, "iv": 61.04, "instrument_name": "BTC-29DEC17-7500-C", "index_price": 7316.05, "direction": "sell", "amount": 0.2}, {"trade_seq": 236, "trade_id": "1208853", "timestamp": 1509806912961, "tick_direction": 0, "price": 0.0832, "mark_price": null, "iv": 61.04, "instrument_name": "BTC-29DEC17-7500-C", "index_price": 7316.0, "direction": "sell", "amount": 0.2}, {"trade_seq": 235, "trade_id": "1201570", "timestamp": 1509758572790, "tick_direction": 2, "price": 0.066, "mark_price": null, "iv": 60.12, "instrument_name": "BTC-29DEC17-7500-C", "index_price": 7021.42, "direction": "sell", "amount": 1.0}, {"trade_seq": 234, "trade_id": "1201546", "timestamp": 1509758483447, "tick_direction": 2, "price": 0.0672, "mark_price": null, "iv": 60.81, "instrument_name": "BTC-29DEC17-7500-C", "index_price": 7024.08, "direction": "sell", "amount": 0.2}, {"trade_seq": 233, "trade_id": "1199452", "timestamp": 1509748491521, "tick_direction": 0, "price": 0.1198, "mark_price": null, "iv": 87.58, "instrument_name": "BTC-29DEC17-7500-C", "index_price": 7224.59, "direction": "buy", "amount": 0.1}, {"trade_seq": 232, "trade_id": "1197817", "timestamp": 1509744153701, "tick_direction": 0, "price": 0.1182, "mark_price": null, "iv": 87.42, "instrument_name": "BTC-29DEC17-7500-C", "index_price": 7199.33, "direction": "sell", "amount": 1.0}, {"trade_seq": 231, "trade_id": "1195617", "timestamp": 1509735606428, "tick_direction": 2, "price": 0.102, "mark_price": null, "iv": 71.69, "instrument_name": "BTC-29DEC17-7500-C", "index_price": 7342.73, "direction": "sell", "amount": 0.2}, {"trade_seq": 230, "trade_id": "1195016", "timestamp": 1509729578344, "tick_direction": 0, "price": 0.107, "mark_price": null, "iv": 77.33, "instrument_name": "BTC-29DEC17-7500-C", "index_price": 7275.51, "direction": "buy", "amount": 0.5}, {"trade_seq": 229, "trade_id": "1192927", "timestamp": 1509719863116, "tick_direction": 2, "price": 0.083, "mark_price": null, "iv": 60.69, "instrument_name": "BTC-29DEC17-7500-C", "index_price": 7307.04, "direction": "buy", "amount": 0.2}, {"trade_seq": 228, "trade_id": "1191690", "timestamp": 1509713536395, "tick_direction": 0, "price": 0.1013, "mark_price": null, "iv": 71.97, "instrument_name": "BTC-29DEC17-7500-C", "index_price": 7318.45, "direction": "buy", "amount": 0.7}, {"trade_seq": 227, "trade_id": "1190535", "timestamp": 1509708413256, "tick_direction": 2, "price": 0.0815, "mark_price": null, "iv": 59.06, "instrument_name": "BTC-29DEC17-7500-C", "index_price": 7323.12, "direction": "sell", "amount": 0.5}, {"trade_seq": 226, "trade_id": "1190186", "timestamp": 1509706893766, "tick_direction": 0, "price": 0.1068, "mark_price": null, "iv": 71.98, "instrument_name": "BTC-29DEC17-7500-C", "index_price": 7411.88, "direction": "buy", "amount": 0.5}, {"trade_seq": 225, "trade_id": "1189623", "timestamp": 1509702989159, "tick_direction": 2, "price": 0.088, "mark_price": null, "iv": 61.46, "instrument_name": "BTC-29DEC17-7500-C", "index_price": 7369.73, "direction": "sell", "amount": 0.1}, {"trade_seq": 224, "trade_id": "1189547", "timestamp": 1509702564185, "tick_direction": 0, "price": 0.105, "mark_price": null, "iv": 71.67, "instrument_name": "BTC-29DEC17-7500-C", "index_price": 7388.35, "direction": "buy", "amount": 0.1}, {"trade_seq": 223, "trade_id": "1189521", "timestamp": 1509702465159, "tick_direction": 0, "price": 0.1, "mark_price": null, "iv": 67.76, "instrument_name": "BTC-29DEC17-7500-C", "index_price": 7406.97, "direction": "buy", "amount": 0.1}, {"trade_seq": 222, "trade_id": "1188224", "timestamp": 1509698693158, "tick_direction": 3, "price": 0.09, "mark_price": null, "iv": 62.16, "instrument_name": "BTC-29DEC17-7500-C", "index_price": 7384.57, "direction": "sell", "amount": 0.1}, {"trade_seq": 221, "trade_id": "1186245", "timestamp": 1509693174063, "tick_direction": 3, "price": 0.09, "mark_price": null, "iv": 67.79, "instrument_name": "BTC-29DEC17-7500-C", "index_price": 7230.49, "direction": "sell", "amount": 0.1}, {"trade_seq": 220, "trade_id": "1185909", "timestamp": 1509690768573, "tick_direction": 2, "price": 0.09, "mark_price": null, "iv": 67.18, "instrument_name": "BTC-29DEC17-7500-C", "index_price": 7246.9, "direction": "sell", "amount": 0.1}, {"trade_seq": 219, "trade_id": "1184683", "timestamp": 1509683348385, "tick_direction": 0, "price": 0.1198, "mark_price": null, "iv": 86.97, "instrument_name": "BTC-29DEC17-7500-C", "index_price": 7225.16, "direction": "buy", "amount": 0.8}, {"trade_seq": 218, "trade_id": "1184651", "timestamp": 1509683220194, "tick_direction": 0, "price": 0.09, "mark_price": null, "iv": 67.04, "instrument_name": "BTC-29DEC17-7500-C", "index_price": 7249.48, "direction": "buy", "amount": 0.2}, {"trade_seq": 217, "trade_id": "1178969", "timestamp": 1509644320264, "tick_direction": 2, "price": 0.062, "mark_price": null, "iv": 58.82, "instrument_name": "BTC-29DEC17-7500-C", "index_price": 6961.99, "direction": "sell", "amount": 1.0}, {"trade_seq": 216, "trade_id": "1178955", "timestamp": 1509644311936, "tick_direction": 3, "price": 0.0622, "mark_price": null, "iv": 59.02, "instrument_name": "BTC-29DEC17-7500-C", "index_price": 6959.86, "direction": "sell", "amount": 1.0}, {"trade_seq": 215, "trade_id": "1178950", "timestamp": 1509644305821, "tick_direction": 2, "price": 0.0622, "mark_price": null, "iv": 59.05, "instrument_name": "BTC-29DEC17-7500-C", "index_price": 6959.01, "direction": "sell", "amount": 1.2}, {"trade_seq": 214, "trade_id": "1172048", "timestamp": 1509619144736, "tick_direction": 0, "price": 0.0817, "mark_price": null, "iv": 66.0, "instrument_name": "BTC-29DEC17-7500-C", "index_price": 7117.64, "direction": "sell", "amount": 0.1}, {"trade_seq": 213, "trade_id": "1171823", "timestamp": 1509617981521, "tick_direction": 2, "price": 0.0781, "mark_price": null, "iv": 66.0, "instrument_name": "BTC-29DEC17-7500-C", "index_price": 7050.92, "direction": "sell", "amount": 0.1}, {"trade_seq": 212, "trade_id": "1168373", "timestamp": 1509601190917, "tick_direction": 3, "price": 0.102, "mark_price": null, "iv": 86.85, "instrument_name": "BTC-29DEC17-7500-C", "index_price": 6882.14, "direction": "sell", "amount": 0.5}, {"trade_seq": 211, "trade_id": "1168371", "timestamp": 1509601185381, "tick_direction": 3, "price": 0.102, "mark_price": null, "iv": 86.85, "instrument_name": "BTC-29DEC17-7500-C", "index_price": 6882.14, "direction": "sell", "amount": 1.5}, {"trade_seq": 210, "trade_id": "1168369", "timestamp": 1509601179469, "tick_direction": 3, "price": 0.102, "mark_price": null, "iv": 86.85, "instrument_name": "BTC-29DEC17-7500-C", "index_price": 6882.14, "direction": "sell", "amount": 1.5}, {"trade_seq": 209, "trade_id": "1168362", "timestamp": 1509601172948, "tick_direction": 2, "price": 0.102, "mark_price": null, "iv": 86.87, "instrument_name": "BTC-29DEC17-7500-C", "index_price": 6881.65, "direction": "sell", "amount": 0.5}, {"trade_seq": 208, "trade_id": "1168023", "timestamp": 1509600448172, "tick_direction": 0, "price": 0.1022, "mark_price": null, "iv": 86.85, "instrument_name": "BTC-29DEC17-7500-C", "index_price": 6885.87, "direction": "buy", "amount": 0.8}, {"trade_seq": 207, "trade_id": "1167201", "timestamp": 1509593532660, "tick_direction": 1, "price": 0.0999, "mark_price": null, "iv": 87.45, "instrument_name": "BTC-29DEC17-7500-C", "index_price": 6822.93, "direction": "sell", "amount": 1.2}, {"trade_seq": 206, "trade_id": "1167199", "timestamp": 1509593532028, "tick_direction": 1, "price": 0.0999, "mark_price": null, "iv": 87.45, "instrument_name": "BTC-29DEC17-7500-C", "index_price": 6822.93, "direction": "sell", "amount": 1.5}, {"trade_seq": 205, "trade_id": "1167196", "timestamp": 1509593531468, "tick_direction": 1, "price": 0.0999, "mark_price": null, "iv": 87.45, "instrument_name": "BTC-29DEC17-7500-C", "index_price": 6822.93, "direction": "sell", "amount": 1.5}, {"trade_seq": 204, "trade_id": "1167155", "timestamp": 1509593262906, "tick_direction": 0, "price": 0.0999, "mark_price": null, "iv": 87.33, "instrument_name": "BTC-29DEC17-7500-C", "index_price": 6826.52, "direction": "buy", "amount": 0.1}, {"trade_seq": 203, "trade_id": "1167154", "timestamp": 1509593262906, "tick_direction": 0, "price": 0.0992, "mark_price": null, "iv": 86.88, "instrument_name": "BTC-29DEC17-7500-C", "index_price": 6826.52, "direction": "buy", "amount": 0.5}, {"trade_seq": 202, "trade_id": "1167153", "timestamp": 1509593262906, "tick_direction": 0, "price": 0.097, "mark_price": null, "iv": 85.48, "instrument_name": "BTC-29DEC17-7500-C", "index_price": 6826.52, "direction": "buy", "amount": 0.1}, {"trade_seq": 201, "trade_id": "1167152", "timestamp": 1509593262906, "tick_direction": 0, "price": 0.0954, "mark_price": null, "iv": 84.46, "instrument_name": "BTC-29DEC17-7500-C", "index_price": 6826.52, "direction": "buy", "amount": 0.1}, {"trade_seq": 200, "trade_id": "1167076", "timestamp": 1509593021530, "tick_direction": 0, "price": 0.0951, "mark_price": null, "iv": 84.39, "instrument_name": "BTC-29DEC17-7500-C", "index_price": 6822.78, "direction": "buy", "amount": 1.0}, {"trade_seq": 199, "trade_id": "1162766", "timestamp": 1509567440193, "tick_direction": 0, "price": 0.0631, "mark_price": null, "iv": 72.02, "instrument_name": "BTC-29DEC17-7500-C", "index_price": 6559.1, "direction": "sell", "amount": 1.0}, {"trade_seq": 198, "trade_id": "1161463", "timestamp": 1509559406726, "tick_direction": 2, "price": 0.0622, "mark_price": null, "iv": 69.98, "instrument_name": "BTC-29DEC17-7500-C", "index_price": 6602.88, "direction": "sell", "amount": 0.1}, {"trade_seq": 197, "trade_id": "1161441", "timestamp": 1509559306030, "tick_direction": 3, "price": 0.0628, "mark_price": null, "iv": 70.15, "instrument_name": "BTC-29DEC17-7500-C", "index_price": 6610.19, "direction": "sell", "amount": 0.5}, {"trade_seq": 196, "trade_id": "1161431", "timestamp": 1509559247017, "tick_direction": 3, "price": 0.0628, "mark_price": null, "iv": 70.12, "instrument_name": "BTC-29DEC17-7500-C", "index_price": 6611.12, "direction": "sell", "amount": 0.1}, {"trade_seq": 195, "trade_id": "1161428", "timestamp": 1509559241794, "tick_direction": 2, "price": 0.0628, "mark_price": null, "iv": 70.12, "instrument_name": "BTC-29DEC17-7500-C", "index_price": 6611.12, "direction": "sell", "amount": 0.6}, {"trade_seq": 194, "trade_id": "1161257", "timestamp": 1509557550892, "tick_direction": 0, "price": 0.0758, "mark_price": null, "iv": 79.15, "instrument_name": "BTC-29DEC17-7500-C", "index_price": 6595.27, "direction": "buy", "amount": 0.3}, {"trade_seq": 193, "trade_id": "1161256", "timestamp": 1509557545546, "tick_direction": 0, "price": 0.0756, "mark_price": null, "iv": 79.02, "instrument_name": "BTC-29DEC17-7500-C", "index_price": 6595.27, "direction": "buy", "amount": 0.6}, {"trade_seq": 192, "trade_id": "1161146", "timestamp": 1509556625229, "tick_direction": 0, "price": 0.0732, "mark_price": null, "iv": 76.98, "instrument_name": "BTC-29DEC17-7500-C", "index_price": 6609.79, "direction": "sell", "amount": 0.5}, {"trade_seq": 191, "trade_id": "1160185", "timestamp": 1509551333995, "tick_direction": 2, "price": 0.071, "mark_price": null, "iv": 77.15, "instrument_name": "BTC-29DEC17-7500-C", "index_price": 6558.18, "direction": "sell", "amount": 0.2}, {"trade_seq": 190, "trade_id": "1159608", "timestamp": 1509544965081, "tick_direction": 0, "price": 0.0766, "mark_price": null, "iv": 82.16, "instrument_name": "BTC-29DEC17-7500-C", "index_price": 6514.16, "direction": "buy", "amount": 0.9}, {"trade_seq": 189, "trade_id": "1159510", "timestamp": 1509544616825, "tick_direction": 2, "price": 0.07, "mark_price": null, "iv": 78.67, "instrument_name": "BTC-29DEC17-7500-C", "index_price": 6487.58, "direction": "sell", "amount": 0.1}, {"trade_seq": 188, "trade_id": "1158454", "timestamp": 1509538778405, "tick_direction": 0, "price": 0.0763, "mark_price": null, "iv": 81.22, "instrument_name": "BTC-29DEC17-7500-C", "index_price": 6535.91, "direction": "buy", "amount": 0.1}, {"trade_seq": 187, "trade_id": "1157849", "timestamp": 1509536542978, "tick_direction": 2, "price": 0.0756, "mark_price": null, "iv": 78.37, "instrument_name": "BTC-29DEC17-7500-C", "index_price": 6610.28, "direction": "buy", "amount": 0.1}, {"trade_seq": 186, "trade_id": "1157813", "timestamp": 1509536182731, "tick_direction": 0, "price": 0.0758, "mark_price": null, "iv": 79.03, "instrument_name": "BTC-29DEC17-7500-C", "index_price": 6593.9, "direction": "buy", "amount": 0.1}, {"trade_seq": 185, "trade_id": "1156074", "timestamp": 1509529509746, "tick_direction": 0, "price": 0.0708, "mark_price": null, "iv": 78.02, "instrument_name": "BTC-29DEC17-7500-C", "index_price": 6520.98, "direction": "sell", "amount": 0.5}, {"trade_seq": 184, "trade_id": "1156072", "timestamp": 1509529463827, "tick_direction": 0, "price": 0.0707, "mark_price": null, "iv": 78.03, "instrument_name": "BTC-29DEC17-7500-C", "index_price": 6518.79, "direction": "sell", "amount": 0.3}, {"trade_seq": 183, "trade_id": "1156065", "timestamp": 1509529362179, "tick_direction": 2, "price": 0.0703, "mark_price": null, "iv": 77.97, "instrument_name": "BTC-29DEC17-7500-C", "index_price": 6512.15, "direction": "sell", "amount": 1.0}, {"trade_seq": 182, "trade_id": "1156064", "timestamp": 1509529362179, "tick_direction": 2, "price": 0.0705, "mark_price": null, "iv": 78.1, "instrument_name": "BTC-29DEC17-7500-C", "index_price": 6512.15, "direction": "sell", "amount": 0.5}, {"trade_seq": 181, "trade_id": "1156063", "timestamp": 1509529316259, "tick_direction": 2, "price": 0.0749, "mark_price": null, "iv": 81.01, "instrument_name": "BTC-29DEC17-7500-C", "index_price": 6511.53, "direction": "sell", "amount": 0.1}, {"trade_seq": 180, "trade_id": "1144774", "timestamp": 1509462524635, "tick_direction": 0, "price": 0.0796, "mark_price": null, "iv": 88.7, "instrument_name": "BTC-29DEC17-7500-C", "index_price": 6347.39, "direction": "buy", "amount": 0.7}, {"trade_seq": 179, "trade_id": "1144763", "timestamp": 1509462484009, "tick_direction": 0, "price": 0.0782, "mark_price": null, "iv": 87.83, "instrument_name": "BTC-29DEC17-7500-C", "index_price": 6346.02, "direction": "buy", "amount": 1.7}, {"trade_seq": 178, "trade_id": "1143029", "timestamp": 1509458596014, "tick_direction": 0, "price": 0.0719, "mark_price": null, "iv": 83.61, "instrument_name": "BTC-29DEC17-7500-C", "index_price": 6347.63, "direction": "buy", "amount": 1.0}, {"trade_seq": 177, "trade_id": "1140814", "timestamp": 1509450861879, "tick_direction": 2, "price": 0.062, "mark_price": null, "iv": 81.05, "instrument_name": "BTC-29DEC17-7500-C", "index_price": 6212.86, "direction": "sell", "amount": 0.5}, {"trade_seq": 176, "trade_id": "1131996", "timestamp": 1509374356804, "tick_direction": 0, "price": 0.0661, "mark_price": null, "iv": 86.8, "instrument_name": "BTC-29DEC17-7500-C", "index_price": 6094.05, "direction": "buy", "amount": 0.5}, {"trade_seq": 175, "trade_id": "1130594", "timestamp": 1509371482260, "tick_direction": 2, "price": 0.06, "mark_price": null, "iv": 80.67, "instrument_name": "BTC-29DEC17-7500-C", "index_price": 6159.4, "direction": "sell", "amount": 0.5}, {"trade_seq": 174, "trade_id": "1122786", "timestamp": 1509308499904, "tick_direction": 0, "price": 0.075, "mark_price": null, "iv": 87.7, "instrument_name": "BTC-29DEC17-7500-C", "index_price": 6240.26, "direction": "buy", "amount": 0.5}, {"trade_seq": 173, "trade_id": "1122065", "timestamp": 1509307866599, "tick_direction": 0, "price": 0.07, "mark_price": null, "iv": 86.39, "instrument_name": "BTC-29DEC17-7500-C", "index_price": 6175.38, "direction": "buy", "amount": 0.5}, {"trade_seq": 172, "trade_id": "1111517", "timestamp": 1509218505269, "tick_direction": 0, "price": 0.048, "mark_price": null, "iv": 82.59, "instrument_name": "BTC-29DEC17-7500-C", "index_price": 5762.74, "direction": "buy", "amount": 1.3}, {"trade_seq": 171, "trade_id": "1110530", "timestamp": 1509204921183, "tick_direction": 0, "price": 0.0349, "mark_price": null, "iv": 74.51, "instrument_name": "BTC-29DEC17-7500-C", "index_price": 5688.32, "direction": "buy", "amount": 2.0}, {"trade_seq": 170, "trade_id": "1109661", "timestamp": 1509199678886, "tick_direction": 2, "price": 0.0333, "mark_price": null, "iv": 71.58, "instrument_name": "BTC-29DEC17-7500-C", "index_price": 5747.14, "direction": "sell", "amount": 0.1}, {"trade_seq": 169, "trade_id": "1109660", "timestamp": 1509199678886, "tick_direction": 2, "price": 0.0335, "mark_price": null, "iv": 71.75, "instrument_name": "BTC-29DEC17-7500-C", "index_price": 5747.14, "direction": "sell", "amount": 1.2}, {"trade_seq": 168, "trade_id": "1098383", "timestamp": 1509087660854, "tick_direction": 2, "price": 0.0579, "mark_price": null, "iv": 86.23, "instrument_name": "BTC-29DEC17-7500-C", "index_price": 5845.01, "direction": "buy", "amount": 0.1}, {"trade_seq": 167, "trade_id": "1090739", "timestamp": 1509024147229, "tick_direction": 2, "price": 0.0641, "mark_price": null, "iv": 87.1, "instrument_name": "BTC-29DEC17-7500-C", "index_price": 5942.4, "direction": "buy", "amount": 0.1}, {"trade_seq": 166, "trade_id": "1090623", "timestamp": 1509023802968, "tick_direction": 2, "price": 0.0653, "mark_price": null, "iv": 87.09, "instrument_name": "BTC-29DEC17-7500-C", "index_price": 5970.08, "direction": "buy", "amount": 0.1}, {"trade_seq": 165, "trade_id": "1090600", "timestamp": 1509023516598, "tick_direction": 2, "price": 0.0663, "mark_price": null, "iv": 87.51, "instrument_name": "BTC-29DEC17-7500-C", "index_price": 5978.49, "direction": "buy", "amount": 0.1}, {"trade_seq": 164, "trade_id": "1090437", "timestamp": 1509022929224, "tick_direction": 0, "price": 0.07, "mark_price": null, "iv": 90.51, "instrument_name": "BTC-29DEC17-7500-C", "index_price": 5958.92, "direction": "buy", "amount": 0.2}, {"trade_seq": 163, "trade_id": "1089219", "timestamp": 1509018436304, "tick_direction": 0, "price": 0.0699, "mark_price": null, "iv": 93.27, "instrument_name": "BTC-29DEC17-7500-C", "index_price": 5861.23, "direction": "buy", "amount": 0.1}, {"trade_seq": 162, "trade_id": "1088546", "timestamp": 1509016197134, "tick_direction": 0, "price": 0.062, "mark_price": null, "iv": 88.74, "instrument_name": "BTC-29DEC17-7500-C", "index_price": 5835.16, "direction": "buy", "amount": 0.1}, {"trade_seq": 161, "trade_id": "1087693", "timestamp": 1509007934572, "tick_direction": 3, "price": 0.061, "mark_price": null, "iv": 90.81, "instrument_name": "BTC-29DEC17-7500-C", "index_price": 5737.79, "direction": "sell", "amount": 0.5}, {"trade_seq": 160, "trade_id": "1087680", "timestamp": 1509007581665, "tick_direction": 3, "price": 0.061, "mark_price": null, "iv": 90.83, "instrument_name": "BTC-29DEC17-7500-C", "index_price": 5737.03, "direction": "sell", "amount": 0.1}, {"trade_seq": 159, "trade_id": "1087674", "timestamp": 1509007488766, "tick_direction": 2, "price": 0.061, "mark_price": null, "iv": 90.78, "instrument_name": "BTC-29DEC17-7500-C", "index_price": 5738.79, "direction": "sell", "amount": 0.2}, {"trade_seq": 158, "trade_id": "1087663", "timestamp": 1509007336403, "tick_direction": 0, "price": 0.062, "mark_price": null, "iv": 91.45, "instrument_name": "BTC-29DEC17-7500-C", "index_price": 5739.08, "direction": "buy", "amount": 0.4}, {"trade_seq": 157, "trade_id": "1087620", "timestamp": 1509006984227, "tick_direction": 1, "price": 0.0612, "mark_price": null, "iv": 90.8, "instrument_name": "BTC-29DEC17-7500-C", "index_price": 5742.53, "direction": "buy", "amount": 1.9}, {"trade_seq": 156, "trade_id": "1087563", "timestamp": 1509005957481, "tick_direction": 0, "price": 0.0612, "mark_price": null, "iv": 90.75, "instrument_name": "BTC-29DEC17-7500-C", "index_price": 5744.24, "direction": "buy", "amount": 0.1}, {"trade_seq": 155, "trade_id": "1087555", "timestamp": 1509005887649, "tick_direction": 1, "price": 0.061, "mark_price": null, "iv": 90.6, "instrument_name": "BTC-29DEC17-7500-C", "index_price": 5744.62, "direction": "buy", "amount": 0.2}, {"trade_seq": 154, "trade_id": "1087010", "timestamp": 1508999243029, "tick_direction": 0, "price": 0.061, "mark_price": null, "iv": 91.11, "instrument_name": "BTC-29DEC17-7500-C", "index_price": 5724.92, "direction": "buy", "amount": 0.2}, {"trade_seq": 153, "trade_id": "1086500", "timestamp": 1508995526753, "tick_direction": 0, "price": 0.0552, "mark_price": null, "iv": 85.78, "instrument_name": "BTC-29DEC17-7500-C", "index_price": 5770.33, "direction": "buy", "amount": 0.1}, {"trade_seq": 152, "trade_id": "1086362", "timestamp": 1508991943659, "tick_direction": 2, "price": 0.0548, "mark_price": null, "iv": 85.65, "instrument_name": "BTC-29DEC17-7500-C", "index_price": 5764.34, "direction": "sell", "amount": 0.1}, {"trade_seq": 151, "trade_id": "1086342", "timestamp": 1508991696996, "tick_direction": 2, "price": 0.0549, "mark_price": null, "iv": 85.71, "instrument_name": "BTC-29DEC17-7500-C", "index_price": 5764.4, "direction": "buy", "amount": 0.1}, {"trade_seq": 150, "trade_id": "1086213", "timestamp": 1508991083056, "tick_direction": 2, "price": 0.06, "mark_price": null, "iv": 89.09, "instrument_name": "BTC-29DEC17-7500-C", "index_price": 5768.94, "direction": "buy", "amount": 0.2}, {"trade_seq": 149, "trade_id": "1086069", "timestamp": 1508989407518, "tick_direction": 2, "price": 0.0611, "mark_price": null, "iv": 89.38, "instrument_name": "BTC-29DEC17-7500-C", "index_price": 5784.47, "direction": "buy", "amount": 0.1}, {"trade_seq": 148, "trade_id": "1075895", "timestamp": 1508920411263, "tick_direction": 0, "price": 0.0677, "mark_price": null, "iv": 97.58, "instrument_name": "BTC-29DEC17-7500-C", "index_price": 5635.0, "direction": "buy", "amount": 0.6}, {"trade_seq": 147, "trade_id": "1075887", "timestamp": 1508920381100, "tick_direction": 0, "price": 0.063, "mark_price": null, "iv": 94.42, "instrument_name": "BTC-29DEC17-7500-C", "index_price": 5634.92, "direction": "buy", "amount": 0.1}