{"trades": [{"trade_seq": 214, "trade_id": "244884942", "timestamp": 1678744583120, "tick_direction": 0, "price": 0.0005, "mark_price": 0.0, "iv": 247.03, "instrument_name": "BTC-31MAR23-120000-C", "index_price": 24216.63, "direction": "buy", "amount": 0.1}, {"trade_seq": 213, "trade_id": "239635499", "timestamp": 1674157945651, "tick_direction": 3, "price": 0.0002, "mark_price": 0.0001243, "iv": 121.83, "instrument_name": "BTC-31MAR23-120000-C", "index_price": 21093.44, "direction": "sell", "combo_id": "BTC-CS-31MAR23-120000_150000", "block_trade_id": "61799", "amount": 23.4}, {"trade_seq": 212, "trade_id": "239357209", "timestamp": 1673880026833, "tick_direction": 2, "price": 0.0002, "mark_price": 0.00015656, "iv": 119.78, "instrument_name": "BTC-31MAR23-120000-C", "index_price": 20858.4, "direction": "buy", "combo_id": "BTC-CS-31MAR23-100000_120000", "block_trade_id": "61401", "amount": 22.6}, {"trade_seq": 211, "trade_id": "239353365", "timestamp": 1673875442807, "tick_direction": 3, "price": 0.0005, "mark_price": 0.00015696, "iv": 129.02, "instrument_name": "BTC-31MAR23-120000-C", "index_price": 20857.34, "direction": "buy", "amount": 0.2}, {"trade_seq": 210, "trade_id": "236498733", "timestamp": 1669061786123, "tick_direction": 3, "price": 0.0005, "mark_price": 0.00030894, "iv": 111.04, "instrument_name": "BTC-31MAR23-120000-C", "index_price": 15806.78, "direction": "buy", "amount": 1.0}, {"trade_seq": 209, "trade_id": "236222691", "timestamp": 1668683003694, "tick_direction": 2, "price": 0.0005, "mark_price": 0.00071797, "iv": 107.15, "instrument_name": "BTC-31MAR23-120000-C", "index_price": 16525.16, "direction": "sell", "amount": 4.0}, {"trade_seq": 208, "trade_id": "236188851", "timestamp": 1668630354282, "tick_direction": 0, "price": 0.0015, "mark_price": 0.00052919, "iv": 118.16, "instrument_name": "BTC-31MAR23-120000-C", "index_price": 16518.56, "direction": "buy", "amount": 0.1}, {"trade_seq": 207, "trade_id": "236188850", "timestamp": 1668630354282, "tick_direction": 0, "price": 0.001, "mark_price": 0.00052919, "iv": 113.69, "instrument_name": "BTC-31MAR23-120000-C", "index_price": 16518.56, "direction": "buy", "amount": 2.9}, {"trade_seq": 206, "trade_id": "235684526", "timestamp": 1668327484811, "tick_direction": 2, "price": 0.0005, "mark_price": 0.00057343, "iv": 105.1, "instrument_name": "BTC-31MAR23-120000-C", "index_price": 16701.23, "direction": "sell", "amount": 0.4}, {"trade_seq": 205, "trade_id": "235671140", "timestamp": 1668306978382, "tick_direction": 1, "price": 0.001, "mark_price": 0.00048547, "iv": 111.17, "instrument_name": "BTC-31MAR23-120000-C", "index_price": 16850.85, "direction": "buy", "amount": 0.1}, {"trade_seq": 204, "trade_id": "235164840", "timestamp": 1668094326159, "tick_direction": 1, "price": 0.001, "mark_price": 0.00067321, "iv": 108.13, "instrument_name": "BTC-31MAR23-120000-C", "index_price": 17525.1, "direction": "buy", "amount": 5.0}, {"trade_seq": 203, "trade_id": "233871764", "timestamp": 1667831031107, "tick_direction": 1, "price": 0.001, "mark_price": 0.00036636, "iv": 98.74, "instrument_name": "BTC-31MAR23-120000-C", "index_price": 20733.01, "direction": "sell", "amount": 11.2}, {"trade_seq": 202, "trade_id": "233871763", "timestamp": 1667831031105, "tick_direction": 1, "price": 0.001, "mark_price": 0.00036636, "iv": 98.74, "instrument_name": "BTC-31MAR23-120000-C", "index_price": 20733.01, "direction": "buy", "amount": 11.6}, {"trade_seq": 201, "trade_id": "233871762", "timestamp": 1667831031105, "tick_direction": 0, "price": 0.001, "mark_price": 0.00036636, "iv": 98.74, "instrument_name": "BTC-31MAR23-120000-C", "index_price": 20733.01, "direction": "buy", "amount": 5.0}, {"trade_seq": 200, "trade_id": "230744505", "timestamp": 1664534652909, "tick_direction": 3, "price": 0.0005, "mark_price": 0.00088059, "iv": 84.99, "instrument_name": "BTC-31MAR23-120000-C", "index_price": 19518.26, "direction": "buy", "amount": 0.7}, {"trade_seq": 199, "trade_id": "230744504", "timestamp": 1664534652896, "tick_direction": 3, "price": 0.0005, "mark_price": 0.00088059, "iv": 84.99, "instrument_name": "BTC-31MAR23-120000-C", "index_price": 19518.26, "direction": "sell", "amount": 0.3}, {"trade_seq": 198, "trade_id": "230418496", "timestamp": 1664313594474, "tick_direction": 3, "price": 0.0005, "mark_price": 0.00076911, "iv": 85.42, "instrument_name": "BTC-31MAR23-120000-C", "index_price": 18991.92, "direction": "sell", "amount": 0.1}, {"trade_seq": 197, "trade_id": "230371074", "timestamp": 1664295267787, "tick_direction": 3, "price": 0.0005, "mark_price": 0.00090101, "iv": 84.16, "instrument_name": "BTC-31MAR23-120000-C", "index_price": 19594.21, "direction": "buy", "amount": 0.8}, {"trade_seq": 196, "trade_id": "230371073", "timestamp": 1664295267781, "tick_direction": 2, "price": 0.0005, "mark_price": 0.00090101, "iv": 84.16, "instrument_name": "BTC-31MAR23-120000-C", "index_price": 19594.21, "direction": "sell", "amount": 0.2}, {"trade_seq": 195, "trade_id": "230321744", "timestamp": 1664258675970, "tick_direction": 0, "price": 0.001, "mark_price": 0.00108068, "iv": 88.26, "instrument_name": "BTC-31MAR23-120000-C", "index_price": 20182.2, "direction": "sell", "amount": 1.0}, {"trade_seq": 194, "trade_id": "230250785", "timestamp": 1664206459218, "tick_direction": 3, "price": 0.0005, "mark_price": 0.00088506, "iv": 85.17, "instrument_name": "BTC-31MAR23-120000-C", "index_price": 18996.68, "direction": "buy", "amount": 0.2}, {"trade_seq": 193, "trade_id": "230250784", "timestamp": 1664206459209, "tick_direction": 3, "price": 0.0005, "mark_price": 0.00088506, "iv": 85.17, "instrument_name": "BTC-31MAR23-120000-C", "index_price": 18996.68, "direction": "sell", "amount": 5.0}, {"trade_seq": 192, "trade_id": "230228260", "timestamp": 1664191090329, "tick_direction": 3, "price": 0.0005, "mark_price": 0.00088307, "iv": 85.21, "instrument_name": "BTC-31MAR23-120000-C", "index_price": 18981.48, "direction": "buy", "amount": 0.1}, {"trade_seq": 191, "trade_id": "230228259", "timestamp": 1664191090323, "tick_direction": 3, "price": 0.0005, "mark_price": 0.00088307, "iv": 85.21, "instrument_name": "BTC-31MAR23-120000-C", "index_price": 18981.48, "direction": "sell", "amount": 5.0}, {"trade_seq": 190, "trade_id": "230228258", "timestamp": 1664191090323, "tick_direction": 2, "price": 0.0005, "mark_price": 0.00088307, "iv": 85.21, "instrument_name": "BTC-31MAR23-120000-C", "index_price": 18981.48, "direction": "sell", "amount": 1.0}, {"trade_seq": 189, "trade_id": "229795199", "timestamp": 1663785478915, "tick_direction": 3, "price": 0.001, "mark_price": 0.00135662, "iv": 88.63, "instrument_name": "BTC-31MAR23-120000-C", "index_price": 19382.12, "direction": "sell", "amount": 0.5}, {"trade_seq": 188, "trade_id": "229659572", "timestamp": 1663703148524, "tick_direction": 3, "price": 0.001, "mark_price": 0.00099728, "iv": 89.06, "instrument_name": "BTC-31MAR23-120000-C", "index_price": 19080.27, "direction": "sell", "amount": 0.5}, {"trade_seq": 187, "trade_id": "229568657", "timestamp": 1663624544973, "tick_direction": 3, "price": 0.001, "mark_price": 0.00123226, "iv": 87.79, "instrument_name": "BTC-31MAR23-120000-C", "index_price": 19544.62, "direction": "sell", "amount": 0.1}, {"trade_seq": 186, "trade_id": "229568656", "timestamp": 1663624544973, "tick_direction": 3, "price": 0.001, "mark_price": 0.00123226, "iv": 87.79, "instrument_name": "BTC-31MAR23-120000-C", "index_price": 19544.62, "direction": "sell", "amount": 1.0}, {"trade_seq": 185, "trade_id": "229568655", "timestamp": 1663624544973, "tick_direction": 3, "price": 0.001, "mark_price": 0.00123226, "iv": 87.79, "instrument_name": "BTC-31MAR23-120000-C", "index_price": 19544.62, "direction": "sell", "amount": 1.0}, {"trade_seq": 184, "trade_id": "229568654", "timestamp": 1663624544973, "tick_direction": 3, "price": 0.001, "mark_price": 0.00123226, "iv": 87.79, "instrument_name": "BTC-31MAR23-120000-C", "index_price": 19544.62, "direction": "sell", "amount": 1.0}, {"trade_seq": 183, "trade_id": "229504410", "timestamp": 1663586550858, "tick_direction": 2, "price": 0.001, "mark_price": 0.00134422, "iv": 89.62, "instrument_name": "BTC-31MAR23-120000-C", "index_price": 18681.24, "direction": "sell", "amount": 2.0}, {"trade_seq": 182, "trade_id": "228324114", "timestamp": 1662454606166, "tick_direction": 3, "price": 0.002, "mark_price": 0.00216377, "iv": 90.08, "instrument_name": "BTC-31MAR23-120000-C", "index_price": 19972.6, "direction": "sell", "amount": 2.5}, {"trade_seq": 181, "trade_id": "228324113", "timestamp": 1662454605934, "tick_direction": 3, "price": 0.002, "mark_price": 0.00216368, "iv": 90.08, "instrument_name": "BTC-31MAR23-120000-C", "index_price": 19972.6, "direction": "sell", "amount": 2.5}, {"trade_seq": 180, "trade_id": "228318233", "timestamp": 1662448842034, "tick_direction": 3, "price": 0.002, "mark_price": 0.00196849, "iv": 90.2, "instrument_name": "BTC-31MAR23-120000-C", "index_price": 19912.11, "direction": "buy", "amount": 2.5}, {"trade_seq": 179, "trade_id": "228318232", "timestamp": 1662448840734, "tick_direction": 3, "price": 0.002, "mark_price": 0.00197001, "iv": 90.2, "instrument_name": "BTC-31MAR23-120000-C", "index_price": 19913.3, "direction": "buy", "amount": 2.5}, {"trade_seq": 178, "trade_id": "228318220", "timestamp": 1662448819607, "tick_direction": 2, "price": 0.002, "mark_price": 0.00198036, "iv": 90.2, "instrument_name": "BTC-31MAR23-120000-C", "index_price": 19911.96, "direction": "buy", "amount": 1.2}, {"trade_seq": 177, "trade_id": "227915825", "timestamp": 1661906880493, "tick_direction": 2, "price": 0.003, "mark_price": 0.00250482, "iv": 92.84, "instrument_name": "BTC-31MAR23-120000-C", "index_price": 19968.78, "direction": "buy", "amount": 0.2}, {"trade_seq": 176, "trade_id": "227849547", "timestamp": 1661854491803, "tick_direction": 0, "price": 0.0035, "mark_price": 0.0031982, "iv": 93.32, "instrument_name": "BTC-31MAR23-120000-C", "index_price": 20453.77, "direction": "sell", "amount": 1.0}, {"trade_seq": 175, "trade_id": "227622174", "timestamp": 1661549216349, "tick_direction": 2, "price": 0.001, "mark_price": 0.0034069, "iv": 80.83, "instrument_name": "BTC-31MAR23-120000-C", "index_price": 20610.71, "direction": "sell", "amount": 0.1}, {"trade_seq": 174, "trade_id": "226766917", "timestamp": 1660733651794, "tick_direction": 0, "price": 0.0065, "mark_price": 0.00565926, "iv": 91.06, "instrument_name": "BTC-31MAR23-120000-C", "index_price": 23766.04, "direction": "buy", "amount": 0.1}, {"trade_seq": 173, "trade_id": "226754566", "timestamp": 1660723580061, "tick_direction": 2, "price": 0.006, "mark_price": 0.00619376, "iv": 89.98, "instrument_name": "BTC-31MAR23-120000-C", "index_price": 23760.13, "direction": "sell", "amount": 2.5}, {"trade_seq": 172, "trade_id": "226715484", "timestamp": 1660688090797, "tick_direction": 1, "price": 0.011, "mark_price": 0.00492596, "iv": 97.78, "instrument_name": "BTC-31MAR23-120000-C", "index_price": 23910.54, "direction": "buy", "amount": 4.9}, {"trade_seq": 171, "trade_id": "226715483", "timestamp": 1660688090768, "tick_direction": 0, "price": 0.011, "mark_price": 0.00492596, "iv": 97.78, "instrument_name": "BTC-31MAR23-120000-C", "index_price": 23910.54, "direction": "buy", "amount": 0.1}, {"trade_seq": 170, "trade_id": "226715482", "timestamp": 1660688090768, "tick_direction": 1, "price": 0.0105, "mark_price": 0.00492596, "iv": 97.1, "instrument_name": "BTC-31MAR23-120000-C", "index_price": 23910.54, "direction": "buy", "amount": 2.0}, {"trade_seq": 169, "trade_id": "226715481", "timestamp": 1660688090768, "tick_direction": 1, "price": 0.0105, "mark_price": 0.00492596, "iv": 97.1, "instrument_name": "BTC-31MAR23-120000-C", "index_price": 23910.54, "direction": "buy", "amount": 0.2}, {"trade_seq": 168, "trade_id": "226715480", "timestamp": 1660688090768, "tick_direction": 0, "price": 0.0105, "mark_price": 0.00492596, "iv": 97.1, "instrument_name": "BTC-31MAR23-120000-C", "index_price": 23910.54, "direction": "buy", "amount": 0.4}, {"trade_seq": 167, "trade_id": "226715479", "timestamp": 1660688090768, "tick_direction": 0, "price": 0.0095, "mark_price": 0.00492596, "iv": 95.67, "instrument_name": "BTC-31MAR23-120000-C", "index_price": 23910.54, "direction": "buy", "amount": 4.9}, {"trade_seq": 166, "trade_id": "226715478", "timestamp": 1660688090768, "tick_direction": 0, "price": 0.008, "mark_price": 0.00492596, "iv": 93.34, "instrument_name": "BTC-31MAR23-120000-C", "index_price": 23910.54, "direction": "buy", "amount": 1.0}, {"trade_seq": 165, "trade_id": "226715477", "timestamp": 1660688090768, "tick_direction": 0, "price": 0.0065, "mark_price": 0.00492596, "iv": 90.69, "instrument_name": "BTC-31MAR23-120000-C", "index_price": 23910.54, "direction": "buy", "amount": 2.2}, {"trade_seq": 164, "trade_id": "226715476", "timestamp": 1660688090768, "tick_direction": 0, "price": 0.006, "mark_price": 0.00492596, "iv": 89.72, "instrument_name": "BTC-31MAR23-120000-C", "index_price": 23910.54, "direction": "buy", "amount": 1.8}, {"trade_seq": 163, "trade_id": "226715475", "timestamp": 1660688090768, "tick_direction": 1, "price": 0.0055, "mark_price": 0.00492596, "iv": 88.7, "instrument_name": "BTC-31MAR23-120000-C", "index_price": 23910.54, "direction": "buy", "amount": 1.6}, {"trade_seq": 162, "trade_id": "226715474", "timestamp": 1660688090768, "tick_direction": 1, "price": 0.0055, "mark_price": 0.00492596, "iv": 88.7, "instrument_name": "BTC-31MAR23-120000-C", "index_price": 23910.54, "direction": "buy", "amount": 0.8}, {"trade_seq": 161, "trade_id": "226665162", "timestamp": 1660632654779, "tick_direction": 0, "price": 0.0055, "mark_price": 0.00488618, "iv": 88.31, "instrument_name": "BTC-31MAR23-120000-C", "index_price": 24036.46, "direction": "buy", "amount": 0.2}, {"trade_seq": 160, "trade_id": "226604414", "timestamp": 1660560954430, "tick_direction": 3, "price": 0.005, "mark_price": 0.00478733, "iv": 86.6, "instrument_name": "BTC-31MAR23-120000-C", "index_price": 24289.36, "direction": "buy", "amount": 3.0}, {"trade_seq": 159, "trade_id": "226025974", "timestamp": 1659947530221, "tick_direction": 3, "price": 0.005, "mark_price": 0.00541044, "iv": 85.72, "instrument_name": "BTC-31MAR23-120000-C", "index_price": 23993.37, "direction": "buy", "amount": 0.2}, {"trade_seq": 158, "trade_id": "225309353", "timestamp": 1659190457225, "tick_direction": 3, "price": 0.005, "mark_price": 0.00561546, "iv": 83.04, "instrument_name": "BTC-31MAR23-120000-C", "index_price": 24517.05, "direction": "buy", "amount": 1.0}, {"trade_seq": 157, "trade_id": "224604529", "timestamp": 1658849477375, "tick_direction": 2, "price": 0.005, "mark_price": 0.00469491, "iv": 89.33, "instrument_name": "BTC-31MAR23-120000-C", "index_price": 20807.98, "direction": "sell", "amount": 0.2}, {"trade_seq": 156, "trade_id": "224049710", "timestamp": 1658441014258, "tick_direction": 2, "price": 0.0055, "mark_price": 0.0054914, "iv": 85.15, "instrument_name": "BTC-31MAR23-120000-C", "index_price": 23203.06, "direction": "buy", "amount": 0.1}, {"trade_seq": 155, "trade_id": "223814538", "timestamp": 1658333185308, "tick_direction": 0, "price": 0.0065, "mark_price": 0.00592013, "iv": 85.2, "instrument_name": "BTC-31MAR23-120000-C", "index_price": 24148.26, "direction": "buy", "amount": 2.8}, {"trade_seq": 154, "trade_id": "223449201", "timestamp": 1658189472082, "tick_direction": 1, "price": 0.0055, "mark_price": 0.00546856, "iv": 85.37, "instrument_name": "BTC-31MAR23-120000-C", "index_price": 22832.24, "direction": "buy", "amount": 4.1}, {"trade_seq": 153, "trade_id": "223428598", "timestamp": 1658185395743, "tick_direction": 0, "price": 0.0055, "mark_price": 0.00497085, "iv": 87.23, "instrument_name": "BTC-31MAR23-120000-C", "index_price": 21807.54, "direction": "buy", "amount": 0.9}, {"trade_seq": 152, "trade_id": "222707892", "timestamp": 1657654842993, "tick_direction": 3, "price": 0.005, "mark_price": 0.00556972, "iv": 89.86, "instrument_name": "BTC-31MAR23-120000-C", "index_price": 19313.0, "direction": "sell", "amount": 4.5}, {"trade_seq": 151, "trade_id": "222691013", "timestamp": 1657643530599, "tick_direction": 3, "price": 0.005, "mark_price": 0.00524486, "iv": 88.63, "instrument_name": "BTC-31MAR23-120000-C", "index_price": 19904.66, "direction": "sell", "amount": 15.0}, {"trade_seq": 150, "trade_id": "222691012", "timestamp": 1657643530565, "tick_direction": 3, "price": 0.005, "mark_price": 0.00524486, "iv": 88.63, "instrument_name": "BTC-31MAR23-120000-C", "index_price": 19904.66, "direction": "sell", "amount": 15.0}, {"trade_seq": 149, "trade_id": "222691011", "timestamp": 1657643530507, "tick_direction": 2, "price": 0.005, "mark_price": 0.00524476, "iv": 88.63, "instrument_name": "BTC-31MAR23-120000-C", "index_price": 19904.66, "direction": "sell", "amount": 15.0}, {"trade_seq": 148, "trade_id": "222484707", "timestamp": 1657408699081, "tick_direction": 0, "price": 0.0065, "mark_price": 0.00641876, "iv": 87.89, "instrument_name": "BTC-31MAR23-120000-C", "index_price": 21607.02, "direction": "sell", "amount": 1.0}, {"trade_seq": 147, "trade_id": "222429216", "timestamp": 1657328858856, "tick_direction": 3, "price": 0.005, "mark_price": 0.00592818, "iv": 84.98, "instrument_name": "BTC-31MAR23-120000-C", "index_price": 21528.68, "direction": "sell", "amount": 0.5}, {"trade_seq": 146, "trade_id": "222429215", "timestamp": 1657328858856, "tick_direction": 2, "price": 0.005, "mark_price": 0.00592818, "iv": 84.98, "instrument_name": "BTC-31MAR23-120000-C", "index_price": 21528.68, "direction": "sell", "amount": 0.1}, {"trade_seq": 145, "trade_id": "221153938", "timestamp": 1656398452455, "tick_direction": 0, "price": 0.0075, "mark_price": 0.00673316, "iv": 89.16, "instrument_name": "BTC-31MAR23-120000-C", "index_price": 20826.68, "direction": "buy", "amount": 0.1}, {"trade_seq": 144, "trade_id": "221058506", "timestamp": 1656299367758, "tick_direction": 3, "price": 0.007, "mark_price": 0.00617739, "iv": 87.55, "instrument_name": "BTC-31MAR23-120000-C", "index_price": 21108.72, "direction": "sell", "amount": 0.2}, {"trade_seq": 143, "trade_id": "220369302", "timestamp": 1655791656018, "tick_direction": 2, "price": 0.007, "mark_price": 0.0074305, "iv": 86.69, "instrument_name": "BTC-31MAR23-120000-C", "index_price": 21153.21, "direction": "sell", "amount": 0.7}, {"trade_seq": 142, "trade_id": "219735461", "timestamp": 1655557116565, "tick_direction": 0, "price": 0.0079, "mark_price": 0.00614722, "iv": 91.56, "instrument_name": "BTC-31MAR23-120000-C", "index_price": 19138.03, "direction": "buy", "block_trade_id": "42439", "amount": 62.0}, {"trade_seq": 141, "trade_id": "219734338", "timestamp": 1655556353839, "tick_direction": 2, "price": 0.0055, "mark_price": 0.00612044, "iv": 87.32, "instrument_name": "BTC-31MAR23-120000-C", "index_price": 19150.28, "direction": "sell", "amount": 1.0}, {"trade_seq": 140, "trade_id": "219688367", "timestamp": 1655541283150, "tick_direction": 0, "price": 0.007, "mark_price": 0.00589263, "iv": 90.11, "instrument_name": "BTC-31MAR23-120000-C", "index_price": 19163.42, "direction": "buy", "amount": 1.0}, {"trade_seq": 139, "trade_id": "219660739", "timestamp": 1655537786602, "tick_direction": 3, "price": 0.0055, "mark_price": 0.00591711, "iv": 87.27, "instrument_name": "BTC-31MAR23-120000-C", "index_price": 19181.4, "direction": "sell", "amount": 0.2}, {"trade_seq": 138, "trade_id": "219660738", "timestamp": 1655537786602, "tick_direction": 3, "price": 0.0055, "mark_price": 0.00591711, "iv": 87.27, "instrument_name": "BTC-31MAR23-120000-C", "index_price": 19181.4, "direction": "sell", "amount": 0.9}, {"trade_seq": 137, "trade_id": "219565970", "timestamp": 1655490882064, "tick_direction": 2, "price": 0.0055, "mark_price": 0.00601244, "iv": 84.61, "instrument_name": "BTC-31MAR23-120000-C", "index_price": 20517.79, "direction": "sell", "amount": 0.1}, {"trade_seq": 136, "trade_id": "218970663", "timestamp": 1655293590603, "tick_direction": 0, "price": 0.0095, "mark_price": 0.00599426, "iv": 89.49, "instrument_name": "BTC-31MAR23-120000-C", "index_price": 21086.19, "direction": "buy", "amount": 0.1}, {"trade_seq": 135, "trade_id": "218863883", "timestamp": 1655276148649, "tick_direction": 2, "price": 0.0075, "mark_price": 0.00727916, "iv": 86.3, "instrument_name": "BTC-31MAR23-120000-C", "index_price": 21254.49, "direction": "sell", "amount": 0.9}, {"trade_seq": 134, "trade_id": "218859708", "timestamp": 1655274447921, "tick_direction": 2, "price": 0.008, "mark_price": 0.00717343, "iv": 87.59, "instrument_name": "BTC-31MAR23-120000-C", "index_price": 20991.72, "direction": "sell", "amount": 1.5}, {"trade_seq": 133, "trade_id": "218859600", "timestamp": 1655274394701, "tick_direction": 0, "price": 0.009, "mark_price": 0.00697521, "iv": 88.96, "instrument_name": "BTC-31MAR23-120000-C", "index_price": 21031.69, "direction": "sell", "amount": 5.0}, {"trade_seq": 132, "trade_id": "218813311", "timestamp": 1655262578201, "tick_direction": 0, "price": 0.0065, "mark_price": 0.00605378, "iv": 83.52, "instrument_name": "BTC-31MAR23-120000-C", "index_price": 21805.01, "direction": "buy", "amount": 0.5}, {"trade_seq": 131, "trade_id": "218777294", "timestamp": 1655243394268, "tick_direction": 1, "price": 0.006, "mark_price": 0.00575081, "iv": 83.26, "instrument_name": "BTC-31MAR23-120000-C", "index_price": 21415.34, "direction": "buy", "amount": 1.0}, {"trade_seq": 130, "trade_id": "218777293", "timestamp": 1655243394268, "tick_direction": 0, "price": 0.006, "mark_price": 0.00575081, "iv": 83.26, "instrument_name": "BTC-31MAR23-120000-C", "index_price": 21415.34, "direction": "buy", "amount": 0.5}, {"trade_seq": 129, "trade_id": "218773258", "timestamp": 1655241846662, "tick_direction": 2, "price": 0.0055, "mark_price": 0.00537457, "iv": 82.1, "instrument_name": "BTC-31MAR23-120000-C", "index_price": 21547.48, "direction": "buy", "amount": 0.5}, {"trade_seq": 128, "trade_id": "217443900", "timestamp": 1654868239027, "tick_direction": 2, "price": 0.008, "mark_price": 0.00780328, "iv": 73.15, "instrument_name": "BTC-31MAR23-120000-C", "index_price": 29396.93, "direction": "buy", "amount": 0.3}, {"trade_seq": 127, "trade_id": "215718076", "timestamp": 1653570812418, "tick_direction": 0, "price": 0.011, "mark_price": 0.00991257, "iv": 75.94, "instrument_name": "BTC-31MAR23-120000-C", "index_price": 28751.79, "direction": "buy", "amount": 1.0}, {"trade_seq": 126, "trade_id": "215718066", "timestamp": 1653570809104, "tick_direction": 1, "price": 0.0105, "mark_price": 0.00991514, "iv": 75.38, "instrument_name": "BTC-31MAR23-120000-C", "index_price": 28753.32, "direction": "buy", "amount": 0.9}, {"trade_seq": 125, "trade_id": "215718053", "timestamp": 1653570803429, "tick_direction": 0, "price": 0.0105, "mark_price": 0.00990131, "iv": 75.38, "instrument_name": "BTC-31MAR23-120000-C", "index_price": 28748.82, "direction": "buy", "amount": 0.9}, {"trade_seq": 124, "trade_id": "215663778", "timestamp": 1653537190068, "tick_direction": 0, "price": 0.01, "mark_price": 0.00976264, "iv": 73.3, "instrument_name": "BTC-31MAR23-120000-C", "index_price": 29766.72, "direction": "sell", "amount": 0.1}, {"trade_seq": 123, "trade_id": "215459883", "timestamp": 1653354071457, "tick_direction": 3, "price": 0.009, "mark_price": 0.0099417, "iv": 72.67, "instrument_name": "BTC-31MAR23-120000-C", "index_price": 29108.18, "direction": "sell", "amount": 2.0}, {"trade_seq": 122, "trade_id": "215226696", "timestamp": 1653114429272, "tick_direction": 2, "price": 0.009, "mark_price": 0.01063206, "iv": 72.09, "instrument_name": "BTC-31MAR23-120000-C", "index_price": 29295.74, "direction": "sell", "amount": 0.1}, {"trade_seq": 121, "trade_id": "215222161", "timestamp": 1653101570367, "tick_direction": 3, "price": 0.0095, "mark_price": 0.01035138, "iv": 72.8, "instrument_name": "BTC-31MAR23-120000-C", "index_price": 29188.9, "direction": "buy", "amount": 1.1}, {"trade_seq": 120, "trade_id": "215222160", "timestamp": 1653101570364, "tick_direction": 2, "price": 0.0095, "mark_price": 0.01035138, "iv": 72.8, "instrument_name": "BTC-31MAR23-120000-C", "index_price": 29188.9, "direction": "sell", "amount": 0.9}, {"trade_seq": 119, "trade_id": "215118060", "timestamp": 1653034882459, "tick_direction": 0, "price": 0.0105, "mark_price": 0.01023874, "iv": 72.38, "instrument_name": "BTC-31MAR23-120000-C", "index_price": 30270.03, "direction": "buy", "amount": 0.2}, {"trade_seq": 118, "trade_id": "215089441", "timestamp": 1653015223738, "tick_direction": 2, "price": 0.0095, "mark_price": 0.01029739, "iv": 71.15, "instrument_name": "BTC-31MAR23-120000-C", "index_price": 30320.51, "direction": "sell", "amount": 0.5}, {"trade_seq": 117, "trade_id": "215016796", "timestamp": 1652971905021, "tick_direction": 0, "price": 0.011, "mark_price": 0.01046001, "iv": 73.64, "instrument_name": "BTC-31MAR23-120000-C", "index_price": 29707.26, "direction": "buy", "amount": 0.9}, {"trade_seq": 116, "trade_id": "214995040", "timestamp": 1652963316434, "tick_direction": 3, "price": 0.0105, "mark_price": 0.01027728, "iv": 73.3, "instrument_name": "BTC-31MAR23-120000-C", "index_price": 29553.19, "direction": "sell", "amount": 1.0}, {"trade_seq": 115, "trade_id": "214994935", "timestamp": 1652963292237, "tick_direction": 2, "price": 0.0105, "mark_price": 0.01030051, "iv": 73.26, "instrument_name": "BTC-31MAR23-120000-C", "index_price": 29592.4, "direction": "sell", "amount": 1.0}, {"trade_seq": 114, "trade_id": "214975774", "timestamp": 1652952440223, "tick_direction": 0, "price": 0.011, "mark_price": 0.01069417, "iv": 74.66, "instrument_name": "BTC-31MAR23-120000-C", "index_price": 28913.65, "direction": "buy", "amount": 0.9}, {"trade_seq": 113, "trade_id": "214966393", "timestamp": 1652946359571, "tick_direction": 2, "price": 0.01, "mark_price": 0.01076183, "iv": 73.3, "instrument_name": "BTC-31MAR23-120000-C", "index_price": 29122.11, "direction": "sell", "amount": 5.0}, {"trade_seq": 112, "trade_id": "214885519", "timestamp": 1652900984123, "tick_direction": 1, "price": 0.012, "mark_price": 0.01190369, "iv": 75.0, "instrument_name": "BTC-31MAR23-120000-C", "index_price": 29375.83, "direction": "sell", "amount": 1.9}, {"trade_seq": 111, "trade_id": "214885518", "timestamp": 1652900984120, "tick_direction": 0, "price": 0.012, "mark_price": 0.01190369, "iv": 75.0, "instrument_name": "BTC-31MAR23-120000-C", "index_price": 29375.83, "direction": "buy", "amount": 0.1}, {"trade_seq": 110, "trade_id": "214785788", "timestamp": 1652829160162, "tick_direction": 3, "price": 0.0115, "mark_price": 0.01219511, "iv": 72.86, "instrument_name": "BTC-31MAR23-120000-C", "index_price": 30450.08, "direction": "buy", "amount": 2.8}, {"trade_seq": 109, "trade_id": "214785787", "timestamp": 1652829160146, "tick_direction": 2, "price": 0.0115, "mark_price": 0.01219511, "iv": 72.86, "instrument_name": "BTC-31MAR23-120000-C", "index_price": 30450.08, "direction": "sell", "amount": 3.0}, {"trade_seq": 108, "trade_id": "214584560", "timestamp": 1652667591804, "tick_direction": 2, "price": 0.013, "mark_price": 0.01389224, "iv": 74.28, "instrument_name": "BTC-31MAR23-120000-C", "index_price": 30424.0, "direction": "sell", "amount": 1.0}, {"trade_seq": 107, "trade_id": "214468480", "timestamp": 1652548379241, "tick_direction": 2, "price": 0.0145, "mark_price": 0.01401978, "iv": 76.93, "instrument_name": "BTC-31MAR23-120000-C", "index_price": 29385.64, "direction": "sell", "amount": 2.5}, {"trade_seq": 106, "trade_id": "214040748", "timestamp": 1652347461289, "tick_direction": 1, "price": 0.016, "mark_price": 0.01473457, "iv": 80.11, "instrument_name": "BTC-31MAR23-120000-C", "index_price": 27913.52, "direction": "buy", "amount": 1.2}, {"trade_seq": 105, "trade_id": "214027706", "timestamp": 1652345645730, "tick_direction": 0, "price": 0.016, "mark_price": 0.01451215, "iv": 80.67, "instrument_name": "BTC-31MAR23-120000-C", "index_price": 27521.24, "direction": "buy", "amount": 1.0}, {"trade_seq": 104, "trade_id": "214005091", "timestamp": 1652342166256, "tick_direction": 2, "price": 0.0155, "mark_price": 0.01534673, "iv": 79.65, "instrument_name": "BTC-31MAR23-120000-C", "index_price": 27904.69, "direction": "sell", "amount": 1.0}, {"trade_seq": 103, "trade_id": "213996789", "timestamp": 1652341717166, "tick_direction": 1, "price": 0.016, "mark_price": 0.01487035, "iv": 80.49, "instrument_name": "BTC-31MAR23-120000-C", "index_price": 27721.99, "direction": "buy", "amount": 1.0}, {"trade_seq": 102, "trade_id": "213952405", "timestamp": 1652339350278, "tick_direction": 1, "price": 0.016, "mark_price": 0.01370689, "iv": 82.56, "instrument_name": "BTC-31MAR23-120000-C", "index_price": 26210.87, "direction": "buy", "amount": 2.0}, {"trade_seq": 101, "trade_id": "213860352", "timestamp": 1652332284380, "tick_direction": 1, "price": 0.016, "mark_price": 0.01447766, "iv": 81.15, "instrument_name": "BTC-31MAR23-120000-C", "index_price": 27191.54, "direction": "buy", "amount": 0.2}, {"trade_seq": 100, "trade_id": "213860348", "timestamp": 1652332284357, "tick_direction": 1, "price": 0.016, "mark_price": 0.01447766, "iv": 81.15, "instrument_name": "BTC-31MAR23-120000-C", "index_price": 27191.54, "direction": "buy", "amount": 4.6}, {"trade_seq": 99, "trade_id": "213860347", "timestamp": 1652332284357, "tick_direction": 1, "price": 0.016, "mark_price": 0.01447766, "iv": 81.15, "instrument_name": "BTC-31MAR23-120000-C", "index_price": 27191.54, "direction": "buy", "amount": 2.6}, {"trade_seq": 98, "trade_id": "213855589", "timestamp": 1652331856007, "tick_direction": 0, "price": 0.016, "mark_price": 0.01586473, "iv": 80.73, "instrument_name": "BTC-31MAR23-120000-C", "index_price": 27419.1, "direction": "buy", "amount": 7.4}, {"trade_seq": 97, "trade_id": "213780577", "timestamp": 1652316562262, "tick_direction": 0, "price": 0.015, "mark_price": 0.01651149, "iv": 76.11, "instrument_name": "BTC-31MAR23-120000-C", "index_price": 29976.05, "direction": "buy", "amount": 0.1}, {"trade_seq": 96, "trade_id": "213618527", "timestamp": 1652289050720, "tick_direction": 1, "price": 0.0135, "mark_price": 0.01401558, "iv": 74.37, "instrument_name": "BTC-31MAR23-120000-C", "index_price": 30256.26, "direction": "sell", "amount": 15.0}, {"trade_seq": 95, "trade_id": "213482380", "timestamp": 1652273881056, "tick_direction": 0, "price": 0.0135, "mark_price": 0.01362663, "iv": 75.96, "instrument_name": "BTC-31MAR23-120000-C", "index_price": 29125.82, "direction": "buy", "amount": 0.2}, {"trade_seq": 94, "trade_id": "213282492", "timestamp": 1652215480887, "tick_direction": 3, "price": 0.012, "mark_price": 0.01307894, "iv": 71.74, "instrument_name": "BTC-31MAR23-120000-C", "index_price": 31046.8, "direction": "sell", "amount": 7.5}, {"trade_seq": 93, "trade_id": "213282491", "timestamp": 1652215480887, "tick_direction": 2, "price": 0.012, "mark_price": 0.01307894, "iv": 71.74, "instrument_name": "BTC-31MAR23-120000-C", "index_price": 31046.8, "direction": "sell", "amount": 0.3}, {"trade_seq": 92, "trade_id": "213232233", "timestamp": 1652194888386, "tick_direction": 0, "price": 0.0145, "mark_price": 0.01319039, "iv": 74.01, "instrument_name": "BTC-31MAR23-120000-C", "index_price": 31081.28, "direction": "buy", "amount": 0.1}, {"trade_seq": 91, "trade_id": "212758936", "timestamp": 1652094142775, "tick_direction": 0, "price": 0.0135, "mark_price": 0.01306494, "iv": 70.7, "instrument_name": "BTC-31MAR23-120000-C", "index_price": 32791.81, "direction": "sell", "amount": 1.0}, {"trade_seq": 90, "trade_id": "212745615", "timestamp": 1652092839642, "tick_direction": 3, "price": 0.012, "mark_price": 0.01298192, "iv": 69.0, "instrument_name": "BTC-31MAR23-120000-C", "index_price": 33098.34, "direction": "buy", "amount": 0.2}, {"trade_seq": 89, "trade_id": "212745614", "timestamp": 1652092839639, "tick_direction": 2, "price": 0.012, "mark_price": 0.01298192, "iv": 69.0, "instrument_name": "BTC-31MAR23-120000-C", "index_price": 33098.34, "direction": "sell", "amount": 0.1}, {"trade_seq": 88, "trade_id": "212656856", "timestamp": 1652050968743, "tick_direction": 2, "price": 0.0125, "mark_price": 0.01407415, "iv": 67.86, "instrument_name": "BTC-31MAR23-120000-C", "index_price": 34261.41, "direction": "sell", "amount": 2.5}, {"trade_seq": 87, "trade_id": "212380057", "timestamp": 1651884632310, "tick_direction": 2, "price": 0.0155, "mark_price": 0.01544841, "iv": 68.19, "instrument_name": "BTC-31MAR23-120000-C", "index_price": 35990.94, "direction": "sell", "amount": 3.0}, {"trade_seq": 86, "trade_id": "212278933", "timestamp": 1651843710127, "tick_direction": 2, "price": 0.016, "mark_price": 0.01675175, "iv": 68.51, "instrument_name": "BTC-31MAR23-120000-C", "index_price": 35993.23, "direction": "buy", "amount": 1.0}, {"trade_seq": 85, "trade_id": "212173880", "timestamp": 1651783396619, "tick_direction": 3, "price": 0.0165, "mark_price": 0.01698761, "iv": 68.38, "instrument_name": "BTC-31MAR23-120000-C", "index_price": 36267.65, "direction": "sell", "amount": 1.0}, {"trade_seq": 84, "trade_id": "212173878", "timestamp": 1651783395603, "tick_direction": 2, "price": 0.0165, "mark_price": 0.01698851, "iv": 68.38, "instrument_name": "BTC-31MAR23-120000-C", "index_price": 36266.5, "direction": "buy", "amount": 1.0}, {"trade_seq": 83, "trade_id": "212066546", "timestamp": 1651764765385, "tick_direction": 1, "price": 0.019, "mark_price": 0.01802831, "iv": 69.22, "instrument_name": "BTC-31MAR23-120000-C", "index_price": 37101.49, "direction": "sell", "amount": 0.5}, {"trade_seq": 82, "trade_id": "211876585", "timestamp": 1651653791615, "tick_direction": 0, "price": 0.019, "mark_price": 0.01884715, "iv": 67.01, "instrument_name": "BTC-31MAR23-120000-C", "index_price": 38868.73, "direction": "sell", "amount": 1.0}, {"trade_seq": 81, "trade_id": "211618858", "timestamp": 1651386132280, "tick_direction": 3, "price": 0.0185, "mark_price": 0.01934944, "iv": 67.25, "instrument_name": "BTC-31MAR23-120000-C", "index_price": 38086.55, "direction": "sell", "amount": 1.0}, {"trade_seq": 80, "trade_id": "211614062", "timestamp": 1651378439881, "tick_direction": 2, "price": 0.0185, "mark_price": 0.0186985, "iv": 67.34, "instrument_name": "BTC-31MAR23-120000-C", "index_price": 38019.14, "direction": "sell", "amount": 4.0}, {"trade_seq": 79, "trade_id": "211551069", "timestamp": 1651268085717, "tick_direction": 1, "price": 0.022, "mark_price": 0.02027379, "iv": 68.84, "instrument_name": "BTC-31MAR23-120000-C", "index_price": 38620.77, "direction": "buy", "amount": 0.3}, {"trade_seq": 78, "trade_id": "211551068", "timestamp": 1651268085717, "tick_direction": 0, "price": 0.022, "mark_price": 0.02027379, "iv": 68.84, "instrument_name": "BTC-31MAR23-120000-C", "index_price": 38620.77, "direction": "buy", "amount": 0.2}, {"trade_seq": 77, "trade_id": "211494647", "timestamp": 1651229256651, "tick_direction": 3, "price": 0.02, "mark_price": 0.0198884, "iv": 67.09, "instrument_name": "BTC-31MAR23-120000-C", "index_price": 38946.43, "direction": "buy", "amount": 0.5}, {"trade_seq": 76, "trade_id": "211490969", "timestamp": 1651227320716, "tick_direction": 3, "price": 0.02, "mark_price": 0.02004541, "iv": 66.85, "instrument_name": "BTC-31MAR23-120000-C", "index_price": 39144.43, "direction": "sell", "amount": 0.5}, {"trade_seq": 75, "trade_id": "211489827", "timestamp": 1651226194257, "tick_direction": 2, "price": 0.02, "mark_price": 0.01990536, "iv": 66.83, "instrument_name": "BTC-31MAR23-120000-C", "index_price": 39163.59, "direction": "sell", "amount": 0.5}, {"trade_seq": 74, "trade_id": "211476523", "timestamp": 1651217893254, "tick_direction": 2, "price": 0.0205, "mark_price": 0.02035557, "iv": 66.7, "instrument_name": "BTC-31MAR23-120000-C", "index_price": 39575.77, "direction": "buy", "amount": 0.5}, {"trade_seq": 73, "trade_id": "211470567", "timestamp": 1651212655410, "tick_direction": 0, "price": 0.022, "mark_price": 0.02052738, "iv": 67.78, "instrument_name": "BTC-31MAR23-120000-C", "index_price": 39452.82, "direction": "buy", "amount": 1.0}, {"trade_seq": 72, "trade_id": "211386992", "timestamp": 1651154623316, "tick_direction": 1, "price": 0.0205, "mark_price": 0.01989298, "iv": 67.31, "instrument_name": "BTC-31MAR23-120000-C", "index_price": 38906.38, "direction": "sell", "amount": 1.2}, {"trade_seq": 71, "trade_id": "211386708", "timestamp": 1651154557567, "tick_direction": 0, "price": 0.0205, "mark_price": 0.01996697, "iv": 67.25, "instrument_name": "BTC-31MAR23-120000-C", "index_price": 38944.33, "direction": "sell", "amount": 1.2}, {"trade_seq": 70, "trade_id": "211365745", "timestamp": 1651139008710, "tick_direction": 3, "price": 0.02, "mark_price": 0.02121831, "iv": 66.05, "instrument_name": "BTC-31MAR23-120000-C", "index_price": 39839.75, "direction": "sell", "amount": 7.5}, {"trade_seq": 69, "trade_id": "211359715", "timestamp": 1651134830529, "tick_direction": 3, "price": 0.02, "mark_price": 0.02084662, "iv": 66.23, "instrument_name": "BTC-31MAR23-120000-C", "index_price": 39636.23, "direction": "buy", "amount": 0.3}, {"trade_seq": 68, "trade_id": "211359603", "timestamp": 1651134706729, "tick_direction": 3, "price": 0.02, "mark_price": 0.02074595, "iv": 66.3, "instrument_name": "BTC-31MAR23-120000-C", "index_price": 39582.23, "direction": "buy", "amount": 1.7}, {"trade_seq": 67, "trade_id": "211359598", "timestamp": 1651134703648, "tick_direction": 2, "price": 0.02, "mark_price": 0.02074514, "iv": 66.3, "instrument_name": "BTC-31MAR23-120000-C", "index_price": 39587.37, "direction": "buy", "amount": 2.0}, {"trade_seq": 66, "trade_id": "211351424", "timestamp": 1651126823562, "tick_direction": 0, "price": 0.022, "mark_price": 0.02071273, "iv": 67.81, "instrument_name": "BTC-31MAR23-120000-C", "index_price": 39388.92, "direction": "sell", "amount": 1.0}, {"trade_seq": 65, "trade_id": "211180992", "timestamp": 1650993087427, "tick_direction": 2, "price": 0.0205, "mark_price": 0.01986249, "iv": 67.63, "instrument_name": "BTC-31MAR23-120000-C", "index_price": 38466.91, "direction": "sell", "amount": 4.0}, {"trade_seq": 64, "trade_id": "211101821", "timestamp": 1650938682523, "tick_direction": 2, "price": 0.0215, "mark_price": 0.02197485, "iv": 65.97, "instrument_name": "BTC-31MAR23-120000-C", "index_price": 40496.59, "direction": "buy", "amount": 3.0}, {"trade_seq": 63, "trade_id": "210993271", "timestamp": 1650875454067, "tick_direction": 3, "price": 0.0195, "mark_price": 0.02017914, "iv": 66.69, "instrument_name": "BTC-31MAR23-120000-C", "index_price": 38510.92, "direction": "buy", "amount": 0.3}, {"trade_seq": 62, "trade_id": "210993270", "timestamp": 1650875453675, "tick_direction": 2, "price": 0.0195, "mark_price": 0.02017914, "iv": 66.69, "instrument_name": "BTC-31MAR23-120000-C", "index_price": 38510.92, "direction": "buy", "amount": 3.4}, {"trade_seq": 61, "trade_id": "210967809", "timestamp": 1650857585732, "tick_direction": 0, "price": 0.02, "mark_price": 0.02041361, "iv": 66.26, "instrument_name": "BTC-31MAR23-120000-C", "index_price": 39217.63, "direction": "buy", "amount": 1.0}, {"trade_seq": 60, "trade_id": "210967803", "timestamp": 1650857568584, "tick_direction": 0, "price": 0.0195, "mark_price": 0.0204175, "iv": 65.93, "instrument_name": "BTC-31MAR23-120000-C", "index_price": 39223.0, "direction": "buy", "amount": 2.0}, {"trade_seq": 59, "trade_id": "210957230", "timestamp": 1650847342271, "tick_direction": 2, "price": 0.019, "mark_price": 0.0209731, "iv": 65.79, "instrument_name": "BTC-31MAR23-120000-C", "index_price": 39045.58, "direction": "sell", "amount": 15.0}, {"trade_seq": 58, "trade_id": "210957225", "timestamp": 1650847329028, "tick_direction": 3, "price": 0.0195, "mark_price": 0.02099359, "iv": 66.12, "instrument_name": "BTC-31MAR23-120000-C", "index_price": 39044.9, "direction": "buy", "amount": 5.3}, {"trade_seq": 57, "trade_id": "210957200", "timestamp": 1650847291201, "tick_direction": 3, "price": 0.0195, "mark_price": 0.02101141, "iv": 66.12, "instrument_name": "BTC-31MAR23-120000-C", "index_price": 39055.72, "direction": "buy", "amount": 15.0}, {"trade_seq": 56, "trade_id": "210957171", "timestamp": 1650847270961, "tick_direction": 3, "price": 0.0195, "mark_price": 0.02102037, "iv": 66.11, "instrument_name": "BTC-31MAR23-120000-C", "index_price": 39069.85, "direction": "buy", "amount": 15.0}, {"trade_seq": 55, "trade_id": "210957106", "timestamp": 1650847206560, "tick_direction": 3, "price": 0.0195, "mark_price": 0.02100417, "iv": 66.1, "instrument_name": "BTC-31MAR23-120000-C", "index_price": 39078.05, "direction": "buy", "amount": 2.6}, {"trade_seq": 54, "trade_id": "210957105", "timestamp": 1650847206554, "tick_direction": 2, "price": 0.0195, "mark_price": 0.02100417, "iv": 66.1, "instrument_name": "BTC-31MAR23-120000-C", "index_price": 39078.05, "direction": "buy", "amount": 12.4}, {"trade_seq": 53, "trade_id": "210869323", "timestamp": 1650717106678, "tick_direction": 2, "price": 0.022, "mark_price": 0.02236635, "iv": 66.62, "instrument_name": "BTC-31MAR23-120000-C", "index_price": 39780.86, "direction": "buy", "amount": 1.0}, {"trade_seq": 52, "trade_id": "210829603", "timestamp": 1650647529866, "tick_direction": 2, "price": 0.024, "mark_price": 0.02478782, "iv": 68.07, "instrument_name": "BTC-31MAR23-120000-C", "index_price": 39475.59, "direction": "sell", "amount": 0.1}, {"trade_seq": 51, "trade_id": "210807730", "timestamp": 1650637625954, "tick_direction": 2, "price": 0.0255, "mark_price": 0.02617147, "iv": 68.4, "instrument_name": "BTC-31MAR23-120000-C", "index_price": 39916.87, "direction": "sell", "amount": 15.0}, {"trade_seq": 50, "trade_id": "210805957", "timestamp": 1650637157357, "tick_direction": 2, "price": 0.0265, "mark_price": 0.02656344, "iv": 68.63, "instrument_name": "BTC-31MAR23-120000-C", "index_price": 40229.97, "direction": "buy", "amount": 1.0}, {"trade_seq": 49, "trade_id": "210649730", "timestamp": 1650517954280, "tick_direction": 1, "price": 0.0285, "mark_price": 0.02847138, "iv": 67.86, "instrument_name": "BTC-31MAR23-120000-C", "index_price": 41678.8, "direction": "buy", "amount": 1.0}, {"trade_seq": 48, "trade_id": "210649729", "timestamp": 1650517954280, "tick_direction": 0, "price": 0.0285, "mark_price": 0.02847138, "iv": 67.86, "instrument_name": "BTC-31MAR23-120000-C", "index_price": 41678.8, "direction": "buy", "amount": 0.1}, {"trade_seq": 47, "trade_id": "210543206", "timestamp": 1650383884200, "tick_direction": 1, "price": 0.0265, "mark_price": 0.02675394, "iv": 67.03, "instrument_name": "BTC-31MAR23-120000-C", "index_price": 41470.15, "direction": "buy", "amount": 1.0}, {"trade_seq": 46, "trade_id": "210542724", "timestamp": 1650383071982, "tick_direction": 0, "price": 0.0265, "mark_price": 0.02699347, "iv": 67.03, "instrument_name": "BTC-31MAR23-120000-C", "index_price": 41486.01, "direction": "buy", "amount": 1.0}, {"trade_seq": 45, "trade_id": "210541139", "timestamp": 1650381592065, "tick_direction": 3, "price": 0.0255, "mark_price": 0.02723559, "iv": 66.31, "instrument_name": "BTC-31MAR23-120000-C", "index_price": 41566.6, "direction": "sell", "amount": 2.0}, {"trade_seq": 44, "trade_id": "210541138", "timestamp": 1650381592065, "tick_direction": 3, "price": 0.0255, "mark_price": 0.02723559, "iv": 66.31, "instrument_name": "BTC-31MAR23-120000-C", "index_price": 41566.6, "direction": "sell", "amount": 3.0}, {"trade_seq": 43, "trade_id": "210507123", "timestamp": 1650347408780, "tick_direction": 3, "price": 0.0255, "mark_price": 0.02669028, "iv": 67.22, "instrument_name": "BTC-31MAR23-120000-C", "index_price": 40724.08, "direction": "buy", "amount": 3.0}, {"trade_seq": 42, "trade_id": "210507122", "timestamp": 1650347408779, "tick_direction": 2, "price": 0.0255, "mark_price": 0.02669028, "iv": 67.22, "instrument_name": "BTC-31MAR23-120000-C", "index_price": 40724.08, "direction": "buy", "amount": 7.0}, {"trade_seq": 41, "trade_id": "210497606", "timestamp": 1650328322999, "tick_direction": 0, "price": 0.0275, "mark_price": 0.02686971, "iv": 67.97, "instrument_name": "BTC-31MAR23-120000-C", "index_price": 41166.72, "direction": "buy", "amount": 3.0}, {"trade_seq": 40, "trade_id": "210494124", "timestamp": 1650326428456, "tick_direction": 0, "price": 0.026, "mark_price": 0.02661347, "iv": 67.42, "instrument_name": "BTC-31MAR23-120000-C", "index_price": 40806.63, "direction": "buy", "amount": 1.0}, {"trade_seq": 39, "trade_id": "210309405", "timestamp": 1650126622915, "tick_direction": 2, "price": 0.0255, "mark_price": 0.02643926, "iv": 67.6, "instrument_name": "BTC-31MAR23-120000-C", "index_price": 40159.74, "direction": "buy", "amount": 0.1}, {"trade_seq": 38, "trade_id": "210290460", "timestamp": 1650078447283, "tick_direction": 2, "price": 0.0285, "mark_price": 0.02975475, "iv": 68.8, "instrument_name": "BTC-31MAR23-120000-C", "index_price": 40496.31, "direction": "sell", "amount": 50.0}, {"trade_seq": 37, "trade_id": "210177328", "timestamp": 1649948263162, "tick_direction": 0, "price": 0.032, "mark_price": 0.03115486, "iv": 70.51, "instrument_name": "BTC-31MAR23-120000-C", "index_price": 40457.84, "direction": "sell", "amount": 0.1}, {"trade_seq": 36, "trade_id": "209861769", "timestamp": 1649706914015, "tick_direction": 0, "price": 0.0305, "mark_price": 0.03104187, "iv": 69.82, "instrument_name": "BTC-31MAR23-120000-C", "index_price": 39976.11, "direction": "buy", "amount": 1.0}, {"trade_seq": 35, "trade_id": "209851937", "timestamp": 1649704390969, "tick_direction": 2, "price": 0.03, "mark_price": 0.03183682, "iv": 68.95, "instrument_name": "BTC-31MAR23-120000-C", "index_price": 40469.21, "direction": "buy", "amount": 2.5}, {"trade_seq": 34, "trade_id": "209793162", "timestamp": 1649675122954, "tick_direction": 2, "price": 0.0345, "mark_price": 0.03221519, "iv": 69.91, "instrument_name": "BTC-31MAR23-120000-C", "index_price": 41569.07, "direction": "buy", "amount": 2.0}, {"trade_seq": 33, "trade_id": "209665966", "timestamp": 1649483487540, "tick_direction": 3, "price": 0.0355, "mark_price": 0.03913716, "iv": 69.03, "instrument_name": "BTC-31MAR23-120000-C", "index_price": 42531.23, "direction": "sell", "amount": 7.1}, {"trade_seq": 32, "trade_id": "209665961", "timestamp": 1649483469728, "tick_direction": 3, "price": 0.0355, "mark_price": 0.03921897, "iv": 69.03, "instrument_name": "BTC-31MAR23-120000-C", "index_price": 42531.37, "direction": "sell", "amount": 4.1}, {"trade_seq": 31, "trade_id": "209665960", "timestamp": 1649483469728, "tick_direction": 2, "price": 0.0355, "mark_price": 0.03921897, "iv": 69.03, "instrument_name": "BTC-31MAR23-120000-C", "index_price": 42531.37, "direction": "sell", "amount": 13.0}, {"trade_seq": 30, "trade_id": "209501429", "timestamp": 1649323387993, "tick_direction": 2, "price": 0.041, "mark_price": 0.0404941, "iv": 70.17, "instrument_name": "BTC-31MAR23-120000-C", "index_price": 43372.64, "direction": "sell", "amount": 1.0}, {"trade_seq": 29, "trade_id": "209419921", "timestamp": 1649264967174, "tick_direction": 2, "price": 0.0421, "mark_price": 0.04187092, "iv": 70.46, "instrument_name": "BTC-31MAR23-120000-C", "index_price": 43505.76, "direction": "sell", "block_trade_id": "36015", "amount": 25.0}, {"trade_seq": 28, "trade_id": "209346249", "timestamp": 1649229356221, "tick_direction": 3, "price": 0.0425, "mark_price": 0.04405826, "iv": 68.53, "instrument_name": "BTC-31MAR23-120000-C", "index_price": 45479.18, "direction": "sell", "amount": 7.5}, {"trade_seq": 27, "trade_id": "209346237", "timestamp": 1649229348161, "tick_direction": 2, "price": 0.0425, "mark_price": 0.0440527, "iv": 68.53, "instrument_name": "BTC-31MAR23-120000-C", "index_price": 45480.95, "direction": "sell", "amount": 3.9}, {"trade_seq": 26, "trade_id": "209170458", "timestamp": 1649049050739, "tick_direction": 0, "price": 0.045, "mark_price": 0.04572365, "iv": 68.65, "instrument_name": "BTC-31MAR23-120000-C", "index_price": 46060.89, "direction": "sell", "amount": 1.0}, {"trade_seq": 25, "trade_id": "208918717", "timestamp": 1648800201412, "tick_direction": 2, "price": 0.044, "mark_price": 0.0434402, "iv": 69.1, "instrument_name": "BTC-31MAR23-120000-C", "index_price": 45119.58, "direction": "buy", "amount": 0.1}, {"trade_seq": 24, "trade_id": "208802660", "timestamp": 1648721548286, "tick_direction": 1, "price": 0.047, "mark_price": 0.0451835, "iv": 67.81, "instrument_name": "BTC-31MAR23-120000-C", "index_price": 47323.46, "direction": "sell", "amount": 19.0}, {"trade_seq": 23, "trade_id": "208802658", "timestamp": 1648721548279, "tick_direction": 1, "price": 0.047, "mark_price": 0.0451835, "iv": 67.81, "instrument_name": "BTC-31MAR23-120000-C", "index_price": 47323.46, "direction": "buy", "amount": 1.0}, {"trade_seq": 22, "trade_id": "208802657", "timestamp": 1648721548279, "tick_direction": 0, "price": 0.047, "mark_price": 0.0451835, "iv": 67.81, "instrument_name": "BTC-31MAR23-120000-C", "index_price": 47323.46, "direction": "buy", "amount": 10.0}, {"trade_seq": 21, "trade_id": "208715721", "timestamp": 1648605981578, "tick_direction": 3, "price": 0.045, "mark_price": 0.04609997, "iv": 67.26, "instrument_name": "BTC-31MAR23-120000-C", "index_price": 46965.5, "direction": "sell", "amount": 1.1}, {"trade_seq": 20, "trade_id": "208625603", "timestamp": 1648518641710, "tick_direction": 3, "price": 0.045, "mark_price": 0.04701593, "iv": 66.5, "instrument_name": "BTC-31MAR23-120000-C", "index_price": 47619.78, "direction": "sell", "amount": 8.0}, {"trade_seq": 19, "trade_id": "208625602", "timestamp": 1648518641710, "tick_direction": 2, "price": 0.045, "mark_price": 0.04701593, "iv": 66.5, "instrument_name": "BTC-31MAR23-120000-C", "index_price": 47619.78, "direction": "sell", "amount": 1.0}, {"trade_seq": 18, "trade_id": "208555789", "timestamp": 1648460018134, "tick_direction": 1, "price": 0.046, "mark_price": 0.04763986, "iv": 67.24, "instrument_name": "BTC-31MAR23-120000-C", "index_price": 47111.93, "direction": "sell", "amount": 1.0}, {"trade_seq": 17, "trade_id": "208555767", "timestamp": 1648460006441, "tick_direction": 0, "price": 0.046, "mark_price": 0.04764415, "iv": 67.24, "instrument_name": "BTC-31MAR23-120000-C", "index_price": 47114.16, "direction": "sell", "amount": 1.0}, {"trade_seq": 16, "trade_id": "208520499", "timestamp": 1648427559711, "tick_direction": 1, "price": 0.044, "mark_price": 0.04385828, "iv": 66.47, "instrument_name": "BTC-31MAR23-120000-C", "index_price": 47124.7, "direction": "buy", "amount": 3.8}, {"trade_seq": 15, "trade_id": "208519011", "timestamp": 1648427531161, "tick_direction": 1, "price": 0.044, "mark_price": 0.04357158, "iv": 66.63, "instrument_name": "BTC-31MAR23-120000-C", "index_price": 46998.59, "direction": "buy", "amount": 3.7}, {"trade_seq": 14, "trade_id": "208499144", "timestamp": 1648417802590, "tick_direction": 0, "price": 0.044, "mark_price": 0.04306964, "iv": 66.94, "instrument_name": "BTC-31MAR23-120000-C", "index_price": 46729.46, "direction": "buy", "amount": 0.5}, {"trade_seq": 13, "trade_id": "208467882", "timestamp": 1648411563250, "tick_direction": 1, "price": 0.04, "mark_price": 0.0392204, "iv": 67.1, "instrument_name": "BTC-31MAR23-120000-C", "index_price": 44836.29, "direction": "buy", "amount": 1.0}, {"trade_seq": 12, "trade_id": "208467881", "timestamp": 1648411563250, "tick_direction": 0, "price": 0.04, "mark_price": 0.0392204, "iv": 67.1, "instrument_name": "BTC-31MAR23-120000-C", "index_price": 44836.29, "direction": "buy", "amount": 10.0}, {"trade_seq": 11, "trade_id": "208444888", "timestamp": 1648365824005, "tick_direction": 0, "price": 0.0395, "mark_price": 0.03890414, "iv": 67.06, "instrument_name": "BTC-31MAR23-120000-C", "index_price": 44736.98, "direction": "buy", "amount": 1.0}, {"trade_seq": 10, "trade_id": "208413069", "timestamp": 1648287682704, "tick_direction": 3, "price": 0.037, "mark_price": 0.03800153, "iv": 65.95, "instrument_name": "BTC-31MAR23-120000-C", "index_price": 44533.82, "direction": "buy", "amount": 0.2}, {"trade_seq": 9, "trade_id": "208401071", "timestamp": 1648268844663, "tick_direction": 3, "price": 0.037, "mark_price": 0.03779024, "iv": 66.32, "instrument_name": "BTC-31MAR23-120000-C", "index_price": 44441.46, "direction": "buy", "amount": 4.0}, {"trade_seq": 8, "trade_id": "208401070", "timestamp": 1648268844658, "tick_direction": 3, "price": 0.037, "mark_price": 0.03779024, "iv": 66.32, "instrument_name": "BTC-31MAR23-120000-C", "index_price": 44441.46, "direction": "sell", "amount": 1.0}, {"trade_seq": 7, "trade_id": "208401069", "timestamp": 1648268844658, "tick_direction": 3, "price": 0.037, "mark_price": 0.03779024, "iv": 66.32, "instrument_name": "BTC-31MAR23-120000-C", "index_price": 44441.46, "direction": "sell", "amount": 1.0}, {"trade_seq": 6, "trade_id": "208401068", "timestamp": 1648268844658, "tick_direction": 2, "price": 0.037, "mark_price": 0.03779024, "iv": 66.32, "instrument_name": "BTC-31MAR23-120000-C", "index_price": 44441.46, "direction": "sell", "amount": 1.0}, {"trade_seq": 5, "trade_id": "208401065", "timestamp": 1648268824541, "tick_direction": 3, "price": 0.039, "mark_price": 0.03772919, "iv": 67.2, "instrument_name": "BTC-31MAR23-120000-C", "index_price": 44439.83, "direction": "buy", "amount": 2.0}, {"trade_seq": 4, "trade_id": "208401064", "timestamp": 1648268824541, "tick_direction": 2, "price": 0.039, "mark_price": 0.03772919, "iv": 67.2, "instrument_name": "BTC-31MAR23-120000-C", "index_price": 44439.83, "direction": "buy", "amount": 2.0}, {"trade_seq": 3, "trade_id": "208366605", "timestamp": 1648224365931, "tick_direction": 0, "price": 0.04, "mark_price": 0.04102364, "iv": 67.83, "instrument_name": "BTC-31MAR23-120000-C", "index_price": 44285.07, "direction": "sell", "amount": 2.0}, {"trade_seq": 2, "trade_id": "208366594", "timestamp": 1648224356470, "tick_direction": 2, "price": 0.0395, "mark_price": 0.0410251, "iv": 67.61, "instrument_name": "BTC-31MAR23-120000-C", "index_price": 44293.0, "direction": "sell", "block_trade_id": "34812", "amount": 35.0}, {"trade_seq": 1, "trade_id": "208265843", "timestamp": 1648146103179, "tick_direction": 1, "price": 0.044, "mark_price": 0.04186413, "iv": 69.86, "instrument_name": "BTC-31MAR23-120000-C", "index_price": 43807.22, "direction": "buy", "amount": 2.0}], "has_more": false}