{"trades": [{"trade_seq": 89, "trade_id": "136818575", "timestamp": 1616025647839, "tick_direction": 1, "price": 0.884, "mark_price": 0.88215379, "iv": 500.0, "instrument_name": "BTC-26MAR21-7000-C", "index_price": 59158.25, "direction": "buy", "amount": 0.1}, {"trade_seq": 88, "trade_id": "136818474", "timestamp": 1616025641387, "tick_direction": 1, "price": 0.884, "mark_price": 0.88207386, "iv": 500.0, "instrument_name": "BTC-26MAR21-7000-C", "index_price": 59114.07, "direction": "buy", "amount": 0.1}, {"trade_seq": 87, "trade_id": "136818443", "timestamp": 1616025638367, "tick_direction": 0, "price": 0.884, "mark_price": 0.88207674, "iv": 500.0, "instrument_name": "BTC-26MAR21-7000-C", "index_price": 59104.09, "direction": "buy", "amount": 0.1}, {"trade_seq": 86, "trade_id": "135954470", "timestamp": 1615792655962, "tick_direction": 1, "price": 0.879, "mark_price": 0.87994317, "iv": 0.0, "instrument_name": "BTC-26MAR21-7000-C", "index_price": 57828.14, "direction": "sell", "amount": 0.6}, {"trade_seq": 85, "trade_id": "135954392", "timestamp": 1615792652849, "tick_direction": 0, "price": 0.879, "mark_price": 0.87999648, "iv": 0.0, "instrument_name": "BTC-26MAR21-7000-C", "index_price": 57843.57, "direction": "sell", "amount": 0.8}, {"trade_seq": 84, "trade_id": "122976296", "timestamp": 1611910829049, "tick_direction": 0, "price": 0.816, "mark_price": 0.81692831, "iv": 0.0, "instrument_name": "BTC-26MAR21-7000-C", "index_price": 36929.48, "direction": "buy", "amount": 0.2}, {"trade_seq": 83, "trade_id": "117724886", "timestamp": 1610530089725, "tick_direction": 1, "price": 0.8035, "mark_price": 0.80862847, "iv": 0.0, "instrument_name": "BTC-26MAR21-7000-C", "index_price": 34791.86, "direction": "sell", "amount": 0.1}, {"trade_seq": 82, "trade_id": "117724885", "timestamp": 1610530088378, "tick_direction": 0, "price": 0.8035, "mark_price": 0.80866316, "iv": 0.0, "instrument_name": "BTC-26MAR21-7000-C", "index_price": 34797.16, "direction": "sell", "amount": 0.1}, {"trade_seq": 81, "trade_id": "110659185", "timestamp": 1608903463300, "tick_direction": 1, "price": 0.729, "mark_price": 0.72800484, "iv": 121.48, "instrument_name": "BTC-26MAR21-7000-C", "index_price": 24437.27, "direction": "buy", "amount": 0.2}, {"trade_seq": 80, "trade_id": "110659181", "timestamp": 1608903458135, "tick_direction": 0, "price": 0.729, "mark_price": 0.72798016, "iv": 121.61, "instrument_name": "BTC-26MAR21-7000-C", "index_price": 24435.85, "direction": "buy", "amount": 0.2}, {"trade_seq": 79, "trade_id": "109698995", "timestamp": 1608545898694, "tick_direction": 2, "price": 0.706, "mark_price": 0.70706995, "iv": 0.0, "instrument_name": "BTC-26MAR21-7000-C", "index_price": 22835.64, "direction": "buy", "amount": 0.2}, {"trade_seq": 78, "trade_id": "108963393", "timestamp": 1608232017751, "tick_direction": 0, "price": 0.713, "mark_price": 0.71395754, "iv": 87.93, "instrument_name": "BTC-26MAR21-7000-C", "index_price": 23353.93, "direction": "buy", "amount": 0.2}, {"trade_seq": 77, "trade_id": "108796128", "timestamp": 1608198129563, "tick_direction": 0, "price": 0.702, "mark_price": 0.70365005, "iv": 0.0, "instrument_name": "BTC-26MAR21-7000-C", "index_price": 22531.92, "direction": "buy", "amount": 0.2}, {"trade_seq": 76, "trade_id": "102977199", "timestamp": 1606093292095, "tick_direction": 0, "price": 0.6285, "mark_price": 0.62782285, "iv": 94.16, "instrument_name": "BTC-26MAR21-7000-C", "index_price": 18075.23, "direction": "sell", "amount": 0.1}, {"trade_seq": 75, "trade_id": "97732023", "timestamp": 1604049397734, "tick_direction": 1, "price": 0.4925, "mark_price": 0.49412505, "iv": 69.32, "instrument_name": "BTC-26MAR21-7000-C", "index_price": 13203.12, "direction": "buy", "amount": 0.1}, {"trade_seq": 74, "trade_id": "97731068", "timestamp": 1604049231766, "tick_direction": 1, "price": 0.4925, "mark_price": 0.49484904, "iv": 68.17, "instrument_name": "BTC-26MAR21-7000-C", "index_price": 13210.65, "direction": "buy", "amount": 0.1}, {"trade_seq": 73, "trade_id": "97731041", "timestamp": 1604049225465, "tick_direction": 1, "price": 0.4925, "mark_price": 0.49469519, "iv": 68.45, "instrument_name": "BTC-26MAR21-7000-C", "index_price": 13207.79, "direction": "buy", "amount": 0.1}, {"trade_seq": 72, "trade_id": "97730992", "timestamp": 1604049218922, "tick_direction": 0, "price": 0.4925, "mark_price": 0.49440281, "iv": 68.98, "instrument_name": "BTC-26MAR21-7000-C", "index_price": 13206.46, "direction": "buy", "amount": 0.1}, {"trade_seq": 71, "trade_id": "97730716", "timestamp": 1604049213408, "tick_direction": 1, "price": 0.492, "mark_price": 0.49330245, "iv": 70.04, "instrument_name": "BTC-26MAR21-7000-C", "index_price": 13173.15, "direction": "buy", "amount": 0.1}, {"trade_seq": 70, "trade_id": "97730715", "timestamp": 1604049213408, "tick_direction": 0, "price": 0.492, "mark_price": 0.49330245, "iv": 70.04, "instrument_name": "BTC-26MAR21-7000-C", "index_price": 13173.15, "direction": "buy", "amount": 0.1}, {"trade_seq": 69, "trade_id": "97730210", "timestamp": 1604049173332, "tick_direction": 1, "price": 0.4915, "mark_price": 0.49345076, "iv": 68.93, "instrument_name": "BTC-26MAR21-7000-C", "index_price": 13171.68, "direction": "buy", "amount": 0.1}, {"trade_seq": 68, "trade_id": "97730209", "timestamp": 1604049173332, "tick_direction": 0, "price": 0.4915, "mark_price": 0.49345076, "iv": 68.93, "instrument_name": "BTC-26MAR21-7000-C", "index_price": 13171.68, "direction": "buy", "amount": 0.1}, {"trade_seq": 67, "trade_id": "97730130", "timestamp": 1604049162215, "tick_direction": 2, "price": 0.491, "mark_price": 0.49342845, "iv": 68.12, "instrument_name": "BTC-26MAR21-7000-C", "index_price": 13171.93, "direction": "buy", "amount": 0.1}, {"trade_seq": 66, "trade_id": "97730053", "timestamp": 1604049145621, "tick_direction": 2, "price": 0.4915, "mark_price": 0.49362255, "iv": 68.65, "instrument_name": "BTC-26MAR21-7000-C", "index_price": 13178.51, "direction": "buy", "amount": 0.1}, {"trade_seq": 65, "trade_id": "97729947", "timestamp": 1604049128253, "tick_direction": 0, "price": 0.492, "mark_price": 0.49408464, "iv": 68.73, "instrument_name": "BTC-26MAR21-7000-C", "index_price": 13190.66, "direction": "buy", "amount": 0.1}, {"trade_seq": 64, "trade_id": "97729945", "timestamp": 1604049126159, "tick_direction": 2, "price": 0.4915, "mark_price": 0.49406462, "iv": 67.83, "instrument_name": "BTC-26MAR21-7000-C", "index_price": 13190.75, "direction": "buy", "amount": 0.1}, {"trade_seq": 63, "trade_id": "97729914", "timestamp": 1604049112674, "tick_direction": 0, "price": 0.492, "mark_price": 0.49416315, "iv": 68.57, "instrument_name": "BTC-26MAR21-7000-C", "index_price": 13192.01, "direction": "buy", "amount": 0.1}, {"trade_seq": 62, "trade_id": "97729901", "timestamp": 1604049107755, "tick_direction": 2, "price": 0.4915, "mark_price": 0.49420571, "iv": 67.64, "instrument_name": "BTC-26MAR21-7000-C", "index_price": 13191.74, "direction": "buy", "amount": 0.1}, {"trade_seq": 61, "trade_id": "97729482", "timestamp": 1604048998946, "tick_direction": 0, "price": 0.4925, "mark_price": 0.49415463, "iv": 69.38, "instrument_name": "BTC-26MAR21-7000-C", "index_price": 13193.29, "direction": "buy", "amount": 0.1}, {"trade_seq": 60, "trade_id": "97729439", "timestamp": 1604048996542, "tick_direction": 2, "price": 0.492, "mark_price": 0.4940965, "iv": 68.75, "instrument_name": "BTC-26MAR21-7000-C", "index_price": 13190.04, "direction": "buy", "amount": 0.1}, {"trade_seq": 59, "trade_id": "97728656", "timestamp": 1604048919709, "tick_direction": 2, "price": 0.493, "mark_price": 0.49554491, "iv": 67.95, "instrument_name": "BTC-26MAR21-7000-C", "index_price": 13226.65, "direction": "buy", "amount": 0.1}, {"trade_seq": 58, "trade_id": "97728535", "timestamp": 1604048848977, "tick_direction": 0, "price": 0.494, "mark_price": 0.49581804, "iv": 69.2, "instrument_name": "BTC-26MAR21-7000-C", "index_price": 13235.16, "direction": "buy", "amount": 0.1}, {"trade_seq": 57, "trade_id": "97728534", "timestamp": 1604048846739, "tick_direction": 1, "price": 0.4935, "mark_price": 0.49584251, "iv": 68.25, "instrument_name": "BTC-26MAR21-7000-C", "index_price": 13235.05, "direction": "buy", "amount": 0.1}, {"trade_seq": 56, "trade_id": "97728252", "timestamp": 1604048663352, "tick_direction": 1, "price": 0.4935, "mark_price": 0.49537518, "iv": 69.04, "instrument_name": "BTC-26MAR21-7000-C", "index_price": 13216.06, "direction": "buy", "amount": 0.1}, {"trade_seq": 55, "trade_id": "97728251", "timestamp": 1604048663352, "tick_direction": 0, "price": 0.4935, "mark_price": 0.49537518, "iv": 69.04, "instrument_name": "BTC-26MAR21-7000-C", "index_price": 13216.06, "direction": "buy", "amount": 0.1}, {"trade_seq": 54, "trade_id": "97728205", "timestamp": 1604048649524, "tick_direction": 2, "price": 0.493, "mark_price": 0.49524543, "iv": 68.38, "instrument_name": "BTC-26MAR21-7000-C", "index_price": 13215.02, "direction": "buy", "amount": 0.1}, {"trade_seq": 53, "trade_id": "97728115", "timestamp": 1604048606166, "tick_direction": 1, "price": 0.4935, "mark_price": 0.49533097, "iv": 69.1, "instrument_name": "BTC-26MAR21-7000-C", "index_price": 13218.25, "direction": "buy", "amount": 0.1}, {"trade_seq": 52, "trade_id": "97728114", "timestamp": 1604048606166, "tick_direction": 0, "price": 0.4935, "mark_price": 0.49533097, "iv": 69.1, "instrument_name": "BTC-26MAR21-7000-C", "index_price": 13218.25, "direction": "buy", "amount": 0.1}, {"trade_seq": 51, "trade_id": "97727927", "timestamp": 1604048578748, "tick_direction": 2, "price": 0.493, "mark_price": 0.49524163, "iv": 68.38, "instrument_name": "BTC-26MAR21-7000-C", "index_price": 13216.88, "direction": "buy", "amount": 0.1}, {"trade_seq": 50, "trade_id": "97727873", "timestamp": 1604048541050, "tick_direction": 2, "price": 0.4935, "mark_price": 0.49549252, "iv": 68.78, "instrument_name": "BTC-26MAR21-7000-C", "index_price": 13222.43, "direction": "buy", "amount": 0.1}, {"trade_seq": 49, "trade_id": "97727794", "timestamp": 1604048518773, "tick_direction": 1, "price": 0.494, "mark_price": 0.49566862, "iv": 69.33, "instrument_name": "BTC-26MAR21-7000-C", "index_price": 13229.45, "direction": "buy", "amount": 0.1}, {"trade_seq": 48, "trade_id": "97727793", "timestamp": 1604048518773, "tick_direction": 0, "price": 0.494, "mark_price": 0.49566862, "iv": 69.33, "instrument_name": "BTC-26MAR21-7000-C", "index_price": 13229.45, "direction": "buy", "amount": 0.1}, {"trade_seq": 47, "trade_id": "97727771", "timestamp": 1604048512731, "tick_direction": 2, "price": 0.4935, "mark_price": 0.49557715, "iv": 68.6, "instrument_name": "BTC-26MAR21-7000-C", "index_price": 13227.42, "direction": "buy", "amount": 0.1}, {"trade_seq": 46, "trade_id": "97727363", "timestamp": 1604048364460, "tick_direction": 1, "price": 0.495, "mark_price": 0.49711645, "iv": 68.49, "instrument_name": "BTC-26MAR21-7000-C", "index_price": 13267.07, "direction": "buy", "amount": 0.1}, {"trade_seq": 45, "trade_id": "97727362", "timestamp": 1604048364460, "tick_direction": 0, "price": 0.495, "mark_price": 0.49711645, "iv": 68.49, "instrument_name": "BTC-26MAR21-7000-C", "index_price": 13267.07, "direction": "buy", "amount": 0.1}, {"trade_seq": 44, "trade_id": "97727260", "timestamp": 1604048327657, "tick_direction": 0, "price": 0.4945, "mark_price": 0.49690023, "iv": 67.92, "instrument_name": "BTC-26MAR21-7000-C", "index_price": 13261.12, "direction": "buy", "amount": 0.1}, {"trade_seq": 43, "trade_id": "97727244", "timestamp": 1604048321296, "tick_direction": 0, "price": 0.4935, "mark_price": 0.49686391, "iv": 66.05, "instrument_name": "BTC-26MAR21-7000-C", "index_price": 13261.41, "direction": "buy", "amount": 0.1}, {"trade_seq": 42, "trade_id": "97727238", "timestamp": 1604048319188, "tick_direction": 2, "price": 0.4925, "mark_price": 0.49682665, "iv": 64.07, "instrument_name": "BTC-26MAR21-7000-C", "index_price": 13261.44, "direction": "buy", "amount": 0.1}, {"trade_seq": 41, "trade_id": "97673664", "timestamp": 1604036257148, "tick_direction": 3, "price": 0.497, "mark_price": 0.50216584, "iv": 63.3, "instrument_name": "BTC-26MAR21-7000-C", "index_price": 13376.05, "direction": "sell", "amount": 4.0}, {"trade_seq": 40, "trade_id": "97672324", "timestamp": 1604035986962, "tick_direction": 3, "price": 0.497, "mark_price": 0.50275209, "iv": 61.98, "instrument_name": "BTC-26MAR21-7000-C", "index_price": 13381.91, "direction": "sell", "amount": 1.7}, {"trade_seq": 39, "trade_id": "97672323", "timestamp": 1604035986962, "tick_direction": 2, "price": 0.497, "mark_price": 0.50275209, "iv": 61.98, "instrument_name": "BTC-26MAR21-7000-C", "index_price": 13381.91, "direction": "sell", "amount": 1.7}, {"trade_seq": 38, "trade_id": "97672322", "timestamp": 1604035986962, "tick_direction": 0, "price": 0.4975, "mark_price": 0.50275209, "iv": 63.19, "instrument_name": "BTC-26MAR21-7000-C", "index_price": 13381.91, "direction": "sell", "amount": 8.0}, {"trade_seq": 37, "trade_id": "95432649", "timestamp": 1602723208787, "tick_direction": 2, "price": 0.408, "mark_price": 0.42380409, "iv": 34.88, "instrument_name": "BTC-26MAR21-7000-C", "index_price": 11404.18, "direction": "sell", "amount": 2.0}, {"trade_seq": 36, "trade_id": "95366742", "timestamp": 1602671201553, "tick_direction": 2, "price": 0.4095, "mark_price": 0.42640434, "iv": 37.71, "instrument_name": "BTC-26MAR21-7000-C", "index_price": 11408.63, "direction": "sell", "amount": 1.0}, {"trade_seq": 35, "trade_id": "95175370", "timestamp": 1602535467062, "tick_direction": 0, "price": 0.4355, "mark_price": 0.43487893, "iv": 65.95, "instrument_name": "BTC-26MAR21-7000-C", "index_price": 11575.21, "direction": "buy", "amount": 0.4}, {"trade_seq": 34, "trade_id": "94472091", "timestamp": 1601941329646, "tick_direction": 0, "price": 0.3965, "mark_price": 0.39751766, "iv": 65.9, "instrument_name": "BTC-26MAR21-7000-C", "index_price": 10775.06, "direction": "buy", "amount": 0.5}, {"trade_seq": 33, "trade_id": "94147803", "timestamp": 1601573816993, "tick_direction": 2, "price": 0.383, "mark_price": 0.38539811, "iv": 64.1, "instrument_name": "BTC-26MAR21-7000-C", "index_price": 10513.68, "direction": "sell", "block_trade_id": "1929", "amount": 50.0}, {"trade_seq": 32, "trade_id": "85534751", "timestamp": 1595855980318, "tick_direction": 3, "price": 0.4025, "mark_price": 0.40972289, "iv": 62.71, "instrument_name": "BTC-26MAR21-7000-C", "index_price": 10337.72, "direction": "sell", "amount": 0.1}, {"trade_seq": 31, "trade_id": "85534261", "timestamp": 1595855859674, "tick_direction": 3, "price": 0.4025, "mark_price": 0.40937296, "iv": 63.05, "instrument_name": "BTC-26MAR21-7000-C", "index_price": 10324.04, "direction": "sell", "amount": 0.1}, {"trade_seq": 30, "trade_id": "85534260", "timestamp": 1595855859674, "tick_direction": 2, "price": 0.4025, "mark_price": 0.40937296, "iv": 63.05, "instrument_name": "BTC-26MAR21-7000-C", "index_price": 10324.04, "direction": "sell", "amount": 0.1}, {"trade_seq": 29, "trade_id": "85534144", "timestamp": 1595855807759, "tick_direction": 2, "price": 0.403, "mark_price": 0.40971817, "iv": 63.35, "instrument_name": "BTC-26MAR21-7000-C", "index_price": 10322.61, "direction": "sell", "amount": 0.1}, {"trade_seq": 28, "trade_id": "85532333", "timestamp": 1595855604026, "tick_direction": 2, "price": 0.4035, "mark_price": 0.40980864, "iv": 63.77, "instrument_name": "BTC-26MAR21-7000-C", "index_price": 10313.34, "direction": "sell", "amount": 0.1}, {"trade_seq": 27, "trade_id": "85530973", "timestamp": 1595855094067, "tick_direction": 2, "price": 0.404, "mark_price": 0.41032771, "iv": 64.26, "instrument_name": "BTC-26MAR21-7000-C", "index_price": 10304.7, "direction": "sell", "amount": 0.1}, {"trade_seq": 26, "trade_id": "85530630", "timestamp": 1595854967521, "tick_direction": 2, "price": 0.4045, "mark_price": 0.41086187, "iv": 64.63, "instrument_name": "BTC-26MAR21-7000-C", "index_price": 10301.09, "direction": "sell", "amount": 0.1}, {"trade_seq": 25, "trade_id": "85530289", "timestamp": 1595854835896, "tick_direction": 3, "price": 0.4055, "mark_price": 0.41110588, "iv": 65.09, "instrument_name": "BTC-26MAR21-7000-C", "index_price": 10310.8, "direction": "sell", "amount": 0.1}, {"trade_seq": 24, "trade_id": "85529468", "timestamp": 1595854458683, "tick_direction": 2, "price": 0.4055, "mark_price": 0.41171067, "iv": 65.58, "instrument_name": "BTC-26MAR21-7000-C", "index_price": 10283.59, "direction": "sell", "amount": 0.1}, {"trade_seq": 23, "trade_id": "85528675", "timestamp": 1595854219139, "tick_direction": 2, "price": 0.4075, "mark_price": 0.41364431, "iv": 66.05, "instrument_name": "BTC-26MAR21-7000-C", "index_price": 10310.36, "direction": "sell", "amount": 0.1}, {"trade_seq": 22, "trade_id": "85528412", "timestamp": 1595854038939, "tick_direction": 0, "price": 0.409, "mark_price": 0.41469141, "iv": 66.97, "instrument_name": "BTC-26MAR21-7000-C", "index_price": 10307.76, "direction": "sell", "amount": 0.1}, {"trade_seq": 21, "trade_id": "85523854", "timestamp": 1595852198295, "tick_direction": 0, "price": 0.408, "mark_price": 0.4140417, "iv": 67.87, "instrument_name": "BTC-26MAR21-7000-C", "index_price": 10253.42, "direction": "sell", "amount": 0.1}, {"trade_seq": 20, "trade_id": "85361637", "timestamp": 1595780074335, "tick_direction": 1, "price": 0.388, "mark_price": 0.39152917, "iv": 67.39, "instrument_name": "BTC-26MAR21-7000-C", "index_price": 9954.83, "direction": "sell", "amount": 0.1}, {"trade_seq": 19, "trade_id": "85361243", "timestamp": 1595779964192, "tick_direction": 1, "price": 0.388, "mark_price": 0.39223348, "iv": 67.02, "instrument_name": "BTC-26MAR21-7000-C", "index_price": 9969.85, "direction": "sell", "amount": 0.1}, {"trade_seq": 18, "trade_id": "85361242", "timestamp": 1595779963211, "tick_direction": 0, "price": 0.388, "mark_price": 0.39223762, "iv": 67.02, "instrument_name": "BTC-26MAR21-7000-C", "index_price": 9969.85, "direction": "sell", "amount": 0.1}, {"trade_seq": 17, "trade_id": "85360570", "timestamp": 1595779581137, "tick_direction": 1, "price": 0.3865, "mark_price": 0.39204535, "iv": 66.74, "instrument_name": "BTC-26MAR21-7000-C", "index_price": 9950.46, "direction": "sell", "amount": 0.1}, {"trade_seq": 16, "trade_id": "85360569", "timestamp": 1595779580261, "tick_direction": 0, "price": 0.3865, "mark_price": 0.3920527, "iv": 66.74, "instrument_name": "BTC-26MAR21-7000-C", "index_price": 9950.42, "direction": "sell", "amount": 0.1}, {"trade_seq": 15, "trade_id": "85360568", "timestamp": 1595779570342, "tick_direction": 3, "price": 0.384, "mark_price": 0.39209181, "iv": 65.43, "instrument_name": "BTC-26MAR21-7000-C", "index_price": 9950.87, "direction": "sell", "amount": 0.1}, {"trade_seq": 14, "trade_id": "85360541", "timestamp": 1595779562472, "tick_direction": 3, "price": 0.384, "mark_price": 0.39212332, "iv": 65.4, "instrument_name": "BTC-26MAR21-7000-C", "index_price": 9951.23, "direction": "sell", "amount": 0.1}, {"trade_seq": 13, "trade_id": "85360501", "timestamp": 1595779557669, "tick_direction": 3, "price": 0.384, "mark_price": 0.39214428, "iv": 65.37, "instrument_name": "BTC-26MAR21-7000-C", "index_price": 9952.08, "direction": "sell", "amount": 0.1}, {"trade_seq": 12, "trade_id": "85360473", "timestamp": 1595779547804, "tick_direction": 2, "price": 0.384, "mark_price": 0.39221788, "iv": 65.31, "instrument_name": "BTC-26MAR21-7000-C", "index_price": 9955.34, "direction": "sell", "amount": 0.1}, {"trade_seq": 11, "trade_id": "85358333", "timestamp": 1595779225363, "tick_direction": 1, "price": 0.385, "mark_price": 0.39329378, "iv": 65.22, "instrument_name": "BTC-26MAR21-7000-C", "index_price": 9980.94, "direction": "sell", "amount": 0.1}, {"trade_seq": 10, "trade_id": "85358307", "timestamp": 1595779224442, "tick_direction": 1, "price": 0.385, "mark_price": 0.39315863, "iv": 65.29, "instrument_name": "BTC-26MAR21-7000-C", "index_price": 9978.17, "direction": "sell", "amount": 0.1}, {"trade_seq": 9, "trade_id": "85358289", "timestamp": 1595779223643, "tick_direction": 1, "price": 0.385, "mark_price": 0.3931534, "iv": 65.3, "instrument_name": "BTC-26MAR21-7000-C", "index_price": 9977.55, "direction": "sell", "amount": 0.1}, {"trade_seq": 8, "trade_id": "85358273", "timestamp": 1595779222723, "tick_direction": 1, "price": 0.385, "mark_price": 0.39316405, "iv": 65.29, "instrument_name": "BTC-26MAR21-7000-C", "index_price": 9977.2, "direction": "sell", "amount": 0.1}, {"trade_seq": 7, "trade_id": "85358254", "timestamp": 1595779221349, "tick_direction": 1, "price": 0.385, "mark_price": 0.39314774, "iv": 65.3, "instrument_name": "BTC-26MAR21-7000-C", "index_price": 9976.59, "direction": "sell", "amount": 0.1}, {"trade_seq": 6, "trade_id": "85358249", "timestamp": 1595779220624, "tick_direction": 1, "price": 0.385, "mark_price": 0.39312225, "iv": 65.31, "instrument_name": "BTC-26MAR21-7000-C", "index_price": 9975.8, "direction": "sell", "amount": 0.1}, {"trade_seq": 5, "trade_id": "85358247", "timestamp": 1595779219707, "tick_direction": 0, "price": 0.385, "mark_price": 0.3930454, "iv": 65.36, "instrument_name": "BTC-26MAR21-7000-C", "index_price": 9974.64, "direction": "sell", "amount": 0.1}, {"trade_seq": 4, "trade_id": "85355549", "timestamp": 1595778593413, "tick_direction": 0, "price": 0.3835, "mark_price": 0.391375, "iv": 65.49, "instrument_name": "BTC-26MAR21-7000-C", "index_price": 9941.33, "direction": "sell", "amount": 0.1}, {"trade_seq": 3, "trade_id": "84644897", "timestamp": 1594700328480, "tick_direction": 2, "price": 0.3745, "mark_price": 0.36910592, "iv": 78.48, "instrument_name": "BTC-26MAR21-7000-C", "index_price": 9183.67, "direction": "buy", "amount": 0.1}, {"trade_seq": 2, "trade_id": "84641464", "timestamp": 1594693198271, "tick_direction": 0, "price": 0.3765, "mark_price": 0.3723734, "iv": 78.3, "instrument_name": "BTC-26MAR21-7000-C", "index_price": 9232.18, "direction": "buy", "amount": 2.0}, {"trade_seq": 1, "trade_id": "83563609", "timestamp": 1593159992143, "tick_direction": 1, "price": 0.375, "mark_price": 0.36658757, "iv": 78.44, "instrument_name": "BTC-26MAR21-7000-C", "index_price": 9128.14, "direction": "sell", "amount": 0.5}], "has_more": false}