{"trades": [{"trade_seq": 290, "trade_id": "138080290", "timestamp": 1616542936198, "tick_direction": 2, "price": 0.6875, "mark_price": 0.68803081, "iv": 0.0, "instrument_name": "BTC-26MAR21-17000-C", "index_price": 54436.09, "direction": "sell", "amount": 1.7}, {"trade_seq": 289, "trade_id": "138077528", "timestamp": 1616541157448, "tick_direction": 2, "price": 0.697, "mark_price": 0.68954217, "iv": 500.0, "instrument_name": "BTC-26MAR21-17000-C", "index_price": 54695.21, "direction": "buy", "amount": 0.1}, {"trade_seq": 288, "trade_id": "135975969", "timestamp": 1615795297353, "tick_direction": 3, "price": 0.7055, "mark_price": 0.70715728, "iv": 0.0, "instrument_name": "BTC-26MAR21-17000-C", "index_price": 57644.95, "direction": "sell", "amount": 0.6}, {"trade_seq": 287, "trade_id": "135975794", "timestamp": 1615795283463, "tick_direction": 3, "price": 0.7055, "mark_price": 0.70741699, "iv": 0.0, "instrument_name": "BTC-26MAR21-17000-C", "index_price": 57707.69, "direction": "sell", "amount": 0.1}, {"trade_seq": 286, "trade_id": "135975750", "timestamp": 1615795277132, "tick_direction": 3, "price": 0.7055, "mark_price": 0.70736758, "iv": 0.0, "instrument_name": "BTC-26MAR21-17000-C", "index_price": 57683.44, "direction": "sell", "amount": 0.1}, {"trade_seq": 285, "trade_id": "135975657", "timestamp": 1615795262240, "tick_direction": 2, "price": 0.7055, "mark_price": 0.70744372, "iv": 0.0, "instrument_name": "BTC-26MAR21-17000-C", "index_price": 57706.62, "direction": "sell", "amount": 0.1}, {"trade_seq": 284, "trade_id": "135878171", "timestamp": 1615768257495, "tick_direction": 3, "price": 0.721, "mark_price": 0.7195169, "iv": 329.39, "instrument_name": "BTC-26MAR21-17000-C", "index_price": 59860.28, "direction": "buy", "amount": 0.4}, {"trade_seq": 283, "trade_id": "135877936", "timestamp": 1615768187616, "tick_direction": 3, "price": 0.721, "mark_price": 0.71955299, "iv": 326.83, "instrument_name": "BTC-26MAR21-17000-C", "index_price": 59876.96, "direction": "buy", "amount": 0.5}, {"trade_seq": 282, "trade_id": "135877771", "timestamp": 1615768145122, "tick_direction": 3, "price": 0.721, "mark_price": 0.71957732, "iv": 327.53, "instrument_name": "BTC-26MAR21-17000-C", "index_price": 59860.06, "direction": "buy", "amount": 0.5}, {"trade_seq": 281, "trade_id": "135877729", "timestamp": 1615768140275, "tick_direction": 3, "price": 0.721, "mark_price": 0.71958241, "iv": 327.37, "instrument_name": "BTC-26MAR21-17000-C", "index_price": 59864.87, "direction": "buy", "amount": 0.5}, {"trade_seq": 280, "trade_id": "135877720", "timestamp": 1615768119563, "tick_direction": 3, "price": 0.721, "mark_price": 0.71950579, "iv": 329.71, "instrument_name": "BTC-26MAR21-17000-C", "index_price": 59862.6, "direction": "buy", "amount": 0.4}, {"trade_seq": 279, "trade_id": "135877683", "timestamp": 1615768116546, "tick_direction": 3, "price": 0.721, "mark_price": 0.71943955, "iv": 331.66, "instrument_name": "BTC-26MAR21-17000-C", "index_price": 59851.52, "direction": "buy", "amount": 0.4}, {"trade_seq": 278, "trade_id": "135877661", "timestamp": 1615768094920, "tick_direction": 3, "price": 0.721, "mark_price": 0.71942293, "iv": 332.14, "instrument_name": "BTC-26MAR21-17000-C", "index_price": 59848.57, "direction": "buy", "amount": 0.4}, {"trade_seq": 277, "trade_id": "135877646", "timestamp": 1615768091099, "tick_direction": 3, "price": 0.721, "mark_price": 0.71948422, "iv": 330.34, "instrument_name": "BTC-26MAR21-17000-C", "index_price": 59855.19, "direction": "buy", "amount": 0.5}, {"trade_seq": 276, "trade_id": "135877599", "timestamp": 1615768086598, "tick_direction": 2, "price": 0.721, "mark_price": 0.71954587, "iv": 329.78, "instrument_name": "BTC-26MAR21-17000-C", "index_price": 59860.18, "direction": "buy", "amount": 0.5}, {"trade_seq": 275, "trade_id": "135877464", "timestamp": 1615768069445, "tick_direction": 0, "price": 0.722, "mark_price": 0.7194839, "iv": 355.98, "instrument_name": "BTC-26MAR21-17000-C", "index_price": 59847.83, "direction": "buy", "amount": 0.5}, {"trade_seq": 274, "trade_id": "134554797", "timestamp": 1615302799171, "tick_direction": 0, "price": 0.691, "mark_price": 0.69035259, "iv": 230.22, "instrument_name": "BTC-26MAR21-17000-C", "index_price": 54250.66, "direction": "sell", "amount": 0.1}, {"trade_seq": 273, "trade_id": "132400528", "timestamp": 1614495585586, "tick_direction": 2, "price": 0.6145, "mark_price": 0.62242969, "iv": 0.0, "instrument_name": "BTC-26MAR21-17000-C", "index_price": 44396.56, "direction": "sell", "amount": 1.0}, {"trade_seq": 272, "trade_id": "129096363", "timestamp": 1613758024497, "tick_direction": 0, "price": 0.6945, "mark_price": 0.70306253, "iv": 0.0, "instrument_name": "BTC-26MAR21-17000-C", "index_price": 54703.75, "direction": "sell", "amount": 0.1}, {"trade_seq": 271, "trade_id": "128334938", "timestamp": 1613506017165, "tick_direction": 1, "price": 0.663, "mark_price": 0.66246311, "iv": 172.71, "instrument_name": "BTC-26MAR21-17000-C", "index_price": 48441.73, "direction": "sell", "amount": 0.1}, {"trade_seq": 270, "trade_id": "128334937", "timestamp": 1613506012527, "tick_direction": 1, "price": 0.663, "mark_price": 0.66247906, "iv": 172.54, "instrument_name": "BTC-26MAR21-17000-C", "index_price": 48444.27, "direction": "sell", "amount": 0.1}, {"trade_seq": 269, "trade_id": "128334936", "timestamp": 1613506011170, "tick_direction": 1, "price": 0.663, "mark_price": 0.66248815, "iv": 172.54, "instrument_name": "BTC-26MAR21-17000-C", "index_price": 48445.73, "direction": "sell", "amount": 0.1}, {"trade_seq": 268, "trade_id": "128334935", "timestamp": 1613506009056, "tick_direction": 1, "price": 0.663, "mark_price": 0.66251817, "iv": 172.36, "instrument_name": "BTC-26MAR21-17000-C", "index_price": 48447.26, "direction": "sell", "amount": 0.1}, {"trade_seq": 267, "trade_id": "128334934", "timestamp": 1613506007892, "tick_direction": 0, "price": 0.663, "mark_price": 0.6625232, "iv": 172.18, "instrument_name": "BTC-26MAR21-17000-C", "index_price": 48448.76, "direction": "sell", "amount": 0.1}, {"trade_seq": 266, "trade_id": "128334852", "timestamp": 1613505940919, "tick_direction": 2, "price": 0.662, "mark_price": 0.66243187, "iv": 162.43, "instrument_name": "BTC-26MAR21-17000-C", "index_price": 48432.18, "direction": "buy", "amount": 0.1}, {"trade_seq": 265, "trade_id": "128283976", "timestamp": 1613491142679, "tick_direction": 0, "price": 0.668, "mark_price": 0.6681789, "iv": 168.31, "instrument_name": "BTC-26MAR21-17000-C", "index_price": 49007.83, "direction": "buy", "amount": 0.1}, {"trade_seq": 264, "trade_id": "126990712", "timestamp": 1613079765356, "tick_direction": 2, "price": 0.654, "mark_price": 0.65390182, "iv": 160.58, "instrument_name": "BTC-26MAR21-17000-C", "index_price": 46811.97, "direction": "buy", "amount": 0.1}, {"trade_seq": 263, "trade_id": "126947290", "timestamp": 1613070478770, "tick_direction": 1, "price": 0.661, "mark_price": 0.66069536, "iv": 161.45, "instrument_name": "BTC-26MAR21-17000-C", "index_price": 47763.76, "direction": "buy", "amount": 0.2}, {"trade_seq": 262, "trade_id": "126947289", "timestamp": 1613070478706, "tick_direction": 0, "price": 0.661, "mark_price": 0.66069536, "iv": 161.45, "instrument_name": "BTC-26MAR21-17000-C", "index_price": 47763.76, "direction": "buy", "amount": 0.1}, {"trade_seq": 261, "trade_id": "126946693", "timestamp": 1613070242065, "tick_direction": 1, "price": 0.6605, "mark_price": 0.66017446, "iv": 161.44, "instrument_name": "BTC-26MAR21-17000-C", "index_price": 47704.61, "direction": "buy", "amount": 0.1}, {"trade_seq": 260, "trade_id": "126946689", "timestamp": 1613070241987, "tick_direction": 0, "price": 0.6605, "mark_price": 0.66017446, "iv": 161.44, "instrument_name": "BTC-26MAR21-17000-C", "index_price": 47704.61, "direction": "buy", "amount": 0.3}, {"trade_seq": 259, "trade_id": "126946363", "timestamp": 1613070132742, "tick_direction": 2, "price": 0.66, "mark_price": 0.6596911, "iv": 161.33, "instrument_name": "BTC-26MAR21-17000-C", "index_price": 47637.49, "direction": "buy", "amount": 0.1}, {"trade_seq": 258, "trade_id": "126920349", "timestamp": 1613062540197, "tick_direction": 0, "price": 0.661, "mark_price": 0.66038421, "iv": 162.51, "instrument_name": "BTC-26MAR21-17000-C", "index_price": 47701.98, "direction": "buy", "amount": 0.1}, {"trade_seq": 257, "trade_id": "126684082", "timestamp": 1612991195964, "tick_direction": 3, "price": 0.635, "mark_price": 0.63495884, "iv": 152.05, "instrument_name": "BTC-26MAR21-17000-C", "index_price": 44518.69, "direction": "buy", "amount": 0.1}, {"trade_seq": 256, "trade_id": "126684063", "timestamp": 1612991184805, "tick_direction": 3, "price": 0.635, "mark_price": 0.63486271, "iv": 152.65, "instrument_name": "BTC-26MAR21-17000-C", "index_price": 44512.7, "direction": "buy", "amount": 0.1}, {"trade_seq": 255, "trade_id": "126683972", "timestamp": 1612991159435, "tick_direction": 3, "price": 0.635, "mark_price": 0.63486698, "iv": 152.61, "instrument_name": "BTC-26MAR21-17000-C", "index_price": 44517.13, "direction": "buy", "amount": 0.1}, {"trade_seq": 254, "trade_id": "126683969", "timestamp": 1612991159230, "tick_direction": 3, "price": 0.635, "mark_price": 0.63486698, "iv": 152.61, "instrument_name": "BTC-26MAR21-17000-C", "index_price": 44517.13, "direction": "buy", "amount": 0.1}, {"trade_seq": 253, "trade_id": "126683964", "timestamp": 1612991157904, "tick_direction": 3, "price": 0.635, "mark_price": 0.63492201, "iv": 152.2, "instrument_name": "BTC-26MAR21-17000-C", "index_price": 44515.67, "direction": "buy", "amount": 0.1}, {"trade_seq": 252, "trade_id": "126683960", "timestamp": 1612991157424, "tick_direction": 3, "price": 0.635, "mark_price": 0.63492201, "iv": 152.2, "instrument_name": "BTC-26MAR21-17000-C", "index_price": 44515.67, "direction": "buy", "amount": 0.1}, {"trade_seq": 251, "trade_id": "126683959", "timestamp": 1612991157353, "tick_direction": 3, "price": 0.635, "mark_price": 0.63492201, "iv": 152.2, "instrument_name": "BTC-26MAR21-17000-C", "index_price": 44515.67, "direction": "buy", "amount": 0.1}, {"trade_seq": 250, "trade_id": "126683958", "timestamp": 1612991157306, "tick_direction": 3, "price": 0.635, "mark_price": 0.63492201, "iv": 152.2, "instrument_name": "BTC-26MAR21-17000-C", "index_price": 44515.67, "direction": "buy", "amount": 0.1}, {"trade_seq": 249, "trade_id": "126683932", "timestamp": 1612991148594, "tick_direction": 2, "price": 0.635, "mark_price": 0.63474977, "iv": 153.47, "instrument_name": "BTC-26MAR21-17000-C", "index_price": 44500.77, "direction": "buy", "amount": 0.1}, {"trade_seq": 248, "trade_id": "126682731", "timestamp": 1612990879945, "tick_direction": 2, "price": 0.636, "mark_price": 0.63596879, "iv": 151.82, "instrument_name": "BTC-26MAR21-17000-C", "index_price": 44663.35, "direction": "buy", "amount": 0.2}, {"trade_seq": 247, "trade_id": "126630881", "timestamp": 1612974319972, "tick_direction": 1, "price": 0.6375, "mark_price": 0.63756332, "iv": 151.02, "instrument_name": "BTC-26MAR21-17000-C", "index_price": 44705.71, "direction": "buy", "amount": 0.1}, {"trade_seq": 246, "trade_id": "126630873", "timestamp": 1612974319379, "tick_direction": 1, "price": 0.6375, "mark_price": 0.63756332, "iv": 151.02, "instrument_name": "BTC-26MAR21-17000-C", "index_price": 44705.71, "direction": "buy", "amount": 0.1}, {"trade_seq": 245, "trade_id": "126630860", "timestamp": 1612974312598, "tick_direction": 1, "price": 0.6375, "mark_price": 0.63746899, "iv": 151.53, "instrument_name": "BTC-26MAR21-17000-C", "index_price": 44703.04, "direction": "buy", "amount": 0.1}, {"trade_seq": 244, "trade_id": "126628773", "timestamp": 1612973863546, "tick_direction": 1, "price": 0.6375, "mark_price": 0.63748165, "iv": 151.45, "instrument_name": "BTC-26MAR21-17000-C", "index_price": 44683.61, "direction": "buy", "amount": 0.1}, {"trade_seq": 243, "trade_id": "126628766", "timestamp": 1612973863457, "tick_direction": 0, "price": 0.6375, "mark_price": 0.63748165, "iv": 151.45, "instrument_name": "BTC-26MAR21-17000-C", "index_price": 44683.61, "direction": "buy", "amount": 0.2}, {"trade_seq": 242, "trade_id": "126625261", "timestamp": 1612973324304, "tick_direction": 3, "price": 0.635, "mark_price": 0.63502836, "iv": 151.02, "instrument_name": "BTC-26MAR21-17000-C", "index_price": 44321.49, "direction": "buy", "amount": 0.3}, {"trade_seq": 241, "trade_id": "126625079", "timestamp": 1612973312287, "tick_direction": 3, "price": 0.635, "mark_price": 0.63512157, "iv": 150.29, "instrument_name": "BTC-26MAR21-17000-C", "index_price": 44327.53, "direction": "buy", "amount": 0.2}, {"trade_seq": 240, "trade_id": "126625078", "timestamp": 1612973312264, "tick_direction": 2, "price": 0.635, "mark_price": 0.63512157, "iv": 150.29, "instrument_name": "BTC-26MAR21-17000-C", "index_price": 44327.53, "direction": "buy", "amount": 0.2}, {"trade_seq": 239, "trade_id": "126610491", "timestamp": 1612971549478, "tick_direction": 3, "price": 0.6355, "mark_price": 0.635493, "iv": 151.48, "instrument_name": "BTC-26MAR21-17000-C", "index_price": 44358.33, "direction": "buy", "amount": 0.3}, {"trade_seq": 238, "trade_id": "126610324", "timestamp": 1612971511726, "tick_direction": 3, "price": 0.6355, "mark_price": 0.6353178, "iv": 152.74, "instrument_name": "BTC-26MAR21-17000-C", "index_price": 44343.15, "direction": "buy", "amount": 0.1}, {"trade_seq": 237, "trade_id": "126610322", "timestamp": 1612971511639, "tick_direction": 3, "price": 0.6355, "mark_price": 0.6353178, "iv": 152.74, "instrument_name": "BTC-26MAR21-17000-C", "index_price": 44343.15, "direction": "buy", "amount": 0.1}, {"trade_seq": 236, "trade_id": "126610320", "timestamp": 1612971511214, "tick_direction": 3, "price": 0.6355, "mark_price": 0.6353178, "iv": 152.74, "instrument_name": "BTC-26MAR21-17000-C", "index_price": 44343.15, "direction": "buy", "amount": 0.1}, {"trade_seq": 235, "trade_id": "126610317", "timestamp": 1612971511011, "tick_direction": 3, "price": 0.6355, "mark_price": 0.6353178, "iv": 152.74, "instrument_name": "BTC-26MAR21-17000-C", "index_price": 44343.15, "direction": "buy", "amount": 0.1}, {"trade_seq": 234, "trade_id": "126610316", "timestamp": 1612971510956, "tick_direction": 2, "price": 0.6355, "mark_price": 0.6353178, "iv": 152.74, "instrument_name": "BTC-26MAR21-17000-C", "index_price": 44343.15, "direction": "buy", "amount": 0.4}, {"trade_seq": 233, "trade_id": "126606292", "timestamp": 1612971013639, "tick_direction": 0, "price": 0.636, "mark_price": 0.63533373, "iv": 156.48, "instrument_name": "BTC-26MAR21-17000-C", "index_price": 44351.01, "direction": "sell", "amount": 0.5}, {"trade_seq": 232, "trade_id": "120028427", "timestamp": 1611158467358, "tick_direction": 3, "price": 0.5315, "mark_price": 0.53233193, "iv": 134.19, "instrument_name": "BTC-26MAR21-17000-C", "index_price": 33885.27, "direction": "sell", "amount": 0.1}, {"trade_seq": 231, "trade_id": "120028426", "timestamp": 1611158467358, "tick_direction": 2, "price": 0.5315, "mark_price": 0.53233193, "iv": 134.19, "instrument_name": "BTC-26MAR21-17000-C", "index_price": 33885.27, "direction": "sell", "amount": 0.1}, {"trade_seq": 230, "trade_id": "119592866", "timestamp": 1611046549760, "tick_direction": 0, "price": 0.569, "mark_price": 0.58131651, "iv": 100.16, "instrument_name": "BTC-26MAR21-17000-C", "index_price": 37216.43, "direction": "sell", "amount": 0.2}, {"trade_seq": 229, "trade_id": "118504672", "timestamp": 1610726778073, "tick_direction": 0, "price": 0.5575, "mark_price": 0.55417343, "iv": 144.76, "instrument_name": "BTC-26MAR21-17000-C", "index_price": 34772.77, "direction": "sell", "amount": 0.1}, {"trade_seq": 228, "trade_id": "118501401", "timestamp": 1610726673197, "tick_direction": 2, "price": 0.5565, "mark_price": 0.55572965, "iv": 143.73, "instrument_name": "BTC-26MAR21-17000-C", "index_price": 34733.15, "direction": "sell", "amount": 0.1}, {"trade_seq": 227, "trade_id": "118501199", "timestamp": 1610726669818, "tick_direction": 2, "price": 0.557, "mark_price": 0.55629545, "iv": 143.59, "instrument_name": "BTC-26MAR21-17000-C", "index_price": 34788.96, "direction": "sell", "amount": 0.1}, {"trade_seq": 226, "trade_id": "118488908", "timestamp": 1610726118222, "tick_direction": 3, "price": 0.566, "mark_price": 0.56372223, "iv": 146.39, "instrument_name": "BTC-26MAR21-17000-C", "index_price": 35430.75, "direction": "sell", "amount": 0.1}, {"trade_seq": 225, "trade_id": "118488846", "timestamp": 1610726111170, "tick_direction": 3, "price": 0.566, "mark_price": 0.56383496, "iv": 146.18, "instrument_name": "BTC-26MAR21-17000-C", "index_price": 35439.3, "direction": "sell", "amount": 0.1}, {"trade_seq": 224, "trade_id": "118488677", "timestamp": 1610726103990, "tick_direction": 3, "price": 0.566, "mark_price": 0.56435627, "iv": 145.18, "instrument_name": "BTC-26MAR21-17000-C", "index_price": 35487.4, "direction": "sell", "amount": 0.1}, {"trade_seq": 223, "trade_id": "118488632", "timestamp": 1610726099605, "tick_direction": 2, "price": 0.566, "mark_price": 0.56467462, "iv": 144.62, "instrument_name": "BTC-26MAR21-17000-C", "index_price": 35514.05, "direction": "sell", "amount": 0.1}, {"trade_seq": 222, "trade_id": "118488285", "timestamp": 1610726070854, "tick_direction": 0, "price": 0.5665, "mark_price": 0.56497027, "iv": 144.93, "instrument_name": "BTC-26MAR21-17000-C", "index_price": 35531.28, "direction": "sell", "amount": 0.1}, {"trade_seq": 221, "trade_id": "118487981", "timestamp": 1610726056538, "tick_direction": 3, "price": 0.566, "mark_price": 0.56466812, "iv": 144.51, "instrument_name": "BTC-26MAR21-17000-C", "index_price": 35527.12, "direction": "sell", "amount": 0.1}, {"trade_seq": 220, "trade_id": "118487907", "timestamp": 1610726050590, "tick_direction": 3, "price": 0.566, "mark_price": 0.56526182, "iv": 143.35, "instrument_name": "BTC-26MAR21-17000-C", "index_price": 35584.38, "direction": "sell", "amount": 0.1}, {"trade_seq": 219, "trade_id": "118487785", "timestamp": 1610726043573, "tick_direction": 3, "price": 0.566, "mark_price": 0.56577513, "iv": 142.33, "instrument_name": "BTC-26MAR21-17000-C", "index_price": 35618.91, "direction": "sell", "amount": 0.1}, {"trade_seq": 218, "trade_id": "118487779", "timestamp": 1610726043184, "tick_direction": 3, "price": 0.566, "mark_price": 0.56591628, "iv": 142.33, "instrument_name": "BTC-26MAR21-17000-C", "index_price": 35618.91, "direction": "sell", "amount": 0.1}, {"trade_seq": 217, "trade_id": "118487765", "timestamp": 1610726043065, "tick_direction": 3, "price": 0.566, "mark_price": 0.56591628, "iv": 142.3, "instrument_name": "BTC-26MAR21-17000-C", "index_price": 35631.99, "direction": "sell", "amount": 0.1}, {"trade_seq": 216, "trade_id": "118487358", "timestamp": 1610726014262, "tick_direction": 2, "price": 0.566, "mark_price": 0.56597928, "iv": 141.9, "instrument_name": "BTC-26MAR21-17000-C", "index_price": 35653.98, "direction": "sell", "amount": 0.1}, {"trade_seq": 215, "trade_id": "118231573", "timestamp": 1610659272453, "tick_direction": 0, "price": 0.5955, "mark_price": 0.59432847, "iv": 146.38, "instrument_name": "BTC-26MAR21-17000-C", "index_price": 38572.52, "direction": "sell", "amount": 0.1}, {"trade_seq": 214, "trade_id": "118231144", "timestamp": 1610659252291, "tick_direction": 3, "price": 0.595, "mark_price": 0.59380207, "iv": 146.37, "instrument_name": "BTC-26MAR21-17000-C", "index_price": 38506.19, "direction": "sell", "amount": 0.1}, {"trade_seq": 213, "trade_id": "118231140", "timestamp": 1610659251596, "tick_direction": 3, "price": 0.595, "mark_price": 0.5938248, "iv": 146.4, "instrument_name": "BTC-26MAR21-17000-C", "index_price": 38505.47, "direction": "sell", "amount": 0.1}, {"trade_seq": 212, "trade_id": "118231100", "timestamp": 1610659248270, "tick_direction": 3, "price": 0.595, "mark_price": 0.59389368, "iv": 146.43, "instrument_name": "BTC-26MAR21-17000-C", "index_price": 38503.75, "direction": "sell", "amount": 0.1}, {"trade_seq": 211, "trade_id": "118231058", "timestamp": 1610659244946, "tick_direction": 3, "price": 0.595, "mark_price": 0.59377365, "iv": 146.24, "instrument_name": "BTC-26MAR21-17000-C", "index_price": 38515.14, "direction": "sell", "amount": 0.1}, {"trade_seq": 210, "trade_id": "118231010", "timestamp": 1610659242390, "tick_direction": 3, "price": 0.595, "mark_price": 0.59383141, "iv": 146.36, "instrument_name": "BTC-26MAR21-17000-C", "index_price": 38509.32, "direction": "sell", "amount": 0.1}, {"trade_seq": 209, "trade_id": "118230988", "timestamp": 1610659236318, "tick_direction": 3, "price": 0.595, "mark_price": 0.5941673, "iv": 145.57, "instrument_name": "BTC-26MAR21-17000-C", "index_price": 38529.98, "direction": "sell", "amount": 0.1}, {"trade_seq": 208, "trade_id": "118230960", "timestamp": 1610659234806, "tick_direction": 3, "price": 0.595, "mark_price": 0.59417777, "iv": 145.49, "instrument_name": "BTC-26MAR21-17000-C", "index_price": 38547.45, "direction": "sell", "amount": 0.1}, {"trade_seq": 207, "trade_id": "118230932", "timestamp": 1610659233229, "tick_direction": 2, "price": 0.595, "mark_price": 0.59406218, "iv": 145.58, "instrument_name": "BTC-26MAR21-17000-C", "index_price": 38555.1, "direction": "sell", "amount": 0.1}, {"trade_seq": 206, "trade_id": "118228474", "timestamp": 1610659102057, "tick_direction": 1, "price": 0.598, "mark_price": 0.5975886, "iv": 144.73, "instrument_name": "BTC-26MAR21-17000-C", "index_price": 38928.89, "direction": "sell", "amount": 0.1}, {"trade_seq": 205, "trade_id": "118228470", "timestamp": 1610659099707, "tick_direction": 0, "price": 0.598, "mark_price": 0.59759898, "iv": 144.7, "instrument_name": "BTC-26MAR21-17000-C", "index_price": 38929.12, "direction": "sell", "amount": 0.1}, {"trade_seq": 204, "trade_id": "117372027", "timestamp": 1610461462123, "tick_direction": 2, "price": 0.5365, "mark_price": 0.53774996, "iv": 137.82, "instrument_name": "BTC-26MAR21-17000-C", "index_price": 33360.24, "direction": "sell", "amount": 0.1}, {"trade_seq": 203, "trade_id": "117371872", "timestamp": 1610461448609, "tick_direction": 2, "price": 0.537, "mark_price": 0.53853601, "iv": 137.49, "instrument_name": "BTC-26MAR21-17000-C", "index_price": 33421.16, "direction": "sell", "amount": 0.1}, {"trade_seq": 202, "trade_id": "117350259", "timestamp": 1610459027691, "tick_direction": 2, "price": 0.5435, "mark_price": 0.54298483, "iv": 138.66, "instrument_name": "BTC-26MAR21-17000-C", "index_price": 33873.06, "direction": "sell", "amount": 0.1}, {"trade_seq": 201, "trade_id": "115716535", "timestamp": 1610249048404, "tick_direction": 1, "price": 0.616, "mark_price": 0.61599972, "iv": 149.15, "instrument_name": "BTC-26MAR21-17000-C", "index_price": 40655.81, "direction": "sell", "amount": 0.1}, {"trade_seq": 200, "trade_id": "115716529", "timestamp": 1610249047136, "tick_direction": 0, "price": 0.616, "mark_price": 0.61610271, "iv": 149.01, "instrument_name": "BTC-26MAR21-17000-C", "index_price": 40665.76, "direction": "sell", "amount": 0.1}, {"trade_seq": 199, "trade_id": "115600519", "timestamp": 1610211437446, "tick_direction": 1, "price": 0.603, "mark_price": 0.60178142, "iv": 136.9, "instrument_name": "BTC-26MAR21-17000-C", "index_price": 40063.04, "direction": "sell", "amount": 0.1}, {"trade_seq": 198, "trade_id": "115600517", "timestamp": 1610211437338, "tick_direction": 0, "price": 0.603, "mark_price": 0.60178142, "iv": 136.9, "instrument_name": "BTC-26MAR21-17000-C", "index_price": 40063.04, "direction": "sell", "amount": 0.1}, {"trade_seq": 197, "trade_id": "114465239", "timestamp": 1610035445093, "tick_direction": 0, "price": 0.595, "mark_price": 0.59414313, "iv": 126.47, "instrument_name": "BTC-26MAR21-17000-C", "index_price": 39234.99, "direction": "buy", "amount": 0.1}, {"trade_seq": 196, "trade_id": "113854688", "timestamp": 1609901981143, "tick_direction": 0, "price": 0.538, "mark_price": 0.53091531, "iv": 124.22, "instrument_name": "BTC-26MAR21-17000-C", "index_price": 33936.38, "direction": "buy", "amount": 0.1}, {"trade_seq": 195, "trade_id": "111542778", "timestamp": 1609246662476, "tick_direction": 1, "price": 0.41, "mark_price": 0.40939422, "iv": 85.75, "instrument_name": "BTC-26MAR21-17000-C", "index_price": 26847.92, "direction": "buy", "amount": 0.1}, {"trade_seq": 194, "trade_id": "111542690", "timestamp": 1609246578321, "tick_direction": 0, "price": 0.41, "mark_price": 0.40933024, "iv": 85.85, "instrument_name": "BTC-26MAR21-17000-C", "index_price": 26845.92, "direction": "buy", "amount": 0.1}, {"trade_seq": 193, "trade_id": "109883754", "timestamp": 1608593708576, "tick_direction": 2, "price": 0.327, "mark_price": 0.33324099, "iv": 81.84, "instrument_name": "BTC-26MAR21-17000-C", "index_price": 22947.89, "direction": "sell", "amount": 0.5}, {"trade_seq": 192, "trade_id": "109883190", "timestamp": 1608593698252, "tick_direction": 3, "price": 0.329, "mark_price": 0.33518534, "iv": 81.51, "instrument_name": "BTC-26MAR21-17000-C", "index_price": 23029.39, "direction": "sell", "amount": 0.4}, {"trade_seq": 191, "trade_id": "109883187", "timestamp": 1608593698045, "tick_direction": 2, "price": 0.329, "mark_price": 0.33518534, "iv": 81.51, "instrument_name": "BTC-26MAR21-17000-C", "index_price": 23032.78, "direction": "sell", "amount": 0.1}, {"trade_seq": 190, "trade_id": "109253163", "timestamp": 1608333439692, "tick_direction": 2, "price": 0.33, "mark_price": 0.33121038, "iv": 79.93, "instrument_name": "BTC-26MAR21-17000-C", "index_price": 22955.44, "direction": "sell", "amount": 0.9}, {"trade_seq": 189, "trade_id": "108859364", "timestamp": 1608212627478, "tick_direction": 1, "price": 0.338, "mark_price": 0.33843792, "iv": 80.55, "instrument_name": "BTC-26MAR21-17000-C", "index_price": 23224.76, "direction": "sell", "amount": 1.8}, {"trade_seq": 188, "trade_id": "108859277", "timestamp": 1608212596687, "tick_direction": 0, "price": 0.338, "mark_price": 0.33815663, "iv": 80.78, "instrument_name": "BTC-26MAR21-17000-C", "index_price": 23214.89, "direction": "sell", "amount": 1.8}, {"trade_seq": 187, "trade_id": "108791648", "timestamp": 1608198001536, "tick_direction": 2, "price": 0.316, "mark_price": 0.32294451, "iv": 74.16, "instrument_name": "BTC-26MAR21-17000-C", "index_price": 22680.71, "direction": "buy", "amount": 0.2}, {"trade_seq": 186, "trade_id": "108787768", "timestamp": 1608197936960, "tick_direction": 2, "price": 0.322, "mark_price": 0.33111414, "iv": 72.45, "instrument_name": "BTC-26MAR21-17000-C", "index_price": 23044.93, "direction": "buy", "amount": 2.5}, {"trade_seq": 185, "trade_id": "108773028", "timestamp": 1608196922196, "tick_direction": 0, "price": 0.334, "mark_price": 0.33858272, "iv": 74.97, "instrument_name": "BTC-26MAR21-17000-C", "index_price": 23426.37, "direction": "buy", "amount": 0.1}, {"trade_seq": 184, "trade_id": "108741535", "timestamp": 1608193843851, "tick_direction": 0, "price": 0.3185, "mark_price": 0.32342744, "iv": 75.11, "instrument_name": "BTC-26MAR21-17000-C", "index_price": 22762.16, "direction": "buy", "amount": 0.2}, {"trade_seq": 183, "trade_id": "108719090", "timestamp": 1608188156088, "tick_direction": 2, "price": 0.3005, "mark_price": 0.30922567, "iv": 71.99, "instrument_name": "BTC-26MAR21-17000-C", "index_price": 22171.76, "direction": "sell", "amount": 0.1}, {"trade_seq": 182, "trade_id": "108702385", "timestamp": 1608184306844, "tick_direction": 1, "price": 0.3015, "mark_price": 0.30610569, "iv": 73.79, "instrument_name": "BTC-26MAR21-17000-C", "index_price": 22116.22, "direction": "sell", "amount": 0.1}, {"trade_seq": 181, "trade_id": "108702384", "timestamp": 1608184306793, "tick_direction": 1, "price": 0.3015, "mark_price": 0.30610569, "iv": 73.79, "instrument_name": "BTC-26MAR21-17000-C", "index_price": 22116.22, "direction": "sell", "amount": 0.2}, {"trade_seq": 180, "trade_id": "108701817", "timestamp": 1608184160930, "tick_direction": 0, "price": 0.3015, "mark_price": 0.30610091, "iv": 73.74, "instrument_name": "BTC-26MAR21-17000-C", "index_price": 22119.49, "direction": "sell", "amount": 0.1}, {"trade_seq": 179, "trade_id": "108698823", "timestamp": 1608183453340, "tick_direction": 0, "price": 0.299, "mark_price": 0.3021058, "iv": 73.74, "instrument_name": "BTC-26MAR21-17000-C", "index_price": 22020.39, "direction": "buy", "amount": 0.2}, {"trade_seq": 178, "trade_id": "108698379", "timestamp": 1608183272032, "tick_direction": 1, "price": 0.298, "mark_price": 0.30107518, "iv": 73.76, "instrument_name": "BTC-26MAR21-17000-C", "index_price": 21981.79, "direction": "sell", "amount": 3.8}, {"trade_seq": 177, "trade_id": "108698376", "timestamp": 1608183271624, "tick_direction": 1, "price": 0.298, "mark_price": 0.30107518, "iv": 73.76, "instrument_name": "BTC-26MAR21-17000-C", "index_price": 21981.79, "direction": "sell", "amount": 0.2}, {"trade_seq": 176, "trade_id": "108698375", "timestamp": 1608183271619, "tick_direction": 0, "price": 0.298, "mark_price": 0.30107518, "iv": 73.76, "instrument_name": "BTC-26MAR21-17000-C", "index_price": 21981.79, "direction": "sell", "amount": 16.0}, {"trade_seq": 175, "trade_id": "108590167", "timestamp": 1608157289537, "tick_direction": 0, "price": 0.287, "mark_price": 0.2884199, "iv": 73.55, "instrument_name": "BTC-26MAR21-17000-C", "index_price": 21451.55, "direction": "buy", "amount": 0.2}, {"trade_seq": 174, "trade_id": "108459269", "timestamp": 1608127952635, "tick_direction": 0, "price": 0.2635, "mark_price": 0.26635881, "iv": 71.45, "instrument_name": "BTC-26MAR21-17000-C", "index_price": 20647.77, "direction": "buy", "amount": 0.2}, {"trade_seq": 173, "trade_id": "108443953", "timestamp": 1608126776215, "tick_direction": 0, "price": 0.2555, "mark_price": 0.25843773, "iv": 72.23, "instrument_name": "BTC-26MAR21-17000-C", "index_price": 20338.1, "direction": "buy", "amount": 0.2}, {"trade_seq": 172, "trade_id": "108434270", "timestamp": 1608126337326, "tick_direction": 0, "price": 0.2545, "mark_price": 0.25919457, "iv": 70.79, "instrument_name": "BTC-26MAR21-17000-C", "index_price": 20337.06, "direction": "buy", "amount": 0.2}, {"trade_seq": 171, "trade_id": "108388810", "timestamp": 1608117477304, "tick_direction": 0, "price": 0.231, "mark_price": 0.24127695, "iv": 67.24, "instrument_name": "BTC-26MAR21-17000-C", "index_price": 19732.09, "direction": "buy", "amount": 2.5}, {"trade_seq": 170, "trade_id": "108267295", "timestamp": 1608055814974, "tick_direction": 0, "price": 0.225, "mark_price": 0.23031238, "iv": 69.54, "instrument_name": "BTC-26MAR21-17000-C", "index_price": 19417.07, "direction": "buy", "amount": 2.5}, {"trade_seq": 169, "trade_id": "108193765", "timestamp": 1608017433158, "tick_direction": 2, "price": 0.2205, "mark_price": 0.22241276, "iv": 71.45, "instrument_name": "BTC-26MAR21-17000-C", "index_price": 19171.67, "direction": "buy", "amount": 0.1}, {"trade_seq": 168, "trade_id": "107912404", "timestamp": 1607863025284, "tick_direction": 0, "price": 0.225, "mark_price": 0.229291, "iv": 70.68, "instrument_name": "BTC-26MAR21-17000-C", "index_price": 19353.97, "direction": "buy", "amount": 0.2}, {"trade_seq": 167, "trade_id": "107910394", "timestamp": 1607861920522, "tick_direction": 0, "price": 0.222, "mark_price": 0.22616623, "iv": 70.26, "instrument_name": "BTC-26MAR21-17000-C", "index_price": 19275.54, "direction": "buy", "amount": 0.2}, {"trade_seq": 166, "trade_id": "107875369", "timestamp": 1607846517875, "tick_direction": 2, "price": 0.194, "mark_price": 0.22385579, "iv": 54.73, "instrument_name": "BTC-26MAR21-17000-C", "index_price": 19279.03, "direction": "sell", "amount": 0.4}, {"trade_seq": 165, "trade_id": "107819855", "timestamp": 1607814366027, "tick_direction": 0, "price": 0.208, "mark_price": 0.21018875, "iv": 70.9, "instrument_name": "BTC-26MAR21-17000-C", "index_price": 18817.77, "direction": "sell", "amount": 2.3}, {"trade_seq": 164, "trade_id": "107819854", "timestamp": 1607814366025, "tick_direction": 0, "price": 0.206, "mark_price": 0.21018875, "iv": 69.82, "instrument_name": "BTC-26MAR21-17000-C", "index_price": 18817.77, "direction": "buy", "amount": 0.2}, {"trade_seq": 163, "trade_id": "107802224", "timestamp": 1607802442209, "tick_direction": 0, "price": 0.2035, "mark_price": 0.20799725, "iv": 69.02, "instrument_name": "BTC-26MAR21-17000-C", "index_price": 18777.23, "direction": "buy", "amount": 0.2}, {"trade_seq": 162, "trade_id": "107677185", "timestamp": 1607707880042, "tick_direction": 2, "price": 0.18, "mark_price": 0.18059769, "iv": 69.02, "instrument_name": "BTC-26MAR21-17000-C", "index_price": 17882.97, "direction": "sell", "amount": 2.5}, {"trade_seq": 161, "trade_id": "107661899", "timestamp": 1607701211187, "tick_direction": 0, "price": 0.183, "mark_price": 0.18343764, "iv": 68.55, "instrument_name": "BTC-26MAR21-17000-C", "index_price": 18040.62, "direction": "sell", "amount": 2.5}, {"trade_seq": 160, "trade_id": "107487993", "timestamp": 1607650303033, "tick_direction": 2, "price": 0.182, "mark_price": 0.18279832, "iv": 70.58, "instrument_name": "BTC-26MAR21-17000-C", "index_price": 17835.65, "direction": "sell", "amount": 0.1}, {"trade_seq": 159, "trade_id": "107478891", "timestamp": 1607648511780, "tick_direction": 3, "price": 0.184, "mark_price": 0.18525625, "iv": 70.41, "instrument_name": "BTC-26MAR21-17000-C", "index_price": 17911.32, "direction": "sell", "amount": 0.2}, {"trade_seq": 158, "trade_id": "107478890", "timestamp": 1607648511780, "tick_direction": 2, "price": 0.184, "mark_price": 0.18525625, "iv": 70.41, "instrument_name": "BTC-26MAR21-17000-C", "index_price": 17911.32, "direction": "sell", "amount": 0.1}, {"trade_seq": 157, "trade_id": "107475623", "timestamp": 1607648016737, "tick_direction": 2, "price": 0.186, "mark_price": 0.1865845, "iv": 70.76, "instrument_name": "BTC-26MAR21-17000-C", "index_price": 17967.85, "direction": "sell", "amount": 0.1}, {"trade_seq": 156, "trade_id": "107474135", "timestamp": 1607647854291, "tick_direction": 2, "price": 0.188, "mark_price": 0.18848719, "iv": 70.8, "instrument_name": "BTC-26MAR21-17000-C", "index_price": 18039.56, "direction": "sell", "amount": 0.1}, {"trade_seq": 155, "trade_id": "107469031", "timestamp": 1607646561577, "tick_direction": 0, "price": 0.19, "mark_price": 0.19095487, "iv": 70.85, "instrument_name": "BTC-26MAR21-17000-C", "index_price": 18114.28, "direction": "sell", "amount": 0.1}, {"trade_seq": 154, "trade_id": "107401997", "timestamp": 1607613115339, "tick_direction": 2, "price": 0.184, "mark_price": 0.18441042, "iv": 69.9, "instrument_name": "BTC-26MAR21-17000-C", "index_price": 17957.04, "direction": "sell", "amount": 0.1}, {"trade_seq": 153, "trade_id": "107399832", "timestamp": 1607612951158, "tick_direction": 2, "price": 0.186, "mark_price": 0.18629705, "iv": 69.88, "instrument_name": "BTC-26MAR21-17000-C", "index_price": 18032.25, "direction": "sell", "amount": 0.1}, {"trade_seq": 152, "trade_id": "107376457", "timestamp": 1607605788654, "tick_direction": 2, "price": 0.188, "mark_price": 0.18811577, "iv": 69.96, "instrument_name": "BTC-26MAR21-17000-C", "index_price": 18101.2, "direction": "sell", "amount": 0.1}, {"trade_seq": 151, "trade_id": "107359127", "timestamp": 1607597089563, "tick_direction": 2, "price": 0.19, "mark_price": 0.18949019, "iv": 69.65, "instrument_name": "BTC-26MAR21-17000-C", "index_price": 18176.66, "direction": "sell", "amount": 0.1}, {"trade_seq": 150, "trade_id": "107357733", "timestamp": 1607596010623, "tick_direction": 2, "price": 0.191, "mark_price": 0.19085373, "iv": 69.78, "instrument_name": "BTC-26MAR21-17000-C", "index_price": 18200.66, "direction": "sell", "amount": 0.1}, {"trade_seq": 149, "trade_id": "107351003", "timestamp": 1607593448180, "tick_direction": 0, "price": 0.192, "mark_price": 0.19349172, "iv": 69.2, "instrument_name": "BTC-26MAR21-17000-C", "index_price": 18283.88, "direction": "sell", "amount": 0.1}, {"trade_seq": 148, "trade_id": "107157360", "timestamp": 1607502759187, "tick_direction": 2, "price": 0.182, "mark_price": 0.18133336, "iv": 71.11, "instrument_name": "BTC-26MAR21-17000-C", "index_price": 17694.56, "direction": "sell", "amount": 0.1}, {"trade_seq": 147, "trade_id": "107156735", "timestamp": 1607502721715, "tick_direction": 2, "price": 0.183, "mark_price": 0.18224534, "iv": 71.12, "instrument_name": "BTC-26MAR21-17000-C", "index_price": 17733.3, "direction": "sell", "amount": 0.1}, {"trade_seq": 146, "trade_id": "107156000", "timestamp": 1607502669170, "tick_direction": 2, "price": 0.184, "mark_price": 0.1831973, "iv": 71.17, "instrument_name": "BTC-26MAR21-17000-C", "index_price": 17769.73, "direction": "sell", "amount": 0.1}, {"trade_seq": 145, "trade_id": "107138423", "timestamp": 1607500428147, "tick_direction": 2, "price": 0.185, "mark_price": 0.18608376, "iv": 70.17, "instrument_name": "BTC-26MAR21-17000-C", "index_price": 17894.33, "direction": "sell", "amount": 0.1}, {"trade_seq": 144, "trade_id": "107134725", "timestamp": 1607500266757, "tick_direction": 2, "price": 0.1875, "mark_price": 0.18868241, "iv": 70.15, "instrument_name": "BTC-26MAR21-17000-C", "index_price": 17989.27, "direction": "sell", "amount": 0.1}, {"trade_seq": 143, "trade_id": "107133343", "timestamp": 1607500217032, "tick_direction": 2, "price": 0.19, "mark_price": 0.19033547, "iv": 70.61, "instrument_name": "BTC-26MAR21-17000-C", "index_price": 18047.7, "direction": "sell", "amount": 0.1}, {"trade_seq": 142, "trade_id": "107054889", "timestamp": 1607476452357, "tick_direction": 2, "price": 0.1925, "mark_price": 0.19292336, "iv": 71.41, "instrument_name": "BTC-26MAR21-17000-C", "index_price": 18062.5, "direction": "sell", "amount": 0.1}, {"trade_seq": 141, "trade_id": "107051837", "timestamp": 1607476202344, "tick_direction": 2, "price": 0.195, "mark_price": 0.19562917, "iv": 71.27, "instrument_name": "BTC-26MAR21-17000-C", "index_price": 18163.81, "direction": "sell", "amount": 0.1}, {"trade_seq": 140, "trade_id": "107029385", "timestamp": 1607470872136, "tick_direction": 2, "price": 0.197, "mark_price": 0.20165888, "iv": 69.27, "instrument_name": "BTC-26MAR21-17000-C", "index_price": 18361.4, "direction": "buy", "amount": 0.4}, {"trade_seq": 139, "trade_id": "107028084", "timestamp": 1607470586361, "tick_direction": 0, "price": 0.198, "mark_price": 0.20164345, "iv": 69.78, "instrument_name": "BTC-26MAR21-17000-C", "index_price": 18362.6, "direction": "buy", "amount": 0.5}, {"trade_seq": 138, "trade_id": "107014270", "timestamp": 1607468853364, "tick_direction": 2, "price": 0.1975, "mark_price": 0.20017108, "iv": 71.07, "instrument_name": "BTC-26MAR21-17000-C", "index_price": 18231.0, "direction": "sell", "amount": 0.1}, {"trade_seq": 137, "trade_id": "107003782", "timestamp": 1607468400345, "tick_direction": 2, "price": 0.2, "mark_price": 0.20522358, "iv": 70.96, "instrument_name": "BTC-26MAR21-17000-C", "index_price": 18349.79, "direction": "sell", "amount": 0.1}, {"trade_seq": 136, "trade_id": "107002386", "timestamp": 1607468385305, "tick_direction": 2, "price": 0.2025, "mark_price": 0.20756736, "iv": 71.1, "instrument_name": "BTC-26MAR21-17000-C", "index_price": 18427.78, "direction": "sell", "amount": 0.1}, {"trade_seq": 135, "trade_id": "107001142", "timestamp": 1607468371057, "tick_direction": 2, "price": 0.205, "mark_price": 0.20962754, "iv": 71.17, "instrument_name": "BTC-26MAR21-17000-C", "index_price": 18499.29, "direction": "sell", "amount": 0.1}, {"trade_seq": 134, "trade_id": "107001131", "timestamp": 1607468370970, "tick_direction": 2, "price": 0.2055, "mark_price": 0.20962754, "iv": 71.43, "instrument_name": "BTC-26MAR21-17000-C", "index_price": 18499.29, "direction": "sell", "amount": 0.2}, {"trade_seq": 133, "trade_id": "106998891", "timestamp": 1607468237398, "tick_direction": 2, "price": 0.2075, "mark_price": 0.21099793, "iv": 71.66, "instrument_name": "BTC-26MAR21-17000-C", "index_price": 18570.33, "direction": "sell", "amount": 0.1}, {"trade_seq": 132, "trade_id": "106993384", "timestamp": 1607466922011, "tick_direction": 2, "price": 0.21, "mark_price": 0.21408895, "iv": 71.23, "instrument_name": "BTC-26MAR21-17000-C", "index_price": 18669.38, "direction": "sell", "amount": 0.1}, {"trade_seq": 131, "trade_id": "106901721", "timestamp": 1607425286112, "tick_direction": 2, "price": 0.214, "mark_price": 0.21823773, "iv": 72.17, "instrument_name": "BTC-26MAR21-17000-C", "index_price": 18773.77, "direction": "sell", "amount": 0.2}, {"trade_seq": 130, "trade_id": "106869907", "timestamp": 1607420141115, "tick_direction": 2, "price": 0.221, "mark_price": 0.22427213, "iv": 72.28, "instrument_name": "BTC-26MAR21-17000-C", "index_price": 18992.68, "direction": "sell", "amount": 0.2}, {"trade_seq": 129, "trade_id": "106761040", "timestamp": 1607365132174, "tick_direction": 0, "price": 0.223, "mark_price": 0.22850865, "iv": 71.98, "instrument_name": "BTC-26MAR21-17000-C", "index_price": 19049.93, "direction": "sell", "amount": 0.2}, {"trade_seq": 128, "trade_id": "106439625", "timestamp": 1607122670356, "tick_direction": 2, "price": 0.215, "mark_price": 0.21928519, "iv": 73.73, "instrument_name": "BTC-26MAR21-17000-C", "index_price": 18618.85, "direction": "sell", "amount": 0.2}, {"trade_seq": 127, "trade_id": "106426329", "timestamp": 1607118649444, "tick_direction": 2, "price": 0.2205, "mark_price": 0.22589186, "iv": 73.37, "instrument_name": "BTC-26MAR21-17000-C", "index_price": 18825.28, "direction": "sell", "amount": 0.2}, {"trade_seq": 126, "trade_id": "106340100", "timestamp": 1607082958176, "tick_direction": 2, "price": 0.227, "mark_price": 0.23143586, "iv": 75.46, "instrument_name": "BTC-26MAR21-17000-C", "index_price": 18887.9, "direction": "sell", "amount": 0.2}, {"trade_seq": 125, "trade_id": "106339545", "timestamp": 1607082878430, "tick_direction": 2, "price": 0.228, "mark_price": 0.23211931, "iv": 75.57, "instrument_name": "BTC-26MAR21-17000-C", "index_price": 18919.99, "direction": "sell", "amount": 0.4}, {"trade_seq": 124, "trade_id": "106263338", "timestamp": 1607054167496, "tick_direction": 0, "price": 0.2355, "mark_price": 0.23850122, "iv": 75.73, "instrument_name": "BTC-26MAR21-17000-C", "index_price": 19180.21, "direction": "sell", "amount": 0.2}, {"trade_seq": 123, "trade_id": "106232380", "timestamp": 1607034889481, "tick_direction": 2, "price": 0.2345, "mark_price": 0.24710685, "iv": 70.41, "instrument_name": "BTC-26MAR21-17000-C", "index_price": 19475.04, "direction": "sell", "amount": 1.8}, {"trade_seq": 122, "trade_id": "106232379", "timestamp": 1607034889481, "tick_direction": 0, "price": 0.237, "mark_price": 0.24710685, "iv": 71.78, "instrument_name": "BTC-26MAR21-17000-C", "index_price": 19475.04, "direction": "sell", "amount": 0.2}, {"trade_seq": 121, "trade_id": "106228305", "timestamp": 1607029960618, "tick_direction": 2, "price": 0.236, "mark_price": 0.24449351, "iv": 72.49, "instrument_name": "BTC-26MAR21-17000-C", "index_price": 19397.87, "direction": "sell", "amount": 0.2}, {"trade_seq": 120, "trade_id": "106214729", "timestamp": 1607019117253, "tick_direction": 0, "price": 0.2485, "mark_price": 0.24259675, "iv": 79.28, "instrument_name": "BTC-26MAR21-17000-C", "index_price": 19378.52, "direction": "buy", "amount": 0.5}, {"trade_seq": 119, "trade_id": "106137619", "timestamp": 1606992833500, "tick_direction": 0, "price": 0.2425, "mark_price": 0.24536359, "iv": 75.31, "instrument_name": "BTC-26MAR21-17000-C", "index_price": 19386.18, "direction": "sell", "amount": 0.2}, {"trade_seq": 118, "trade_id": "106066762", "timestamp": 1606967035146, "tick_direction": 2, "price": 0.232, "mark_price": 0.23693952, "iv": 73.17, "instrument_name": "BTC-26MAR21-17000-C", "index_price": 19181.73, "direction": "buy", "amount": 4.9}, {"trade_seq": 117, "trade_id": "105932807", "timestamp": 1606917366563, "tick_direction": 1, "price": 0.235, "mark_price": 0.23941792, "iv": 74.48, "instrument_name": "BTC-26MAR21-17000-C", "index_price": 19130.83, "direction": "buy", "amount": 5.0}, {"trade_seq": 116, "trade_id": "105875940", "timestamp": 1606904814742, "tick_direction": 0, "price": 0.235, "mark_price": 0.23861088, "iv": 74.38, "instrument_name": "BTC-26MAR21-17000-C", "index_price": 19132.07, "direction": "buy", "amount": 0.3}, {"trade_seq": 115, "trade_id": "105517761", "timestamp": 1606825761381, "tick_direction": 2, "price": 0.225, "mark_price": 0.2372605, "iv": 73.52, "instrument_name": "BTC-26MAR21-17000-C", "index_price": 18792.11, "direction": "buy", "amount": 0.1}, {"trade_seq": 114, "trade_id": "105467895", "timestamp": 1606822002262, "tick_direction": 0, "price": 0.242, "mark_price": 0.24960963, "iv": 74.89, "instrument_name": "BTC-26MAR21-17000-C", "index_price": 19268.14, "direction": "buy", "amount": 0.2}, {"trade_seq": 113, "trade_id": "105467218", "timestamp": 1606821985579, "tick_direction": 0, "price": 0.238, "mark_price": 0.2463085, "iv": 73.81, "instrument_name": "BTC-26MAR21-17000-C", "index_price": 19200.24, "direction": "buy", "amount": 0.2}, {"trade_seq": 112, "trade_id": "105415699", "timestamp": 1606810594501, "tick_direction": 2, "price": 0.2375, "mark_price": 0.25532522, "iv": 68.28, "instrument_name": "BTC-26MAR21-17000-C", "index_price": 19551.18, "direction": "sell", "amount": 0.1}, {"trade_seq": 111, "trade_id": "105379518", "timestamp": 1606795147611, "tick_direction": 2, "price": 0.2465, "mark_price": 0.25079961, "iv": 75.28, "instrument_name": "BTC-26MAR21-17000-C", "index_price": 19449.61, "direction": "sell", "amount": 0.2}, {"trade_seq": 110, "trade_id": "105344125", "timestamp": 1606781173612, "tick_direction": 2, "price": 0.249, "mark_price": 0.2524545, "iv": 75.58, "instrument_name": "BTC-26MAR21-17000-C", "index_price": 19536.14, "direction": "buy", "amount": 0.2}, {"trade_seq": 109, "trade_id": "105340586", "timestamp": 1606780546591, "tick_direction": 0, "price": 0.2525, "mark_price": 0.25625434, "iv": 75.06, "instrument_name": "BTC-26MAR21-17000-C", "index_price": 19707.53, "direction": "buy", "amount": 0.2}, {"trade_seq": 108, "trade_id": "105267067", "timestamp": 1606756030692, "tick_direction": 2, "price": 0.2315, "mark_price": 0.236282, "iv": 73.09, "instrument_name": "BTC-26MAR21-17000-C", "index_price": 19048.02, "direction": "sell", "amount": 0.2}, {"trade_seq": 107, "trade_id": "105225816", "timestamp": 1606750421970, "tick_direction": 2, "price": 0.238, "mark_price": 0.24125139, "iv": 73.72, "instrument_name": "BTC-26MAR21-17000-C", "index_price": 19229.8, "direction": "sell", "amount": 0.2}, {"trade_seq": 106, "trade_id": "105215244", "timestamp": 1606749645233, "tick_direction": 0, "price": 0.25, "mark_price": 0.25504437, "iv": 73.07, "instrument_name": "BTC-26MAR21-17000-C", "index_price": 19766.35, "direction": "buy", "amount": 1.0}, {"trade_seq": 105, "trade_id": "105205026", "timestamp": 1606748113309, "tick_direction": 0, "price": 0.2205, "mark_price": 0.25108198, "iv": 57.72, "instrument_name": "BTC-26MAR21-17000-C", "index_price": 19703.56, "direction": "sell", "amount": 1.5}, {"trade_seq": 104, "trade_id": "105134987", "timestamp": 1606740968395, "tick_direction": 0, "price": 0.2165, "mark_price": 0.22589528, "iv": 69.89, "instrument_name": "BTC-26MAR21-17000-C", "index_price": 18803.16, "direction": "sell", "amount": 1.5}, {"trade_seq": 103, "trade_id": "105033555", "timestamp": 1606698733498, "tick_direction": 0, "price": 0.2105, "mark_price": 0.21332617, "iv": 71.21, "instrument_name": "BTC-26MAR21-17000-C", "index_price": 18457.9, "direction": "buy", "amount": 0.1}, {"trade_seq": 102, "trade_id": "104827531", "timestamp": 1606608923792, "tick_direction": 0, "price": 0.181, "mark_price": 0.18514392, "iv": 67.05, "instrument_name": "BTC-26MAR21-17000-C", "index_price": 17686.83, "direction": "sell", "amount": 0.1}, {"trade_seq": 101, "trade_id": "104827439", "timestamp": 1606608854525, "tick_direction": 0, "price": 0.1805, "mark_price": 0.18484178, "iv": 66.98, "instrument_name": "BTC-26MAR21-17000-C", "index_price": 17669.28, "direction": "sell", "amount": 0.1}, {"trade_seq": 100, "trade_id": "104722311", "timestamp": 1606574607384, "tick_direction": 0, "price": 0.177, "mark_price": 0.17754399, "iv": 69.06, "instrument_name": "BTC-26MAR21-17000-C", "index_price": 17350.87, "direction": "buy", "amount": 21.1}, {"trade_seq": 99, "trade_id": "104720909", "timestamp": 1606573975377, "tick_direction": 3, "price": 0.1725, "mark_price": 0.17623843, "iv": 67.84, "instrument_name": "BTC-26MAR21-17000-C", "index_price": 17283.19, "direction": "buy", "amount": 11.1}, {"trade_seq": 98, "trade_id": "104720900", "timestamp": 1606573973680, "tick_direction": 2, "price": 0.1725, "mark_price": 0.17623499, "iv": 67.84, "instrument_name": "BTC-26MAR21-17000-C", "index_price": 17282.84, "direction": "buy", "amount": 10.0}, {"trade_seq": 97, "trade_id": "104665726", "timestamp": 1606547015838, "tick_direction": 0, "price": 0.1735, "mark_price": 0.17227428, "iv": 70.9, "instrument_name": "BTC-26MAR21-17000-C", "index_price": 17059.65, "direction": "buy", "amount": 0.1}, {"trade_seq": 96, "trade_id": "104665069", "timestamp": 1606546405193, "tick_direction": 2, "price": 0.1715, "mark_price": 0.1692487, "iv": 70.69, "instrument_name": "BTC-26MAR21-17000-C", "index_price": 17002.02, "direction": "buy", "amount": 0.1}, {"trade_seq": 95, "trade_id": "104486277", "timestamp": 1606480275857, "tick_direction": 1, "price": 0.1735, "mark_price": 0.17389087, "iv": 72.25, "instrument_name": "BTC-26MAR21-17000-C", "index_price": 16927.57, "direction": "buy", "amount": 0.1}, {"trade_seq": 94, "trade_id": "104486276", "timestamp": 1606480275857, "tick_direction": 1, "price": 0.1735, "mark_price": 0.17389087, "iv": 72.25, "instrument_name": "BTC-26MAR21-17000-C", "index_price": 16927.57, "direction": "buy", "amount": 0.1}, {"trade_seq": 93, "trade_id": "104486275", "timestamp": 1606480275857, "tick_direction": 1, "price": 0.1735, "mark_price": 0.17389087, "iv": 72.25, "instrument_name": "BTC-26MAR21-17000-C", "index_price": 16927.57, "direction": "buy", "amount": 0.1}, {"trade_seq": 92, "trade_id": "104486274", "timestamp": 1606480275857, "tick_direction": 0, "price": 0.1735, "mark_price": 0.17389087, "iv": 72.25, "instrument_name": "BTC-26MAR21-17000-C", "index_price": 16927.57, "direction": "buy", "amount": 0.1}, {"trade_seq": 91, "trade_id": "104465825", "timestamp": 1606474361818, "tick_direction": 3, "price": 0.171, "mark_price": 0.17187656, "iv": 72.08, "instrument_name": "BTC-26MAR21-17000-C", "index_price": 16830.32, "direction": "buy", "amount": 0.1}, {"trade_seq": 90, "trade_id": "104465824", "timestamp": 1606474361818, "tick_direction": 3, "price": 0.171, "mark_price": 0.17187656, "iv": 72.08, "instrument_name": "BTC-26MAR21-17000-C", "index_price": 16830.32, "direction": "buy", "amount": 0.1}, {"trade_seq": 89, "trade_id": "104465823", "timestamp": 1606474361818, "tick_direction": 3, "price": 0.171, "mark_price": 0.17187656, "iv": 72.08, "instrument_name": "BTC-26MAR21-17000-C", "index_price": 16830.32, "direction": "buy", "amount": 0.1}, {"trade_seq": 88, "trade_id": "104465822", "timestamp": 1606474361818, "tick_direction": 2, "price": 0.171, "mark_price": 0.17187656, "iv": 72.08, "instrument_name": "BTC-26MAR21-17000-C", "index_price": 16830.32, "direction": "buy", "amount": 0.1}, {"trade_seq": 87, "trade_id": "104457504", "timestamp": 1606472526286, "tick_direction": 0, "price": 0.1725, "mark_price": 0.17174017, "iv": 72.45, "instrument_name": "BTC-26MAR21-17000-C", "index_price": 16858.11, "direction": "sell", "amount": 0.2}, {"trade_seq": 86, "trade_id": "104457213", "timestamp": 1606472483900, "tick_direction": 1, "price": 0.171, "mark_price": 0.17172079, "iv": 71.69, "instrument_name": "BTC-26MAR21-17000-C", "index_price": 16863.03, "direction": "buy", "amount": 0.1}, {"trade_seq": 85, "trade_id": "104457212", "timestamp": 1606472483900, "tick_direction": 1, "price": 0.171, "mark_price": 0.17172079, "iv": 71.69, "instrument_name": "BTC-26MAR21-17000-C", "index_price": 16863.03, "direction": "buy", "amount": 0.1}, {"trade_seq": 84, "trade_id": "104457211", "timestamp": 1606472483900, "tick_direction": 1, "price": 0.171, "mark_price": 0.17172079, "iv": 71.69, "instrument_name": "BTC-26MAR21-17000-C", "index_price": 16863.03, "direction": "buy", "amount": 0.1}, {"trade_seq": 83, "trade_id": "104457210", "timestamp": 1606472483900, "tick_direction": 0, "price": 0.171, "mark_price": 0.17172079, "iv": 71.69, "instrument_name": "BTC-26MAR21-17000-C", "index_price": 16863.03, "direction": "buy", "amount": 0.1}, {"trade_seq": 82, "trade_id": "104450318", "timestamp": 1606471307069, "tick_direction": 3, "price": 0.1685, "mark_price": 0.1675331, "iv": 72.5, "instrument_name": "BTC-26MAR21-17000-C", "index_price": 16712.53, "direction": "buy", "amount": 0.1}, {"trade_seq": 81, "trade_id": "104450317", "timestamp": 1606471307069, "tick_direction": 3, "price": 0.1685, "mark_price": 0.1675331, "iv": 72.5, "instrument_name": "BTC-26MAR21-17000-C", "index_price": 16712.53, "direction": "buy", "amount": 0.1}, {"trade_seq": 80, "trade_id": "104450316", "timestamp": 1606471307069, "tick_direction": 3, "price": 0.1685, "mark_price": 0.1675331, "iv": 72.5, "instrument_name": "BTC-26MAR21-17000-C", "index_price": 16712.53, "direction": "buy", "amount": 0.1}, {"trade_seq": 79, "trade_id": "104450315", "timestamp": 1606471307069, "tick_direction": 2, "price": 0.1685, "mark_price": 0.1675331, "iv": 72.5, "instrument_name": "BTC-26MAR21-17000-C", "index_price": 16712.53, "direction": "buy", "amount": 0.1}, {"trade_seq": 78, "trade_id": "104426104", "timestamp": 1606468047064, "tick_direction": 0, "price": 0.183, "mark_price": 0.18138224, "iv": 74.03, "instrument_name": "BTC-26MAR21-17000-C", "index_price": 17132.94, "direction": "buy", "amount": 0.4}, {"trade_seq": 77, "trade_id": "104421550", "timestamp": 1606467782344, "tick_direction": 0, "price": 0.177, "mark_price": 0.17591465, "iv": 72.81, "instrument_name": "BTC-26MAR21-17000-C", "index_price": 17000.74, "direction": "buy", "amount": 0.1}, {"trade_seq": 76, "trade_id": "104420006", "timestamp": 1606467732794, "tick_direction": 3, "price": 0.1735, "mark_price": 0.17285551, "iv": 72.58, "instrument_name": "BTC-26MAR21-17000-C", "index_price": 16884.22, "direction": "buy", "amount": 0.1}, {"trade_seq": 75, "trade_id": "104420005", "timestamp": 1606467732794, "tick_direction": 3, "price": 0.1735, "mark_price": 0.17285551, "iv": 72.58, "instrument_name": "BTC-26MAR21-17000-C", "index_price": 16884.22, "direction": "buy", "amount": 0.1}, {"trade_seq": 74, "trade_id": "104420004", "timestamp": 1606467732794, "tick_direction": 3, "price": 0.1735, "mark_price": 0.17285551, "iv": 72.58, "instrument_name": "BTC-26MAR21-17000-C", "index_price": 16884.22, "direction": "buy", "amount": 0.1}, {"trade_seq": 73, "trade_id": "104420003", "timestamp": 1606467732794, "tick_direction": 2, "price": 0.1735, "mark_price": 0.17285551, "iv": 72.58, "instrument_name": "BTC-26MAR21-17000-C", "index_price": 16884.22, "direction": "buy", "amount": 0.1}, {"trade_seq": 72, "trade_id": "104052701", "timestamp": 1606382144811, "tick_direction": 2, "price": 0.185, "mark_price": 0.18416166, "iv": 75.99, "instrument_name": "BTC-26MAR21-17000-C", "index_price": 16976.53, "direction": "sell", "amount": 1.0}, {"trade_seq": 71, "trade_id": "104052240", "timestamp": 1606382038329, "tick_direction": 2, "price": 0.1915, "mark_price": 0.18297812, "iv": 79.13, "instrument_name": "BTC-26MAR21-17000-C", "index_price": 16947.28, "direction": "buy", "amount": 0.5}, {"trade_seq": 70, "trade_id": "104038045", "timestamp": 1606379718622, "tick_direction": 0, "price": 0.193, "mark_price": 0.17490949, "iv": 80.09, "instrument_name": "BTC-26MAR21-17000-C", "index_price": 16877.01, "direction": "buy", "amount": 0.5}, {"trade_seq": 69, "trade_id": "104036482", "timestamp": 1606379672443, "tick_direction": 0, "price": 0.19, "mark_price": 0.17490949, "iv": 80.35, "instrument_name": "BTC-26MAR21-17000-C", "index_price": 16768.1, "direction": "buy", "amount": 1.0}, {"trade_seq": 68, "trade_id": "104032994", "timestamp": 1606379583331, "tick_direction": 2, "price": 0.175, "mark_price": 0.17490949, "iv": 74.92, "instrument_name": "BTC-26MAR21-17000-C", "index_price": 16650.88, "direction": "buy", "amount": 0.2}, {"trade_seq": 67, "trade_id": "104020340", "timestamp": 1606379294709, "tick_direction": 2, "price": 0.187, "mark_price": 0.18858211, "iv": 75.01, "instrument_name": "BTC-26MAR21-17000-C", "index_price": 17122.98, "direction": "sell", "amount": 0.2}, {"trade_seq": 66, "trade_id": "103985050", "timestamp": 1606376490599, "tick_direction": 0, "price": 0.2, "mark_price": 0.20053553, "iv": 75.48, "instrument_name": "BTC-26MAR21-17000-C", "index_price": 17618.51, "direction": "sell", "amount": 0.1}, {"trade_seq": 65, "trade_id": "103897153", "timestamp": 1606361544408, "tick_direction": 2, "price": 0.192, "mark_price": 0.19066155, "iv": 76.87, "instrument_name": "BTC-26MAR21-17000-C", "index_price": 17313.89, "direction": "sell", "amount": 0.2}, {"trade_seq": 64, "trade_id": "103852646", "timestamp": 1606357873442, "tick_direction": 2, "price": 0.221, "mark_price": 0.22519024, "iv": 75.88, "instrument_name": "BTC-26MAR21-17000-C", "index_price": 18452.36, "direction": "sell", "amount": 0.2}, {"trade_seq": 63, "trade_id": "103727235", "timestamp": 1606325904635, "tick_direction": 0, "price": 0.238, "mark_price": 0.24099244, "iv": 77.76, "instrument_name": "BTC-26MAR21-17000-C", "index_price": 18931.19, "direction": "buy", "amount": 0.2}, {"trade_seq": 62, "trade_id": "103721944", "timestamp": 1606324635408, "tick_direction": 0, "price": 0.2375, "mark_price": 0.24315291, "iv": 76.25, "instrument_name": "BTC-26MAR21-17000-C", "index_price": 19028.08, "direction": "buy", "amount": 0.2}, {"trade_seq": 61, "trade_id": "103552456", "timestamp": 1606276343089, "tick_direction": 2, "price": 0.235, "mark_price": 0.24058217, "iv": 76.26, "instrument_name": "BTC-26MAR21-17000-C", "index_price": 18884.25, "direction": "sell", "amount": 0.2}, {"trade_seq": 60, "trade_id": "103548113", "timestamp": 1606273979553, "tick_direction": 2, "price": 0.238, "mark_price": 0.24349984, "iv": 76.53, "instrument_name": "BTC-26MAR21-17000-C", "index_price": 18993.22, "direction": "sell", "amount": 0.2}, {"trade_seq": 59, "trade_id": "103541431", "timestamp": 1606270981118, "tick_direction": 3, "price": 0.24, "mark_price": 0.24516836, "iv": 76.71, "instrument_name": "BTC-26MAR21-17000-C", "index_price": 19043.7, "direction": "sell", "amount": 0.1}, {"trade_seq": 58, "trade_id": "103541430", "timestamp": 1606270981118, "tick_direction": 2, "price": 0.24, "mark_price": 0.24516836, "iv": 76.71, "instrument_name": "BTC-26MAR21-17000-C", "index_price": 19043.7, "direction": "sell", "amount": 0.1}, {"trade_seq": 57, "trade_id": "103541060", "timestamp": 1606270725834, "tick_direction": 1, "price": 0.243, "mark_price": 0.24588931, "iv": 77.84, "instrument_name": "BTC-26MAR21-17000-C", "index_price": 19074.81, "direction": "buy", "amount": 0.1}, {"trade_seq": 56, "trade_id": "103539799", "timestamp": 1606269849346, "tick_direction": 1, "price": 0.243, "mark_price": 0.2456979, "iv": 77.85, "instrument_name": "BTC-26MAR21-17000-C", "index_price": 19065.75, "direction": "buy", "amount": 0.1}, {"trade_seq": 55, "trade_id": "103539568", "timestamp": 1606269812335, "tick_direction": 0, "price": 0.243, "mark_price": 0.24556747, "iv": 77.94, "instrument_name": "BTC-26MAR21-17000-C", "index_price": 19058.44, "direction": "buy", "amount": 0.1}, {"trade_seq": 54, "trade_id": "103508441", "timestamp": 1606253037586, "tick_direction": 0, "price": 0.2395, "mark_price": 0.24383395, "iv": 76.86, "instrument_name": "BTC-26MAR21-17000-C", "index_price": 18975.35, "direction": "sell", "amount": 0.2}, {"trade_seq": 53, "trade_id": "102866250", "timestamp": 1606045037617, "tick_direction": 2, "price": 0.2, "mark_price": 0.2009069, "iv": 72.62, "instrument_name": "BTC-26MAR21-17000-C", "index_price": 17831.04, "direction": "sell", "amount": 0.1}, {"trade_seq": 52, "trade_id": "102834248", "timestamp": 1606035617122, "tick_direction": 2, "price": 0.21, "mark_price": 0.20964073, "iv": 73.47, "instrument_name": "BTC-26MAR21-17000-C", "index_price": 18203.71, "direction": "sell", "amount": 0.2}, {"trade_seq": 51, "trade_id": "102593187", "timestamp": 1605921676477, "tick_direction": 0, "price": 0.2265, "mark_price": 0.2294827, "iv": 72.06, "instrument_name": "BTC-26MAR21-17000-C", "index_price": 18869.97, "direction": "buy", "amount": 0.1}, {"trade_seq": 50, "trade_id": "102580694", "timestamp": 1605918280467, "tick_direction": 0, "price": 0.223, "mark_price": 0.22571726, "iv": 71.87, "instrument_name": "BTC-26MAR21-17000-C", "index_price": 18754.14, "direction": "buy", "amount": 0.1}, {"trade_seq": 49, "trade_id": "102389868", "timestamp": 1605861158921, "tick_direction": 1, "price": 0.2, "mark_price": 0.20122158, "iv": 66.54, "instrument_name": "BTC-26MAR21-17000-C", "index_price": 18283.59, "direction": "buy", "amount": 0.1}, {"trade_seq": 48, "trade_id": "102389867", "timestamp": 1605861158921, "tick_direction": 1, "price": 0.2, "mark_price": 0.20122158, "iv": 66.54, "instrument_name": "BTC-26MAR21-17000-C", "index_price": 18283.59, "direction": "buy", "amount": 0.1}, {"trade_seq": 47, "trade_id": "102389866", "timestamp": 1605861158921, "tick_direction": 0, "price": 0.2, "mark_price": 0.20122158, "iv": 66.54, "instrument_name": "BTC-26MAR21-17000-C", "index_price": 18283.59, "direction": "buy", "amount": 0.1}, {"trade_seq": 46, "trade_id": "102187158", "timestamp": 1605792173743, "tick_direction": 0, "price": 0.1945, "mark_price": 0.19761371, "iv": 67.95, "instrument_name": "BTC-26MAR21-17000-C", "index_price": 17910.37, "direction": "buy", "amount": 0.1}, {"trade_seq": 45, "trade_id": "102186454", "timestamp": 1605792081223, "tick_direction": 0, "price": 0.194, "mark_price": 0.19707937, "iv": 68.07, "instrument_name": "BTC-26MAR21-17000-C", "index_price": 17886.29, "direction": "buy", "amount": 0.1}, {"trade_seq": 44, "trade_id": "101829535", "timestamp": 1605684615650, "tick_direction": 2, "price": 0.188, "mark_price": 0.19309443, "iv": 67.33, "instrument_name": "BTC-26MAR21-17000-C", "index_price": 17782.73, "direction": "sell", "amount": 10.0}, {"trade_seq": 43, "trade_id": "101829396", "timestamp": 1605684555545, "tick_direction": 2, "price": 0.1885, "mark_price": 0.19343234, "iv": 67.42, "instrument_name": "BTC-26MAR21-17000-C", "index_price": 17786.9, "direction": "sell", "amount": 10.0}, {"trade_seq": 42, "trade_id": "101693547", "timestamp": 1605659529472, "tick_direction": 2, "price": 0.195, "mark_price": 0.19572742, "iv": 70.03, "instrument_name": "BTC-26MAR21-17000-C", "index_price": 17764.47, "direction": "buy", "amount": 1.0}, {"trade_seq": 41, "trade_id": "101693387", "timestamp": 1605659430043, "tick_direction": 0, "price": 0.1955, "mark_price": 0.19615348, "iv": 70.06, "instrument_name": "BTC-26MAR21-17000-C", "index_price": 17785.7, "direction": "buy", "amount": 2.0}, {"trade_seq": 40, "trade_id": "101684815", "timestamp": 1605655072125, "tick_direction": 2, "price": 0.19, "mark_price": 0.19501666, "iv": 68.55, "instrument_name": "BTC-26MAR21-17000-C", "index_price": 17704.13, "direction": "sell", "amount": 1.0}, {"trade_seq": 39, "trade_id": "101682326", "timestamp": 1605652932114, "tick_direction": 2, "price": 0.1905, "mark_price": 0.19306182, "iv": 70.01, "instrument_name": "BTC-26MAR21-17000-C", "index_price": 17602.9, "direction": "buy", "amount": 0.2}, {"trade_seq": 38, "trade_id": "101673658", "timestamp": 1605647510922, "tick_direction": 1, "price": 0.1925, "mark_price": 0.19348211, "iv": 70.47, "instrument_name": "BTC-26MAR21-17000-C", "index_price": 17642.9, "direction": "sell", "amount": 0.1}, {"trade_seq": 37, "trade_id": "101672397", "timestamp": 1605647042556, "tick_direction": 0, "price": 0.1925, "mark_price": 0.19373253, "iv": 70.24, "instrument_name": "BTC-26MAR21-17000-C", "index_price": 17654.83, "direction": "buy", "amount": 0.2}, {"trade_seq": 36, "trade_id": "101615437", "timestamp": 1605633521774, "tick_direction": 0, "price": 0.18, "mark_price": 0.18589106, "iv": 65.93, "instrument_name": "BTC-26MAR21-17000-C", "index_price": 17512.78, "direction": "sell", "amount": 1.0}, {"trade_seq": 35, "trade_id": "101557906", "timestamp": 1605626306752, "tick_direction": 0, "price": 0.1715, "mark_price": 0.17524001, "iv": 66.16, "instrument_name": "BTC-26MAR21-17000-C", "index_price": 17159.96, "direction": "sell", "amount": 2.0}, {"trade_seq": 34, "trade_id": "101535286", "timestamp": 1605619817922, "tick_direction": 0, "price": 0.171, "mark_price": 0.17072412, "iv": 67.04, "instrument_name": "BTC-26MAR21-17000-C", "index_price": 17035.78, "direction": "buy", "amount": 20.0}, {"trade_seq": 33, "trade_id": "101495500", "timestamp": 1605609230917, "tick_direction": 0, "price": 0.1575, "mark_price": 0.15560634, "iv": 64.77, "instrument_name": "BTC-26MAR21-17000-C", "index_price": 16735.87, "direction": "buy", "amount": 1.0}, {"trade_seq": 32, "trade_id": "101302113", "timestamp": 1605519350491, "tick_direction": 0, "price": 0.142, "mark_price": 0.14004999, "iv": 63.76, "instrument_name": "BTC-26MAR21-17000-C", "index_price": 16212.5, "direction": "buy", "amount": 0.1}, {"trade_seq": 31, "trade_id": "101165343", "timestamp": 1605422381779, "tick_direction": 1, "price": 0.1395, "mark_price": 0.13746608, "iv": 64.44, "instrument_name": "BTC-26MAR21-17000-C", "index_price": 16050.52, "direction": "buy", "amount": 1.9}, {"trade_seq": 30, "trade_id": "101165342", "timestamp": 1605422381779, "tick_direction": 0, "price": 0.1395, "mark_price": 0.13746608, "iv": 64.44, "instrument_name": "BTC-26MAR21-17000-C", "index_price": 16050.52, "direction": "buy", "amount": 0.1}, {"trade_seq": 29, "trade_id": "101108415", "timestamp": 1605374781951, "tick_direction": 2, "price": 0.1335, "mark_price": 0.13203074, "iv": 64.68, "instrument_name": "BTC-26MAR21-17000-C", "index_price": 15840.07, "direction": "buy", "amount": 0.1}, {"trade_seq": 28, "trade_id": "101066323", "timestamp": 1605350312298, "tick_direction": 3, "price": 0.136, "mark_price": 0.13385674, "iv": 64.92, "instrument_name": "BTC-26MAR21-17000-C", "index_price": 15882.98, "direction": "buy", "amount": 0.8}, {"trade_seq": 27, "trade_id": "101066322", "timestamp": 1605350312298, "tick_direction": 3, "price": 0.136, "mark_price": 0.13385674, "iv": 64.92, "instrument_name": "BTC-26MAR21-17000-C", "index_price": 15882.98, "direction": "buy", "amount": 0.1}, {"trade_seq": 26, "trade_id": "101066321", "timestamp": 1605350312298, "tick_direction": 2, "price": 0.136, "mark_price": 0.13385674, "iv": 64.92, "instrument_name": "BTC-26MAR21-17000-C", "index_price": 15882.98, "direction": "buy", "amount": 0.1}, {"trade_seq": 25, "trade_id": "100962798", "timestamp": 1605289674218, "tick_direction": 1, "price": 0.141, "mark_price": 0.14116393, "iv": 62.31, "instrument_name": "BTC-26MAR21-17000-C", "index_price": 16258.17, "direction": "buy", "amount": 0.1}, {"trade_seq": 24, "trade_id": "100962797", "timestamp": 1605289674218, "tick_direction": 0, "price": 0.141, "mark_price": 0.14116393, "iv": 62.31, "instrument_name": "BTC-26MAR21-17000-C", "index_price": 16258.17, "direction": "buy", "amount": 0.1}, {"trade_seq": 23, "trade_id": "100941986", "timestamp": 1605283384859, "tick_direction": 3, "price": 0.14, "mark_price": 0.13984606, "iv": 62.67, "instrument_name": "BTC-26MAR21-17000-C", "index_price": 16169.44, "direction": "buy", "amount": 0.1}, {"trade_seq": 22, "trade_id": "100918937", "timestamp": 1605273607888, "tick_direction": 2, "price": 0.14, "mark_price": 0.14021888, "iv": 61.95, "instrument_name": "BTC-26MAR21-17000-C", "index_price": 16223.44, "direction": "buy", "amount": 0.1}, {"trade_seq": 21, "trade_id": "100917979", "timestamp": 1605273103203, "tick_direction": 1, "price": 0.1405, "mark_price": 0.14050234, "iv": 61.95, "instrument_name": "BTC-26MAR21-17000-C", "index_price": 16242.72, "direction": "buy", "amount": 0.1}, {"trade_seq": 20, "trade_id": "100917978", "timestamp": 1605273103203, "tick_direction": 0, "price": 0.1405, "mark_price": 0.14050234, "iv": 61.95, "instrument_name": "BTC-26MAR21-17000-C", "index_price": 16242.72, "direction": "buy", "amount": 0.1}, {"trade_seq": 19, "trade_id": "100905338", "timestamp": 1605266611631, "tick_direction": 0, "price": 0.1375, "mark_price": 0.13548982, "iv": 61.83, "instrument_name": "BTC-26MAR21-17000-C", "index_price": 16138.23, "direction": "buy", "amount": 12.1}, {"trade_seq": 18, "trade_id": "100905335", "timestamp": 1605266610528, "tick_direction": 3, "price": 0.137, "mark_price": 0.1354937, "iv": 61.62, "instrument_name": "BTC-26MAR21-17000-C", "index_price": 16138.27, "direction": "buy", "amount": 0.1}, {"trade_seq": 17, "trade_id": "100905334", "timestamp": 1605266610528, "tick_direction": 2, "price": 0.137, "mark_price": 0.1354937, "iv": 61.62, "instrument_name": "BTC-26MAR21-17000-C", "index_price": 16138.27, "direction": "buy", "amount": 0.1}, {"trade_seq": 16, "trade_id": "100879972", "timestamp": 1605257268260, "tick_direction": 3, "price": 0.14, "mark_price": 0.14351589, "iv": 61.32, "instrument_name": "BTC-26MAR21-17000-C", "index_price": 16227.13, "direction": "sell", "amount": 10.0}, {"trade_seq": 15, "trade_id": "100879811", "timestamp": 1605257177044, "tick_direction": 2, "price": 0.14, "mark_price": 0.14328699, "iv": 61.55, "instrument_name": "BTC-26MAR21-17000-C", "index_price": 16207.13, "direction": "sell", "amount": 5.0}, {"trade_seq": 14, "trade_id": "100879728", "timestamp": 1605257157854, "tick_direction": 2, "price": 0.1405, "mark_price": 0.14349013, "iv": 61.69, "instrument_name": "BTC-26MAR21-17000-C", "index_price": 16212.16, "direction": "sell", "amount": 10.0}, {"trade_seq": 13, "trade_id": "100879673", "timestamp": 1605257122763, "tick_direction": 2, "price": 0.141, "mark_price": 0.14348128, "iv": 61.94, "instrument_name": "BTC-26MAR21-17000-C", "index_price": 16208.39, "direction": "sell", "amount": 10.0}, {"trade_seq": 12, "trade_id": "100867457", "timestamp": 1605253375081, "tick_direction": 2, "price": 0.145, "mark_price": 0.1464335, "iv": 63.22, "instrument_name": "BTC-26MAR21-17000-C", "index_price": 16267.11, "direction": "sell", "amount": 0.1}, {"trade_seq": 11, "trade_id": "100844140", "timestamp": 1605243768102, "tick_direction": 2, "price": 0.15, "mark_price": 0.14918657, "iv": 63.98, "instrument_name": "BTC-26MAR21-17000-C", "index_price": 16336.67, "direction": "sell", "amount": 0.1}, {"trade_seq": 10, "trade_id": "100840815", "timestamp": 1605242619961, "tick_direction": 2, "price": 0.151, "mark_price": 0.15257164, "iv": 62.87, "instrument_name": "BTC-26MAR21-17000-C", "index_price": 16447.47, "direction": "sell", "amount": 0.8}, {"trade_seq": 9, "trade_id": "100837793", "timestamp": 1605241666179, "tick_direction": 1, "price": 0.1525, "mark_price": 0.15223922, "iv": 64.02, "instrument_name": "BTC-26MAR21-17000-C", "index_price": 16426.42, "direction": "sell", "amount": 0.1}, {"trade_seq": 8, "trade_id": "100837387", "timestamp": 1605241143292, "tick_direction": 0, "price": 0.1525, "mark_price": 0.15133599, "iv": 63.98, "instrument_name": "BTC-26MAR21-17000-C", "index_price": 16433.55, "direction": "buy", "amount": 0.1}, {"trade_seq": 7, "trade_id": "100800472", "timestamp": 1605222994686, "tick_direction": 1, "price": 0.146, "mark_price": 0.14496389, "iv": 63.37, "instrument_name": "BTC-26MAR21-17000-C", "index_price": 16234.92, "direction": "sell", "amount": 1.9}, {"trade_seq": 6, "trade_id": "100800420", "timestamp": 1605222967895, "tick_direction": 1, "price": 0.146, "mark_price": 0.14499579, "iv": 63.31, "instrument_name": "BTC-26MAR21-17000-C", "index_price": 16243.55, "direction": "sell", "amount": 0.5}, {"trade_seq": 5, "trade_id": "100800393", "timestamp": 1605222958791, "tick_direction": 1, "price": 0.146, "mark_price": 0.14497066, "iv": 63.3, "instrument_name": "BTC-26MAR21-17000-C", "index_price": 16244.06, "direction": "sell", "amount": 0.3}, {"trade_seq": 4, "trade_id": "100800370", "timestamp": 1605222958153, "tick_direction": 1, "price": 0.146, "mark_price": 0.14496063, "iv": 63.3, "instrument_name": "BTC-26MAR21-17000-C", "index_price": 16244.16, "direction": "sell", "amount": 22.2}, {"trade_seq": 3, "trade_id": "100800369", "timestamp": 1605222948870, "tick_direction": 0, "price": 0.146, "mark_price": 0.1449471, "iv": 63.3, "instrument_name": "BTC-26MAR21-17000-C", "index_price": 16243.87, "direction": "buy", "amount": 0.1}, {"trade_seq": 2, "trade_id": "100709983", "timestamp": 1605191821324, "tick_direction": 2, "price": 0.132, "mark_price": 0.13302542, "iv": 61.55, "instrument_name": "BTC-26MAR21-17000-C", "index_price": 15876.97, "direction": "sell", "amount": 1.0}, {"trade_seq": 1, "trade_id": "100708289", "timestamp": 1605191630471, "tick_direction": 1, "price": 0.1335, "mark_price": 0.13464435, "iv": 61.47, "instrument_name": "BTC-26MAR21-17000-C", "index_price": 15941.77, "direction": "sell", "amount": 2.8}], "has_more": false}