{"trades": [{"trade_seq": 1177, "trade_id": "237665481", "timestamp": 1670949457885, "tick_direction": 1, "price": 0.0005, "mark_price": 7.702e-05, "iv": 125.44, "instrument_name": "BTC-30DEC22-36000-C", "index_price": 17797.16, "direction": "buy", "amount": 1.0}, {"trade_seq": 1176, "trade_id": "237665480", "timestamp": 1670949457885, "tick_direction": 1, "price": 0.0005, "mark_price": 7.702e-05, "iv": 125.44, "instrument_name": "BTC-30DEC22-36000-C", "index_price": 17797.16, "direction": "buy", "amount": 2.0}, {"trade_seq": 1175, "trade_id": "237595053", "timestamp": 1670883782750, "tick_direction": 1, "price": 0.0005, "mark_price": 5.735e-05, "iv": 128.16, "instrument_name": "BTC-30DEC22-36000-C", "index_price": 17167.73, "direction": "buy", "amount": 0.1}, {"trade_seq": 1174, "trade_id": "237548913", "timestamp": 1670767786703, "tick_direction": 0, "price": 0.0005, "mark_price": 8.908e-05, "iv": 123.72, "instrument_name": "BTC-30DEC22-36000-C", "index_price": 17149.25, "direction": "buy", "amount": 0.5}, {"trade_seq": 1173, "trade_id": "237372609", "timestamp": 1670343889404, "tick_direction": 2, "price": 0.0001, "mark_price": 0.00015288, "iv": 95.76, "instrument_name": "BTC-30DEC22-36000-C", "index_price": 16992.38, "direction": "buy", "combo_id": "BTC-CS-30DEC22-34000_36000", "block_trade_id": "58215", "amount": 40.1}, {"trade_seq": 1172, "trade_id": "237113955", "timestamp": 1669924949079, "tick_direction": 2, "price": 0.0003, "mark_price": 0.00039861, "iv": 96.53, "instrument_name": "BTC-30DEC22-36000-C", "index_price": 16951.39, "direction": "buy", "combo_id": "BTC-CS-30DEC22-28000_36000", "block_trade_id": "57959", "amount": 12.5}, {"trade_seq": 1171, "trade_id": "237037738", "timestamp": 1669852651145, "tick_direction": 0, "price": 0.0006, "mark_price": 0.00067106, "iv": 100.49, "instrument_name": "BTC-30DEC22-36000-C", "index_price": 17167.34, "direction": "sell", "combo_id": "BTC-CS-30DEC22-36000_38000", "block_trade_id": "57864", "amount": 27.6}, {"trade_seq": 1170, "trade_id": "236733174", "timestamp": 1669380810506, "tick_direction": 3, "price": 0.0005, "mark_price": 0.00064663, "iv": 95.07, "instrument_name": "BTC-30DEC22-36000-C", "index_price": 16498.93, "direction": "buy", "amount": 10.0}, {"trade_seq": 1169, "trade_id": "236672866", "timestamp": 1669279628336, "tick_direction": 3, "price": 0.0005, "mark_price": 0.00068317, "iv": 93.4, "instrument_name": "BTC-30DEC22-36000-C", "index_price": 16569.98, "direction": "sell", "amount": 0.1}, {"trade_seq": 1168, "trade_id": "236544044", "timestamp": 1669118003167, "tick_direction": 3, "price": 0.0005, "mark_price": 0.00071898, "iv": 96.46, "instrument_name": "BTC-30DEC22-36000-C", "index_price": 15722.39, "direction": "sell", "amount": 3.0}, {"trade_seq": 1167, "trade_id": "236450815", "timestamp": 1669030648254, "tick_direction": 2, "price": 0.0005, "mark_price": 0.00071643, "iv": 93.2, "instrument_name": "BTC-30DEC22-36000-C", "index_price": 16067.56, "direction": "sell", "amount": 3.0}, {"trade_seq": 1166, "trade_id": "236303936", "timestamp": 1668762428479, "tick_direction": 3, "price": 0.001, "mark_price": 0.00098042, "iv": 92.51, "instrument_name": "BTC-30DEC22-36000-C", "index_price": 16727.88, "direction": "sell", "amount": 0.6}, {"trade_seq": 1165, "trade_id": "236302824", "timestamp": 1668761110382, "tick_direction": 3, "price": 0.001, "mark_price": 0.00121508, "iv": 92.61, "instrument_name": "BTC-30DEC22-36000-C", "index_price": 16715.93, "direction": "sell", "amount": 13.3}, {"trade_seq": 1164, "trade_id": "236233125", "timestamp": 1668694251330, "tick_direction": 3, "price": 0.001, "mark_price": 0.00122898, "iv": 93.39, "instrument_name": "BTC-30DEC22-36000-C", "index_price": 16467.8, "direction": "sell", "amount": 12.9}, {"trade_seq": 1163, "trade_id": "236233124", "timestamp": 1668694251330, "tick_direction": 3, "price": 0.001, "mark_price": 0.00122898, "iv": 93.39, "instrument_name": "BTC-30DEC22-36000-C", "index_price": 16467.8, "direction": "sell", "amount": 7.1}, {"trade_seq": 1162, "trade_id": "236209428", "timestamp": 1668664119048, "tick_direction": 2, "price": 0.001, "mark_price": 0.00140257, "iv": 92.59, "instrument_name": "BTC-30DEC22-36000-C", "index_price": 16542.76, "direction": "sell", "amount": 1.0}, {"trade_seq": 1161, "trade_id": "236173640", "timestamp": 1668616249690, "tick_direction": 3, "price": 0.0015, "mark_price": 0.00143901, "iv": 97.31, "instrument_name": "BTC-30DEC22-36000-C", "index_price": 16423.04, "direction": "buy", "amount": 0.1}, {"trade_seq": 1160, "trade_id": "236171244", "timestamp": 1668614841756, "tick_direction": 3, "price": 0.0015, "mark_price": 0.00154868, "iv": 97.32, "instrument_name": "BTC-30DEC22-36000-C", "index_price": 16421.17, "direction": "buy", "amount": 0.1}, {"trade_seq": 1159, "trade_id": "236112487", "timestamp": 1668587353956, "tick_direction": 3, "price": 0.0015, "mark_price": 0.00119013, "iv": 94.79, "instrument_name": "BTC-30DEC22-36000-C", "index_price": 16769.04, "direction": "buy", "amount": 2.9}, {"trade_seq": 1158, "trade_id": "236112486", "timestamp": 1668587353956, "tick_direction": 3, "price": 0.0015, "mark_price": 0.00119013, "iv": 94.79, "instrument_name": "BTC-30DEC22-36000-C", "index_price": 16769.04, "direction": "buy", "amount": 0.1}, {"trade_seq": 1157, "trade_id": "235837017", "timestamp": 1668422768466, "tick_direction": 2, "price": 0.0015, "mark_price": 0.00140333, "iv": 92.65, "instrument_name": "BTC-30DEC22-36000-C", "index_price": 16784.97, "direction": "buy", "amount": 0.1}, {"trade_seq": 1156, "trade_id": "235701320", "timestamp": 1668345915714, "tick_direction": 2, "price": 0.0016, "mark_price": 0.00143978, "iv": 93.64, "instrument_name": "BTC-30DEC22-36000-C", "index_price": 16599.94, "direction": "buy", "combo_id": "BTC-CS-30DEC22-30000_36000", "block_trade_id": "56007", "amount": 350.0}, {"trade_seq": 1155, "trade_id": "235700699", "timestamp": 1668345313147, "tick_direction": 0, "price": 0.0019, "mark_price": 0.00144169, "iv": 95.77, "instrument_name": "BTC-30DEC22-36000-C", "index_price": 16587.91, "direction": "buy", "combo_id": "BTC-CS-30DEC22-30000_36000", "block_trade_id": "56005", "amount": 50.0}, {"trade_seq": 1154, "trade_id": "235524970", "timestamp": 1668188125729, "tick_direction": 1, "price": 0.0015, "mark_price": 0.00109609, "iv": 90.48, "instrument_name": "BTC-30DEC22-36000-C", "index_price": 16754.47, "direction": "buy", "amount": 5.0}, {"trade_seq": 1153, "trade_id": "235524969", "timestamp": 1668188125691, "tick_direction": 0, "price": 0.0015, "mark_price": 0.00109609, "iv": 90.48, "instrument_name": "BTC-30DEC22-36000-C", "index_price": 16754.47, "direction": "buy", "amount": 20.0}, {"trade_seq": 1152, "trade_id": "235471759", "timestamp": 1668177055453, "tick_direction": 2, "price": 0.001, "mark_price": 0.00107523, "iv": 87.95, "instrument_name": "BTC-30DEC22-36000-C", "index_price": 16403.18, "direction": "buy", "amount": 0.1}, {"trade_seq": 1151, "trade_id": "235210498", "timestamp": 1668103326333, "tick_direction": 2, "price": 0.0015, "mark_price": 0.0011548, "iv": 86.35, "instrument_name": "BTC-30DEC22-36000-C", "index_price": 17235.5, "direction": "buy", "amount": 3.0}, {"trade_seq": 1150, "trade_id": "235111366", "timestamp": 1668088656551, "tick_direction": 1, "price": 0.002, "mark_price": 0.00236323, "iv": 87.7, "instrument_name": "BTC-30DEC22-36000-C", "index_price": 17555.37, "direction": "sell", "amount": 3.1}, {"trade_seq": 1149, "trade_id": "234733842", "timestamp": 1668030144766, "tick_direction": 1, "price": 0.002, "mark_price": 0.00129132, "iv": 97.34, "instrument_name": "BTC-30DEC22-36000-C", "index_price": 15803.16, "direction": "sell", "amount": 0.2}, {"trade_seq": 1148, "trade_id": "234718920", "timestamp": 1668029209729, "tick_direction": 1, "price": 0.002, "mark_price": 0.00137396, "iv": 96.3, "instrument_name": "BTC-30DEC22-36000-C", "index_price": 15988.05, "direction": "buy", "amount": 1.0}, {"trade_seq": 1147, "trade_id": "234422871", "timestamp": 1667991341950, "tick_direction": 0, "price": 0.002, "mark_price": 0.00151726, "iv": 84.9, "instrument_name": "BTC-30DEC22-36000-C", "index_price": 17740.05, "direction": "buy", "amount": 0.1}, {"trade_seq": 1146, "trade_id": "234329807", "timestamp": 1667969564978, "tick_direction": 2, "price": 0.001, "mark_price": 0.00121327, "iv": 75.07, "instrument_name": "BTC-30DEC22-36000-C", "index_price": 18222.54, "direction": "sell", "amount": 5.0}, {"trade_seq": 1145, "trade_id": "234258066", "timestamp": 1667940506105, "tick_direction": 3, "price": 0.0015, "mark_price": 0.00192884, "iv": 77.63, "instrument_name": "BTC-30DEC22-36000-C", "index_price": 18429.44, "direction": "sell", "amount": 0.2}, {"trade_seq": 1144, "trade_id": "234258040", "timestamp": 1667940505462, "tick_direction": 2, "price": 0.0015, "mark_price": 0.00192884, "iv": 77.63, "instrument_name": "BTC-30DEC22-36000-C", "index_price": 18429.44, "direction": "sell", "amount": 2.2}, {"trade_seq": 1143, "trade_id": "234074041", "timestamp": 1667925744959, "tick_direction": 1, "price": 0.002, "mark_price": 0.00161067, "iv": 69.13, "instrument_name": "BTC-30DEC22-36000-C", "index_price": 20608.77, "direction": "buy", "amount": 0.2}, {"trade_seq": 1142, "trade_id": "234037966", "timestamp": 1667922898845, "tick_direction": 0, "price": 0.002, "mark_price": 0.00150582, "iv": 75.06, "instrument_name": "BTC-30DEC22-36000-C", "index_price": 19438.34, "direction": "buy", "amount": 0.1}, {"trade_seq": 1141, "trade_id": "233973818", "timestamp": 1667890894346, "tick_direction": 3, "price": 0.0015, "mark_price": 0.00148011, "iv": 70.16, "instrument_name": "BTC-30DEC22-36000-C", "index_price": 19791.02, "direction": "sell", "amount": 0.2}, {"trade_seq": 1140, "trade_id": "233973817", "timestamp": 1667890894346, "tick_direction": 2, "price": 0.0015, "mark_price": 0.00148011, "iv": 70.16, "instrument_name": "BTC-30DEC22-36000-C", "index_price": 19791.02, "direction": "sell", "amount": 0.1}, {"trade_seq": 1139, "trade_id": "233847092", "timestamp": 1667802253348, "tick_direction": 3, "price": 0.002, "mark_price": 0.0022777, "iv": 66.8, "instrument_name": "BTC-30DEC22-36000-C", "index_price": 20894.09, "direction": "sell", "amount": 19.0}, {"trade_seq": 1138, "trade_id": "233825281", "timestamp": 1667783436006, "tick_direction": 2, "price": 0.002, "mark_price": 0.00221706, "iv": 66.83, "instrument_name": "BTC-30DEC22-36000-C", "index_price": 20862.95, "direction": "sell", "amount": 5.9}, {"trade_seq": 1137, "trade_id": "233674592", "timestamp": 1667597442931, "tick_direction": 1, "price": 0.0025, "mark_price": 0.00224106, "iv": 66.63, "instrument_name": "BTC-30DEC22-36000-C", "index_price": 21102.79, "direction": "buy", "amount": 0.2}, {"trade_seq": 1136, "trade_id": "233674591", "timestamp": 1667597442931, "tick_direction": 0, "price": 0.0025, "mark_price": 0.00224106, "iv": 66.63, "instrument_name": "BTC-30DEC22-36000-C", "index_price": 21102.79, "direction": "buy", "amount": 0.1}, {"trade_seq": 1135, "trade_id": "233611797", "timestamp": 1667573761257, "tick_direction": 0, "price": 0.002, "mark_price": 0.00205937, "iv": 63.66, "instrument_name": "BTC-30DEC22-36000-C", "index_price": 21214.25, "direction": "buy", "amount": 0.1}, {"trade_seq": 1134, "trade_id": "233550341", "timestamp": 1667558211379, "tick_direction": 3, "price": 0.0015, "mark_price": 0.00142383, "iv": 63.87, "instrument_name": "BTC-30DEC22-36000-C", "index_price": 20601.33, "direction": "buy", "amount": 0.2}, {"trade_seq": 1133, "trade_id": "233550340", "timestamp": 1667558211379, "tick_direction": 3, "price": 0.0015, "mark_price": 0.00142383, "iv": 63.87, "instrument_name": "BTC-30DEC22-36000-C", "index_price": 20601.33, "direction": "buy", "amount": 0.1}, {"trade_seq": 1132, "trade_id": "233462381", "timestamp": 1667453044750, "tick_direction": 2, "price": 0.0015, "mark_price": 0.00143762, "iv": 64.4, "instrument_name": "BTC-30DEC22-36000-C", "index_price": 20352.83, "direction": "buy", "amount": 0.1}, {"trade_seq": 1131, "trade_id": "233358394", "timestamp": 1667348537423, "tick_direction": 3, "price": 0.0025, "mark_price": 0.00248084, "iv": 67.89, "instrument_name": "BTC-30DEC22-36000-C", "index_price": 20479.52, "direction": "buy", "amount": 0.1}, {"trade_seq": 1130, "trade_id": "233346146", "timestamp": 1667321276662, "tick_direction": 3, "price": 0.0025, "mark_price": 0.00274046, "iv": 67.91, "instrument_name": "BTC-30DEC22-36000-C", "index_price": 20441.68, "direction": "sell", "amount": 4.3}, {"trade_seq": 1129, "trade_id": "233346074", "timestamp": 1667321102479, "tick_direction": 3, "price": 0.0025, "mark_price": 0.00275768, "iv": 67.85, "instrument_name": "BTC-30DEC22-36000-C", "index_price": 20453.07, "direction": "sell", "amount": 0.1}, {"trade_seq": 1128, "trade_id": "233333564", "timestamp": 1667309187567, "tick_direction": 3, "price": 0.0025, "mark_price": 0.00273666, "iv": 67.41, "instrument_name": "BTC-30DEC22-36000-C", "index_price": 20528.62, "direction": "sell", "amount": 0.6}, {"trade_seq": 1127, "trade_id": "233333563", "timestamp": 1667309187567, "tick_direction": 2, "price": 0.0025, "mark_price": 0.00273666, "iv": 67.41, "instrument_name": "BTC-30DEC22-36000-C", "index_price": 20528.62, "direction": "sell", "amount": 0.4}, {"trade_seq": 1126, "trade_id": "233257878", "timestamp": 1667210218267, "tick_direction": 2, "price": 0.0035, "mark_price": 0.00339462, "iv": 69.43, "instrument_name": "BTC-30DEC22-36000-C", "index_price": 20701.0, "direction": "buy", "amount": 0.2}, {"trade_seq": 1125, "trade_id": "233233695", "timestamp": 1667175009576, "tick_direction": 1, "price": 0.003, "mark_price": 0.00292739, "iv": 67.72, "instrument_name": "BTC-30DEC22-36000-C", "index_price": 20664.14, "direction": "buy", "amount": 0.1}, {"trade_seq": 1124, "trade_id": "233210318", "timestamp": 1667131416894, "tick_direction": 0, "price": 0.003, "mark_price": 0.00295424, "iv": 66.95, "instrument_name": "BTC-30DEC22-36000-C", "index_price": 20768.73, "direction": "buy", "amount": 0.2}, {"trade_seq": 1123, "trade_id": "233186605", "timestamp": 1667080731622, "tick_direction": 3, "price": 0.0025, "mark_price": 0.00257971, "iv": 64.37, "instrument_name": "BTC-30DEC22-36000-C", "index_price": 20860.66, "direction": "sell", "amount": 0.1}, {"trade_seq": 1122, "trade_id": "233130957", "timestamp": 1667006099509, "tick_direction": 3, "price": 0.0025, "mark_price": 0.00247485, "iv": 65.05, "instrument_name": "BTC-30DEC22-36000-C", "index_price": 20623.07, "direction": "buy", "amount": 0.2}, {"trade_seq": 1121, "trade_id": "233046799", "timestamp": 1666943176672, "tick_direction": 3, "price": 0.0025, "mark_price": 0.0027677, "iv": 66.98, "instrument_name": "BTC-30DEC22-36000-C", "index_price": 20123.08, "direction": "sell", "amount": 19.8}, {"trade_seq": 1120, "trade_id": "233046798", "timestamp": 1666943176672, "tick_direction": 2, "price": 0.0025, "mark_price": 0.0027677, "iv": 66.98, "instrument_name": "BTC-30DEC22-36000-C", "index_price": 20123.08, "direction": "sell", "amount": 5.2}, {"trade_seq": 1119, "trade_id": "232894236", "timestamp": 1666803908469, "tick_direction": 1, "price": 0.005, "mark_price": 0.00478822, "iv": 70.82, "instrument_name": "BTC-30DEC22-36000-C", "index_price": 20763.29, "direction": "buy", "amount": 1.0}, {"trade_seq": 1118, "trade_id": "232889297", "timestamp": 1666802348080, "tick_direction": 1, "price": 0.005, "mark_price": 0.00515995, "iv": 70.57, "instrument_name": "BTC-30DEC22-36000-C", "index_price": 20812.35, "direction": "sell", "amount": 3.0}, {"trade_seq": 1117, "trade_id": "232889111", "timestamp": 1666802317013, "tick_direction": 1, "price": 0.005, "mark_price": 0.00519534, "iv": 70.49, "instrument_name": "BTC-30DEC22-36000-C", "index_price": 20829.44, "direction": "sell", "amount": 4.2}, {"trade_seq": 1116, "trade_id": "232888997", "timestamp": 1666802278063, "tick_direction": 1, "price": 0.005, "mark_price": 0.00521148, "iv": 70.43, "instrument_name": "BTC-30DEC22-36000-C", "index_price": 20840.94, "direction": "sell", "amount": 0.4}, {"trade_seq": 1115, "trade_id": "232888960", "timestamp": 1666802252893, "tick_direction": 0, "price": 0.005, "mark_price": 0.00522769, "iv": 70.39, "instrument_name": "BTC-30DEC22-36000-C", "index_price": 20847.09, "direction": "sell", "amount": 0.4}, {"trade_seq": 1114, "trade_id": "232822104", "timestamp": 1666776697292, "tick_direction": 0, "price": 0.0045, "mark_price": 0.00437951, "iv": 69.98, "instrument_name": "BTC-30DEC22-36000-C", "index_price": 20638.89, "direction": "buy", "amount": 1.0}, {"trade_seq": 1113, "trade_id": "232774774", "timestamp": 1666750313184, "tick_direction": 3, "price": 0.0035, "mark_price": 0.00342665, "iv": 68.89, "instrument_name": "BTC-30DEC22-36000-C", "index_price": 20213.92, "direction": "buy", "amount": 0.1}, {"trade_seq": 1112, "trade_id": "232729195", "timestamp": 1666726477655, "tick_direction": 2, "price": 0.0035, "mark_price": 0.00401504, "iv": 68.5, "instrument_name": "BTC-30DEC22-36000-C", "index_price": 20285.27, "direction": "sell", "amount": 1.0}, {"trade_seq": 1111, "trade_id": "232708760", "timestamp": 1666720512159, "tick_direction": 1, "price": 0.004, "mark_price": 0.00381934, "iv": 70.92, "instrument_name": "BTC-30DEC22-36000-C", "index_price": 20083.99, "direction": "buy", "amount": 2.8}, {"trade_seq": 1110, "trade_id": "232708759", "timestamp": 1666720512159, "tick_direction": 0, "price": 0.004, "mark_price": 0.00381934, "iv": 70.92, "instrument_name": "BTC-30DEC22-36000-C", "index_price": 20083.99, "direction": "buy", "amount": 0.1}, {"trade_seq": 1109, "trade_id": "232696448", "timestamp": 1666717398035, "tick_direction": 1, "price": 0.004, "mark_price": 0.00349313, "iv": 71.47, "instrument_name": "BTC-30DEC22-36000-C", "index_price": 19977.24, "direction": "buy", "amount": 1.1}, {"trade_seq": 1108, "trade_id": "232696447", "timestamp": 1666717398035, "tick_direction": 0, "price": 0.004, "mark_price": 0.00349313, "iv": 71.47, "instrument_name": "BTC-30DEC22-36000-C", "index_price": 19977.24, "direction": "buy", "amount": 0.9}, {"trade_seq": 1107, "trade_id": "232683792", "timestamp": 1666714782631, "tick_direction": 3, "price": 0.003, "mark_price": 0.00296262, "iv": 69.11, "instrument_name": "BTC-30DEC22-36000-C", "index_price": 19790.91, "direction": "buy", "amount": 0.1}, {"trade_seq": 1106, "trade_id": "232566012", "timestamp": 1666563049113, "tick_direction": 1, "price": 0.0035, "mark_price": 0.00327247, "iv": 70.73, "instrument_name": "BTC-30DEC22-36000-C", "index_price": 19610.8, "direction": "buy", "amount": 2.0}, {"trade_seq": 1105, "trade_id": "232565816", "timestamp": 1666562832123, "tick_direction": 1, "price": 0.0035, "mark_price": 0.00329195, "iv": 70.74, "instrument_name": "BTC-30DEC22-36000-C", "index_price": 19606.25, "direction": "buy", "amount": 0.1}, {"trade_seq": 1104, "trade_id": "232565815", "timestamp": 1666562832123, "tick_direction": 1, "price": 0.0035, "mark_price": 0.00329195, "iv": 70.74, "instrument_name": "BTC-30DEC22-36000-C", "index_price": 19606.25, "direction": "buy", "amount": 0.9}, {"trade_seq": 1103, "trade_id": "232565765", "timestamp": 1666562776084, "tick_direction": 0, "price": 0.0035, "mark_price": 0.00333461, "iv": 70.63, "instrument_name": "BTC-30DEC22-36000-C", "index_price": 19629.98, "direction": "buy", "amount": 8.0}, {"trade_seq": 1102, "trade_id": "232559079", "timestamp": 1666556815843, "tick_direction": 1, "price": 0.003, "mark_price": 0.00278993, "iv": 69.7, "instrument_name": "BTC-30DEC22-36000-C", "index_price": 19467.95, "direction": "buy", "amount": 1.0}, {"trade_seq": 1101, "trade_id": "232558168", "timestamp": 1666554973906, "tick_direction": 0, "price": 0.003, "mark_price": 0.00276585, "iv": 69.5, "instrument_name": "BTC-30DEC22-36000-C", "index_price": 19511.74, "direction": "buy", "amount": 10.0}, {"trade_seq": 1100, "trade_id": "232489639", "timestamp": 1666367380579, "tick_direction": 3, "price": 0.002, "mark_price": 0.00176481, "iv": 66.46, "instrument_name": "BTC-30DEC22-36000-C", "index_price": 19071.05, "direction": "buy", "amount": 22.0}, {"trade_seq": 1099, "trade_id": "232489638", "timestamp": 1666367380572, "tick_direction": 2, "price": 0.002, "mark_price": 0.00176481, "iv": 66.46, "instrument_name": "BTC-30DEC22-36000-C", "index_price": 19071.05, "direction": "buy", "amount": 20.0}, {"trade_seq": 1098, "trade_id": "232391371", "timestamp": 1666275777496, "tick_direction": 3, "price": 0.0025, "mark_price": 0.00241742, "iv": 66.96, "instrument_name": "BTC-30DEC22-36000-C", "index_price": 19316.77, "direction": "buy", "amount": 1.0}, {"trade_seq": 1097, "trade_id": "232365350", "timestamp": 1666244327737, "tick_direction": 2, "price": 0.0025, "mark_price": 0.00260044, "iv": 67.64, "instrument_name": "BTC-30DEC22-36000-C", "index_price": 19127.0, "direction": "sell", "amount": 1.0}, {"trade_seq": 1096, "trade_id": "232206199", "timestamp": 1666055791265, "tick_direction": 0, "price": 0.003, "mark_price": 0.00284758, "iv": 66.33, "instrument_name": "BTC-30DEC22-36000-C", "index_price": 19595.35, "direction": "buy", "amount": 1.0}, {"trade_seq": 1095, "trade_id": "232167448", "timestamp": 1666008126544, "tick_direction": 2, "price": 0.0028, "mark_price": 0.00296468, "iv": 66.05, "instrument_name": "BTC-30DEC22-36000-C", "index_price": 19455.91, "direction": "sell", "combo_id": "BTC-CS-30DEC22-30000_36000", "block_trade_id": "52756", "amount": 100.0}, {"trade_seq": 1094, "trade_id": "232120289", "timestamp": 1665929016715, "tick_direction": 3, "price": 0.003, "mark_price": 0.00261919, "iv": 67.81, "instrument_name": "BTC-30DEC22-36000-C", "index_price": 19132.75, "direction": "buy", "amount": 1.0}, {"trade_seq": 1093, "trade_id": "232089855", "timestamp": 1665823567301, "tick_direction": 2, "price": 0.003, "mark_price": 0.00308942, "iv": 67.3, "instrument_name": "BTC-30DEC22-36000-C", "index_price": 19116.81, "direction": "sell", "amount": 1.0}, {"trade_seq": 1092, "trade_id": "232080935", "timestamp": 1665805027870, "tick_direction": 2, "price": 0.0035, "mark_price": 0.0028709, "iv": 68.46, "instrument_name": "BTC-30DEC22-36000-C", "index_price": 19201.48, "direction": "buy", "amount": 0.5}, {"trade_seq": 1091, "trade_id": "231981583", "timestamp": 1665715092742, "tick_direction": 2, "price": 0.004, "mark_price": 0.00448177, "iv": 66.54, "instrument_name": "BTC-30DEC22-36000-C", "index_price": 19831.2, "direction": "sell", "amount": 1.0}, {"trade_seq": 1090, "trade_id": "231810057", "timestamp": 1665645025094, "tick_direction": 1, "price": 0.0045, "mark_price": 0.00420194, "iv": 71.35, "instrument_name": "BTC-30DEC22-36000-C", "index_price": 19013.0, "direction": "buy", "amount": 1.0}, {"trade_seq": 1089, "trade_id": "231810030", "timestamp": 1665645020837, "tick_direction": 0, "price": 0.0045, "mark_price": 0.00419933, "iv": 71.36, "instrument_name": "BTC-30DEC22-36000-C", "index_price": 19012.42, "direction": "buy", "amount": 1.0}, {"trade_seq": 1088, "trade_id": "231747426", "timestamp": 1665538800218, "tick_direction": 3, "price": 0.0035, "mark_price": 0.00421777, "iv": 67.86, "instrument_name": "BTC-30DEC22-36000-C", "index_price": 19038.93, "direction": "sell", "amount": 1.6}, {"trade_seq": 1087, "trade_id": "231747425", "timestamp": 1665538800218, "tick_direction": 2, "price": 0.0035, "mark_price": 0.00421777, "iv": 67.86, "instrument_name": "BTC-30DEC22-36000-C", "index_price": 19038.93, "direction": "sell", "amount": 1.0}, {"trade_seq": 1086, "trade_id": "231747424", "timestamp": 1665538800218, "tick_direction": 3, "price": 0.004, "mark_price": 0.00421777, "iv": 69.31, "instrument_name": "BTC-30DEC22-36000-C", "index_price": 19038.93, "direction": "sell", "amount": 1.0}, {"trade_seq": 1085, "trade_id": "231724314", "timestamp": 1665506851597, "tick_direction": 0, "price": 0.005, "mark_price": 0.00451681, "iv": 71.09, "instrument_name": "BTC-30DEC22-36000-C", "index_price": 19165.8, "direction": "buy", "amount": 3.6}, {"trade_seq": 1084, "trade_id": "231690189", "timestamp": 1665483028305, "tick_direction": 1, "price": 0.0045, "mark_price": 0.00412115, "iv": 70.22, "instrument_name": "BTC-30DEC22-36000-C", "index_price": 19067.7, "direction": "buy", "amount": 12.9}, {"trade_seq": 1083, "trade_id": "231690188", "timestamp": 1665483028305, "tick_direction": 1, "price": 0.0045, "mark_price": 0.00412115, "iv": 70.22, "instrument_name": "BTC-30DEC22-36000-C", "index_price": 19067.7, "direction": "buy", "amount": 3.7}, {"trade_seq": 1082, "trade_id": "231690187", "timestamp": 1665483028305, "tick_direction": 0, "price": 0.0045, "mark_price": 0.00412115, "iv": 70.22, "instrument_name": "BTC-30DEC22-36000-C", "index_price": 19067.7, "direction": "buy", "amount": 1.0}, {"trade_seq": 1081, "trade_id": "231679986", "timestamp": 1665470469851, "tick_direction": 3, "price": 0.004, "mark_price": 0.00414366, "iv": 68.64, "instrument_name": "BTC-30DEC22-36000-C", "index_price": 19095.1, "direction": "buy", "amount": 0.2}, {"trade_seq": 1080, "trade_id": "231679985", "timestamp": 1665470469839, "tick_direction": 2, "price": 0.004, "mark_price": 0.00414366, "iv": 68.64, "instrument_name": "BTC-30DEC22-36000-C", "index_price": 19095.1, "direction": "sell", "amount": 0.8}, {"trade_seq": 1079, "trade_id": "231556756", "timestamp": 1665354573061, "tick_direction": 0, "price": 0.0045, "mark_price": 0.00439553, "iv": 68.09, "instrument_name": "BTC-30DEC22-36000-C", "index_price": 19393.57, "direction": "buy", "amount": 0.2}, {"trade_seq": 1078, "trade_id": "231530362", "timestamp": 1665312221708, "tick_direction": 3, "price": 0.004, "mark_price": 0.00469424, "iv": 65.98, "instrument_name": "BTC-30DEC22-36000-C", "index_price": 19523.79, "direction": "sell", "amount": 0.2}, {"trade_seq": 1077, "trade_id": "231523817", "timestamp": 1665298254267, "tick_direction": 2, "price": 0.004, "mark_price": 0.00451498, "iv": 66.36, "instrument_name": "BTC-30DEC22-36000-C", "index_price": 19430.7, "direction": "sell", "amount": 2.0}, {"trade_seq": 1076, "trade_id": "231407665", "timestamp": 1665146837719, "tick_direction": 2, "price": 0.0055, "mark_price": 0.00571885, "iv": 68.22, "instrument_name": "BTC-30DEC22-36000-C", "index_price": 19646.96, "direction": "sell", "amount": 1.0}, {"trade_seq": 1075, "trade_id": "231379844", "timestamp": 1665137062183, "tick_direction": 0, "price": 0.006, "mark_price": 0.00571931, "iv": 67.81, "instrument_name": "BTC-30DEC22-36000-C", "index_price": 19966.55, "direction": "buy", "amount": 5.0}, {"trade_seq": 1074, "trade_id": "231371956", "timestamp": 1665130286927, "tick_direction": 2, "price": 0.0055, "mark_price": 0.00585702, "iv": 66.75, "instrument_name": "BTC-30DEC22-36000-C", "index_price": 19952.21, "direction": "sell", "amount": 1.0}, {"trade_seq": 1073, "trade_id": "231280188", "timestamp": 1665059566214, "tick_direction": 1, "price": 0.008, "mark_price": 0.00820481, "iv": 69.53, "instrument_name": "BTC-30DEC22-36000-C", "index_price": 20319.44, "direction": "buy", "amount": 0.2}, {"trade_seq": 1072, "trade_id": "231174925", "timestamp": 1664968981588, "tick_direction": 1, "price": 0.008, "mark_price": 0.00745184, "iv": 70.15, "instrument_name": "BTC-30DEC22-36000-C", "index_price": 20092.94, "direction": "buy", "amount": 1.0}, {"trade_seq": 1071, "trade_id": "231102052", "timestamp": 1664892862628, "tick_direction": 1, "price": 0.008, "mark_price": 0.00749694, "iv": 69.28, "instrument_name": "BTC-30DEC22-36000-C", "index_price": 20194.28, "direction": "buy", "amount": 0.4}, {"trade_seq": 1070, "trade_id": "231102040", "timestamp": 1664892845132, "tick_direction": 1, "price": 0.008, "mark_price": 0.007502, "iv": 69.28, "instrument_name": "BTC-30DEC22-36000-C", "index_price": 20196.45, "direction": "buy", "amount": 1.0}, {"trade_seq": 1069, "trade_id": "231101911", "timestamp": 1664892764665, "tick_direction": 1, "price": 0.008, "mark_price": 0.00754679, "iv": 69.21, "instrument_name": "BTC-30DEC22-36000-C", "index_price": 20214.8, "direction": "buy", "amount": 5.3}, {"trade_seq": 1068, "trade_id": "231101910", "timestamp": 1664892764665, "tick_direction": 1, "price": 0.008, "mark_price": 0.00754679, "iv": 69.21, "instrument_name": "BTC-30DEC22-36000-C", "index_price": 20214.8, "direction": "buy", "amount": 3.7}, {"trade_seq": 1067, "trade_id": "231101909", "timestamp": 1664892764665, "tick_direction": 0, "price": 0.008, "mark_price": 0.00754679, "iv": 69.21, "instrument_name": "BTC-30DEC22-36000-C", "index_price": 20214.8, "direction": "buy", "amount": 11.0}, {"trade_seq": 1066, "trade_id": "231100994", "timestamp": 1664892386118, "tick_direction": 1, "price": 0.0075, "mark_price": 0.00719405, "iv": 68.45, "instrument_name": "BTC-30DEC22-36000-C", "index_price": 20196.55, "direction": "buy", "amount": 1.0}, {"trade_seq": 1065, "trade_id": "231100905", "timestamp": 1664892363763, "tick_direction": 1, "price": 0.0075, "mark_price": 0.00721695, "iv": 68.39, "instrument_name": "BTC-30DEC22-36000-C", "index_price": 20199.26, "direction": "buy", "amount": 1.0}, {"trade_seq": 1064, "trade_id": "231092686", "timestamp": 1664889296380, "tick_direction": 0, "price": 0.0075, "mark_price": 0.00727763, "iv": 69.3, "instrument_name": "BTC-30DEC22-36000-C", "index_price": 20006.06, "direction": "buy", "amount": 3.0}, {"trade_seq": 1063, "trade_id": "230958648", "timestamp": 1664763277068, "tick_direction": 0, "price": 0.007, "mark_price": 0.00655483, "iv": 71.48, "instrument_name": "BTC-30DEC22-36000-C", "index_price": 19196.29, "direction": "buy", "amount": 1.0}, {"trade_seq": 1062, "trade_id": "230910830", "timestamp": 1664710243339, "tick_direction": 2, "price": 0.0059, "mark_price": 0.00620202, "iv": 68.76, "instrument_name": "BTC-30DEC22-36000-C", "index_price": 19247.86, "direction": "sell", "combo_id": "BTC-CS-30DEC22-30000_36000", "block_trade_id": "51264", "amount": 150.0}, {"trade_seq": 1061, "trade_id": "230902981", "timestamp": 1664701334884, "tick_direction": 1, "price": 0.0065, "mark_price": 0.0067509, "iv": 69.82, "instrument_name": "BTC-30DEC22-36000-C", "index_price": 19278.08, "direction": "sell", "amount": 4.2}, {"trade_seq": 1060, "trade_id": "230902979", "timestamp": 1664701331625, "tick_direction": 1, "price": 0.0065, "mark_price": 0.00675239, "iv": 69.82, "instrument_name": "BTC-30DEC22-36000-C", "index_price": 19278.61, "direction": "sell", "amount": 4.9}, {"trade_seq": 1059, "trade_id": "230889173", "timestamp": 1664670168386, "tick_direction": 0, "price": 0.0065, "mark_price": 0.00641685, "iv": 69.47, "instrument_name": "BTC-30DEC22-36000-C", "index_price": 19326.59, "direction": "buy", "amount": 0.9}, {"trade_seq": 1058, "trade_id": "230879784", "timestamp": 1664643194084, "tick_direction": 2, "price": 0.006, "mark_price": 0.00572383, "iv": 68.62, "instrument_name": "BTC-30DEC22-36000-C", "index_price": 19272.34, "direction": "buy", "amount": 0.5}, {"trade_seq": 1057, "trade_id": "230864587", "timestamp": 1664613094576, "tick_direction": 2, "price": 0.0065, "mark_price": 0.00650807, "iv": 69.15, "instrument_name": "BTC-30DEC22-36000-C", "index_price": 19340.02, "direction": "sell", "amount": 0.1}, {"trade_seq": 1056, "trade_id": "230705884", "timestamp": 1664509081670, "tick_direction": 2, "price": 0.0075, "mark_price": 0.00761775, "iv": 70.32, "instrument_name": "BTC-30DEC22-36000-C", "index_price": 19398.82, "direction": "sell", "amount": 2.0}, {"trade_seq": 1055, "trade_id": "230617665", "timestamp": 1664443766337, "tick_direction": 2, "price": 0.0085, "mark_price": 0.00857672, "iv": 71.47, "instrument_name": "BTC-30DEC22-36000-C", "index_price": 19447.94, "direction": "sell", "amount": 0.2}, {"trade_seq": 1054, "trade_id": "230599079", "timestamp": 1664427101284, "tick_direction": 0, "price": 0.0095, "mark_price": 0.00927439, "iv": 72.49, "instrument_name": "BTC-30DEC22-36000-C", "index_price": 19567.52, "direction": "buy", "amount": 0.2}, {"trade_seq": 1053, "trade_id": "230548922", "timestamp": 1664383173953, "tick_direction": 0, "price": 0.008, "mark_price": 0.00830037, "iv": 70.03, "instrument_name": "BTC-30DEC22-36000-C", "index_price": 19544.7, "direction": "buy", "amount": 1.0}, {"trade_seq": 1052, "trade_id": "230435593", "timestamp": 1664329614219, "tick_direction": 3, "price": 0.007, "mark_price": 0.0069162, "iv": 70.63, "instrument_name": "BTC-30DEC22-36000-C", "index_price": 18957.8, "direction": "buy", "amount": 0.1}, {"trade_seq": 1051, "trade_id": "230435592", "timestamp": 1664329613939, "tick_direction": 3, "price": 0.007, "mark_price": 0.0069162, "iv": 70.63, "instrument_name": "BTC-30DEC22-36000-C", "index_price": 18957.8, "direction": "buy", "amount": 0.1}, {"trade_seq": 1050, "trade_id": "230435591", "timestamp": 1664329613922, "tick_direction": 3, "price": 0.007, "mark_price": 0.0069162, "iv": 70.63, "instrument_name": "BTC-30DEC22-36000-C", "index_price": 18957.8, "direction": "buy", "amount": 0.1}, {"trade_seq": 1049, "trade_id": "230435590", "timestamp": 1664329613888, "tick_direction": 3, "price": 0.007, "mark_price": 0.0069162, "iv": 70.64, "instrument_name": "BTC-30DEC22-36000-C", "index_price": 18955.72, "direction": "buy", "amount": 0.2}, {"trade_seq": 1048, "trade_id": "230435474", "timestamp": 1664329563734, "tick_direction": 3, "price": 0.007, "mark_price": 0.00693782, "iv": 70.58, "instrument_name": "BTC-30DEC22-36000-C", "index_price": 18967.73, "direction": "buy", "amount": 0.1}, {"trade_seq": 1047, "trade_id": "230435473", "timestamp": 1664329563339, "tick_direction": 2, "price": 0.007, "mark_price": 0.00693782, "iv": 70.58, "instrument_name": "BTC-30DEC22-36000-C", "index_price": 18967.07, "direction": "buy", "amount": 0.4}, {"trade_seq": 1046, "trade_id": "230341272", "timestamp": 1664274861292, "tick_direction": 2, "price": 0.008, "mark_price": 0.00813248, "iv": 66.42, "instrument_name": "BTC-30DEC22-36000-C", "index_price": 20259.48, "direction": "buy", "amount": 1.0}, {"trade_seq": 1045, "trade_id": "230333031", "timestamp": 1664266121007, "tick_direction": 1, "price": 0.0085, "mark_price": 0.0089664, "iv": 67.43, "instrument_name": "BTC-30DEC22-36000-C", "index_price": 20200.14, "direction": "sell", "amount": 0.3}, {"trade_seq": 1044, "trade_id": "230333030", "timestamp": 1664266121007, "tick_direction": 1, "price": 0.0085, "mark_price": 0.0089664, "iv": 67.43, "instrument_name": "BTC-30DEC22-36000-C", "index_price": 20200.14, "direction": "sell", "amount": 4.0}, {"trade_seq": 1043, "trade_id": "230333029", "timestamp": 1664266121007, "tick_direction": 1, "price": 0.0085, "mark_price": 0.0089664, "iv": 67.43, "instrument_name": "BTC-30DEC22-36000-C", "index_price": 20200.14, "direction": "sell", "amount": 5.7}, {"trade_seq": 1042, "trade_id": "230330569", "timestamp": 1664264737776, "tick_direction": 1, "price": 0.0085, "mark_price": 0.0089594, "iv": 67.27, "instrument_name": "BTC-30DEC22-36000-C", "index_price": 20231.3, "direction": "sell", "amount": 1.0}, {"trade_seq": 1041, "trade_id": "230330568", "timestamp": 1664264737776, "tick_direction": 1, "price": 0.0085, "mark_price": 0.0089594, "iv": 67.27, "instrument_name": "BTC-30DEC22-36000-C", "index_price": 20231.3, "direction": "sell", "amount": 4.0}, {"trade_seq": 1040, "trade_id": "230330567", "timestamp": 1664264737776, "tick_direction": 0, "price": 0.0085, "mark_price": 0.0089594, "iv": 67.27, "instrument_name": "BTC-30DEC22-36000-C", "index_price": 20231.3, "direction": "sell", "amount": 5.0}, {"trade_seq": 1039, "trade_id": "230299466", "timestamp": 1664247840569, "tick_direction": 1, "price": 0.008, "mark_price": 0.00852571, "iv": 67.41, "instrument_name": "BTC-30DEC22-36000-C", "index_price": 19990.73, "direction": "sell", "amount": 0.3}, {"trade_seq": 1038, "trade_id": "230296164", "timestamp": 1664247423032, "tick_direction": 0, "price": 0.008, "mark_price": 0.00838976, "iv": 67.84, "instrument_name": "BTC-30DEC22-36000-C", "index_price": 19895.95, "direction": "buy", "amount": 0.1}, {"trade_seq": 1037, "trade_id": "230294120", "timestamp": 1664246505682, "tick_direction": 2, "price": 0.0075, "mark_price": 0.00811557, "iv": 67.63, "instrument_name": "BTC-30DEC22-36000-C", "index_price": 19750.0, "direction": "sell", "amount": 0.1}, {"trade_seq": 1036, "trade_id": "230286318", "timestamp": 1664242264861, "tick_direction": 0, "price": 0.008, "mark_price": 0.00840266, "iv": 68.55, "instrument_name": "BTC-30DEC22-36000-C", "index_price": 19729.68, "direction": "buy", "amount": 0.5}, {"trade_seq": 1035, "trade_id": "230092742", "timestamp": 1664014617768, "tick_direction": 2, "price": 0.007, "mark_price": 0.00649744, "iv": 69.02, "instrument_name": "BTC-30DEC22-36000-C", "index_price": 19024.18, "direction": "buy", "amount": 2.8}, {"trade_seq": 1034, "trade_id": "230072285", "timestamp": 1663980619402, "tick_direction": 2, "price": 0.0075, "mark_price": 0.00703539, "iv": 69.2, "instrument_name": "BTC-30DEC22-36000-C", "index_price": 19143.25, "direction": "buy", "amount": 0.5}, {"trade_seq": 1033, "trade_id": "230039740", "timestamp": 1663957371904, "tick_direction": 2, "price": 0.008, "mark_price": 0.00759896, "iv": 71.7, "instrument_name": "BTC-30DEC22-36000-C", "index_price": 18753.74, "direction": "buy", "amount": 0.5}, {"trade_seq": 1032, "trade_id": "229964123", "timestamp": 1663896920645, "tick_direction": 0, "price": 0.0088, "mark_price": 0.00846543, "iv": 70.34, "instrument_name": "BTC-30DEC22-36000-C", "index_price": 19287.52, "direction": "sell", "combo_id": "BTC-CDIAG-31MAR23_30DEC22-42000_36000", "block_trade_id": "50109", "amount": 25.0}, {"trade_seq": 1031, "trade_id": "229927370", "timestamp": 1663859569947, "tick_direction": 2, "price": 0.0085, "mark_price": 0.0084357, "iv": 71.39, "instrument_name": "BTC-30DEC22-36000-C", "index_price": 18904.1, "direction": "buy", "combo_id": "BTC-CDIAG-31MAR23_30DEC22-42000_36000", "block_trade_id": "50062", "amount": 50.0}, {"trade_seq": 1030, "trade_id": "229899706", "timestamp": 1663840669371, "tick_direction": 0, "price": 0.0101, "mark_price": 0.00856836, "iv": 72.65, "instrument_name": "BTC-30DEC22-36000-C", "index_price": 19171.75, "direction": "buy", "combo_id": "BTC-CDIAG-31MAR23_30DEC22-42000_36000", "block_trade_id": "50047", "amount": 25.0}, {"trade_seq": 1029, "trade_id": "229899242", "timestamp": 1663840172782, "tick_direction": 3, "price": 0.0085, "mark_price": 0.00863505, "iv": 70.28, "instrument_name": "BTC-30DEC22-36000-C", "index_price": 19154.27, "direction": "buy", "combo_id": "BTC-CDIAG-31MAR23_30DEC22-38000_36000", "block_trade_id": "50043", "amount": 50.0}, {"trade_seq": 1028, "trade_id": "229898849", "timestamp": 1663839721747, "tick_direction": 2, "price": 0.0085, "mark_price": 0.00875032, "iv": 70.37, "instrument_name": "BTC-30DEC22-36000-C", "index_price": 19131.8, "direction": "buy", "combo_id": "BTC-CDIAG-31MAR23_30DEC22-42000_36000", "block_trade_id": "50040", "amount": 50.0}, {"trade_seq": 1027, "trade_id": "229898479", "timestamp": 1663839390983, "tick_direction": 0, "price": 0.0095, "mark_price": 0.00890587, "iv": 71.86, "instrument_name": "BTC-30DEC22-36000-C", "index_price": 19146.68, "direction": "buy", "combo_id": "BTC-CDIAG-31MAR23_30DEC22-42000_36000", "block_trade_id": "50039", "amount": 200.0}, {"trade_seq": 1026, "trade_id": "229699237", "timestamp": 1663750231251, "tick_direction": 3, "price": 0.0085, "mark_price": 0.00874471, "iv": 71.05, "instrument_name": "BTC-30DEC22-36000-C", "index_price": 18880.32, "direction": "buy", "amount": 0.5}, {"trade_seq": 1025, "trade_id": "229696755", "timestamp": 1663747585629, "tick_direction": 3, "price": 0.0085, "mark_price": 0.00884795, "iv": 70.96, "instrument_name": "BTC-30DEC22-36000-C", "index_price": 18897.5, "direction": "sell", "amount": 0.1}, {"trade_seq": 1024, "trade_id": "229696754", "timestamp": 1663747585621, "tick_direction": 3, "price": 0.0085, "mark_price": 0.00884795, "iv": 70.96, "instrument_name": "BTC-30DEC22-36000-C", "index_price": 18897.5, "direction": "sell", "amount": 0.1}, {"trade_seq": 1023, "trade_id": "229696753", "timestamp": 1663747585615, "tick_direction": 3, "price": 0.0085, "mark_price": 0.00884795, "iv": 70.96, "instrument_name": "BTC-30DEC22-36000-C", "index_price": 18897.5, "direction": "sell", "amount": 0.1}, {"trade_seq": 1022, "trade_id": "229696752", "timestamp": 1663747585612, "tick_direction": 3, "price": 0.0085, "mark_price": 0.00884795, "iv": 70.96, "instrument_name": "BTC-30DEC22-36000-C", "index_price": 18897.5, "direction": "sell", "amount": 0.1}, {"trade_seq": 1021, "trade_id": "229696751", "timestamp": 1663747585606, "tick_direction": 3, "price": 0.0085, "mark_price": 0.00884795, "iv": 70.96, "instrument_name": "BTC-30DEC22-36000-C", "index_price": 18897.5, "direction": "sell", "amount": 0.1}, {"trade_seq": 1020, "trade_id": "229696750", "timestamp": 1663747585601, "tick_direction": 3, "price": 0.0085, "mark_price": 0.00884795, "iv": 70.96, "instrument_name": "BTC-30DEC22-36000-C", "index_price": 18897.5, "direction": "sell", "amount": 0.1}, {"trade_seq": 1019, "trade_id": "229696749", "timestamp": 1663747585597, "tick_direction": 3, "price": 0.0085, "mark_price": 0.00884795, "iv": 70.96, "instrument_name": "BTC-30DEC22-36000-C", "index_price": 18897.5, "direction": "sell", "amount": 0.1}, {"trade_seq": 1018, "trade_id": "229696748", "timestamp": 1663747585592, "tick_direction": 3, "price": 0.0085, "mark_price": 0.00884795, "iv": 70.96, "instrument_name": "BTC-30DEC22-36000-C", "index_price": 18897.5, "direction": "sell", "amount": 0.1}, {"trade_seq": 1017, "trade_id": "229696747", "timestamp": 1663747585586, "tick_direction": 2, "price": 0.0085, "mark_price": 0.00884795, "iv": 70.96, "instrument_name": "BTC-30DEC22-36000-C", "index_price": 18897.5, "direction": "sell", "amount": 0.1}, {"trade_seq": 1016, "trade_id": "229684054", "timestamp": 1663738277100, "tick_direction": 3, "price": 0.009, "mark_price": 0.00942518, "iv": 70.88, "instrument_name": "BTC-30DEC22-36000-C", "index_price": 19074.09, "direction": "sell", "amount": 0.1}, {"trade_seq": 1015, "trade_id": "229684053", "timestamp": 1663738277014, "tick_direction": 3, "price": 0.009, "mark_price": 0.00942518, "iv": 70.88, "instrument_name": "BTC-30DEC22-36000-C", "index_price": 19074.09, "direction": "sell", "amount": 0.1}, {"trade_seq": 1014, "trade_id": "229684042", "timestamp": 1663738271500, "tick_direction": 3, "price": 0.009, "mark_price": 0.00943115, "iv": 70.88, "instrument_name": "BTC-30DEC22-36000-C", "index_price": 19075.26, "direction": "sell", "amount": 0.1}, {"trade_seq": 1013, "trade_id": "229684041", "timestamp": 1663738271488, "tick_direction": 3, "price": 0.009, "mark_price": 0.00943115, "iv": 70.88, "instrument_name": "BTC-30DEC22-36000-C", "index_price": 19075.26, "direction": "sell", "amount": 0.1}, {"trade_seq": 1012, "trade_id": "229684035", "timestamp": 1663738271440, "tick_direction": 3, "price": 0.009, "mark_price": 0.00943115, "iv": 70.88, "instrument_name": "BTC-30DEC22-36000-C", "index_price": 19075.26, "direction": "sell", "amount": 0.1}, {"trade_seq": 1011, "trade_id": "229684026", "timestamp": 1663738270244, "tick_direction": 3, "price": 0.009, "mark_price": 0.00944435, "iv": 70.86, "instrument_name": "BTC-30DEC22-36000-C", "index_price": 19078.36, "direction": "sell", "amount": 0.1}, {"trade_seq": 1010, "trade_id": "229684006", "timestamp": 1663738268674, "tick_direction": 3, "price": 0.009, "mark_price": 0.00944481, "iv": 70.86, "instrument_name": "BTC-30DEC22-36000-C", "index_price": 19079.87, "direction": "sell", "amount": 0.1}, {"trade_seq": 1009, "trade_id": "229683990", "timestamp": 1663738253716, "tick_direction": 3, "price": 0.009, "mark_price": 0.00946041, "iv": 70.87, "instrument_name": "BTC-30DEC22-36000-C", "index_price": 19077.87, "direction": "sell", "amount": 0.1}, {"trade_seq": 1008, "trade_id": "229683989", "timestamp": 1663738249496, "tick_direction": 3, "price": 0.009, "mark_price": 0.00947345, "iv": 70.86, "instrument_name": "BTC-30DEC22-36000-C", "index_price": 19082.51, "direction": "sell", "amount": 0.1}, {"trade_seq": 1007, "trade_id": "229683988", "timestamp": 1663738249478, "tick_direction": 3, "price": 0.009, "mark_price": 0.00947345, "iv": 70.86, "instrument_name": "BTC-30DEC22-36000-C", "index_price": 19082.51, "direction": "sell", "amount": 0.1}, {"trade_seq": 1006, "trade_id": "229683987", "timestamp": 1663738249461, "tick_direction": 3, "price": 0.009, "mark_price": 0.00947345, "iv": 70.86, "instrument_name": "BTC-30DEC22-36000-C", "index_price": 19082.51, "direction": "sell", "amount": 0.1}, {"trade_seq": 1005, "trade_id": "229683986", "timestamp": 1663738249441, "tick_direction": 3, "price": 0.009, "mark_price": 0.00947345, "iv": 70.86, "instrument_name": "BTC-30DEC22-36000-C", "index_price": 19082.51, "direction": "sell", "amount": 0.1}, {"trade_seq": 1004, "trade_id": "229683982", "timestamp": 1663738248623, "tick_direction": 3, "price": 0.009, "mark_price": 0.00947656, "iv": 70.86, "instrument_name": "BTC-30DEC22-36000-C", "index_price": 19082.51, "direction": "sell", "amount": 0.1}, {"trade_seq": 1003, "trade_id": "229683981", "timestamp": 1663738248614, "tick_direction": 3, "price": 0.009, "mark_price": 0.00947656, "iv": 70.86, "instrument_name": "BTC-30DEC22-36000-C", "index_price": 19082.51, "direction": "sell", "amount": 0.1}, {"trade_seq": 1002, "trade_id": "229683980", "timestamp": 1663738248604, "tick_direction": 3, "price": 0.009, "mark_price": 0.00947656, "iv": 70.86, "instrument_name": "BTC-30DEC22-36000-C", "index_price": 19082.51, "direction": "sell", "amount": 0.1}, {"trade_seq": 1001, "trade_id": "229683968", "timestamp": 1663738247696, "tick_direction": 3, "price": 0.009, "mark_price": 0.0094819, "iv": 70.85, "instrument_name": "BTC-30DEC22-36000-C", "index_price": 19083.5, "direction": "sell", "amount": 0.1}, {"trade_seq": 1000, "trade_id": "229683967", "timestamp": 1663738247676, "tick_direction": 3, "price": 0.009, "mark_price": 0.0094819, "iv": 70.85, "instrument_name": "BTC-30DEC22-36000-C", "index_price": 19083.5, "direction": "sell", "amount": 0.1}, {"trade_seq": 999, "trade_id": "229683966", "timestamp": 1663738247655, "tick_direction": 3, "price": 0.009, "mark_price": 0.0094819, "iv": 70.85, "instrument_name": "BTC-30DEC22-36000-C", "index_price": 19083.5, "direction": "sell", "amount": 0.1}, {"trade_seq": 998, "trade_id": "229683961", "timestamp": 1663738246525, "tick_direction": 3, "price": 0.009, "mark_price": 0.00948385, "iv": 70.84, "instrument_name": "BTC-30DEC22-36000-C", "index_price": 19085.22, "direction": "sell", "amount": 0.1}, {"trade_seq": 997, "trade_id": "229683959", "timestamp": 1663738246499, "tick_direction": 3, "price": 0.009, "mark_price": 0.00948385, "iv": 70.84, "instrument_name": "BTC-30DEC22-36000-C", "index_price": 19085.22, "direction": "sell", "amount": 0.1}, {"trade_seq": 996, "trade_id": "229683957", "timestamp": 1663738245651, "tick_direction": 3, "price": 0.009, "mark_price": 0.00948883, "iv": 70.84, "instrument_name": "BTC-30DEC22-36000-C", "index_price": 19085.75, "direction": "sell", "amount": 0.1}, {"trade_seq": 995, "trade_id": "229683956", "timestamp": 1663738245642, "tick_direction": 3, "price": 0.009, "mark_price": 0.00948883, "iv": 70.84, "instrument_name": "BTC-30DEC22-36000-C", "index_price": 19085.75, "direction": "sell", "amount": 0.1}, {"trade_seq": 994, "trade_id": "229683955", "timestamp": 1663738245631, "tick_direction": 3, "price": 0.009, "mark_price": 0.00948883, "iv": 70.84, "instrument_name": "BTC-30DEC22-36000-C", "index_price": 19085.75, "direction": "sell", "amount": 0.1}, {"trade_seq": 993, "trade_id": "229683954", "timestamp": 1663738245621, "tick_direction": 3, "price": 0.009, "mark_price": 0.00948883, "iv": 70.84, "instrument_name": "BTC-30DEC22-36000-C", "index_price": 19085.75, "direction": "sell", "amount": 0.1}, {"trade_seq": 992, "trade_id": "229683947", "timestamp": 1663738243639, "tick_direction": 3, "price": 0.009, "mark_price": 0.00948712, "iv": 70.83, "instrument_name": "BTC-30DEC22-36000-C", "index_price": 19087.36, "direction": "sell", "amount": 0.1}, {"trade_seq": 991, "trade_id": "229683923", "timestamp": 1663738241888, "tick_direction": 3, "price": 0.009, "mark_price": 0.00948748, "iv": 70.84, "instrument_name": "BTC-30DEC22-36000-C", "index_price": 19086.02, "direction": "sell", "amount": 0.1}, {"trade_seq": 990, "trade_id": "229683922", "timestamp": 1663738241870, "tick_direction": 3, "price": 0.009, "mark_price": 0.00948748, "iv": 70.84, "instrument_name": "BTC-30DEC22-36000-C", "index_price": 19086.02, "direction": "sell", "amount": 0.1}, {"trade_seq": 989, "trade_id": "229683917", "timestamp": 1663738237533, "tick_direction": 3, "price": 0.009, "mark_price": 0.00948448, "iv": 70.85, "instrument_name": "BTC-30DEC22-36000-C", "index_price": 19083.71, "direction": "sell", "amount": 0.1}, {"trade_seq": 988, "trade_id": "229683916", "timestamp": 1663738237523, "tick_direction": 3, "price": 0.009, "mark_price": 0.00948448, "iv": 70.85, "instrument_name": "BTC-30DEC22-36000-C", "index_price": 19083.71, "direction": "sell", "amount": 0.1}, {"trade_seq": 987, "trade_id": "229683908", "timestamp": 1663738236478, "tick_direction": 3, "price": 0.009, "mark_price": 0.0094814, "iv": 70.84, "instrument_name": "BTC-30DEC22-36000-C", "index_price": 19084.5, "direction": "sell", "amount": 0.1}, {"trade_seq": 986, "trade_id": "229683905", "timestamp": 1663738236437, "tick_direction": 3, "price": 0.009, "mark_price": 0.0094814, "iv": 70.84, "instrument_name": "BTC-30DEC22-36000-C", "index_price": 19084.5, "direction": "sell", "amount": 0.1}, {"trade_seq": 985, "trade_id": "229683904", "timestamp": 1663738236422, "tick_direction": 3, "price": 0.009, "mark_price": 0.0094814, "iv": 70.84, "instrument_name": "BTC-30DEC22-36000-C", "index_price": 19084.5, "direction": "sell", "amount": 0.1}, {"trade_seq": 984, "trade_id": "229683903", "timestamp": 1663738236387, "tick_direction": 3, "price": 0.009, "mark_price": 0.0094814, "iv": 70.85, "instrument_name": "BTC-30DEC22-36000-C", "index_price": 19087.82, "direction": "sell", "amount": 0.1}, {"trade_seq": 983, "trade_id": "229683901", "timestamp": 1663738236365, "tick_direction": 3, "price": 0.009, "mark_price": 0.0094814, "iv": 70.85, "instrument_name": "BTC-30DEC22-36000-C", "index_price": 19087.82, "direction": "sell", "amount": 0.1}, {"trade_seq": 982, "trade_id": "229683897", "timestamp": 1663738236174, "tick_direction": 3, "price": 0.009, "mark_price": 0.0094814, "iv": 70.85, "instrument_name": "BTC-30DEC22-36000-C", "index_price": 19087.82, "direction": "sell", "amount": 0.1}, {"trade_seq": 981, "trade_id": "229683896", "timestamp": 1663738236164, "tick_direction": 3, "price": 0.009, "mark_price": 0.0094814, "iv": 70.85, "instrument_name": "BTC-30DEC22-36000-C", "index_price": 19087.82, "direction": "sell", "amount": 0.1}, {"trade_seq": 980, "trade_id": "229683890", "timestamp": 1663738235972, "tick_direction": 3, "price": 0.009, "mark_price": 0.00947977, "iv": 70.85, "instrument_name": "BTC-30DEC22-36000-C", "index_price": 19087.82, "direction": "sell", "amount": 0.1}, {"trade_seq": 979, "trade_id": "229683889", "timestamp": 1663738235581, "tick_direction": 3, "price": 0.009, "mark_price": 0.00947977, "iv": 70.85, "instrument_name": "BTC-30DEC22-36000-C", "index_price": 19087.82, "direction": "sell", "amount": 0.1}, {"trade_seq": 978, "trade_id": "229683888", "timestamp": 1663738235571, "tick_direction": 3, "price": 0.009, "mark_price": 0.00947977, "iv": 70.85, "instrument_name": "BTC-30DEC22-36000-C", "index_price": 19087.82, "direction": "sell", "amount": 0.1}, {"trade_seq": 977, "trade_id": "229613726", "timestamp": 1663670988661, "tick_direction": 2, "price": 0.009, "mark_price": 0.0090089, "iv": 69.81, "instrument_name": "BTC-30DEC22-36000-C", "index_price": 19263.54, "direction": "sell", "amount": 0.1}, {"trade_seq": 976, "trade_id": "229509182", "timestamp": 1663591488549, "tick_direction": 2, "price": 0.0095, "mark_price": 0.00943702, "iv": 72.51, "instrument_name": "BTC-30DEC22-36000-C", "index_price": 18769.46, "direction": "sell", "amount": 1.0}, {"trade_seq": 975, "trade_id": "229435578", "timestamp": 1663551766572, "tick_direction": 3, "price": 0.0105, "mark_price": 0.01048189, "iv": 70.84, "instrument_name": "BTC-30DEC22-36000-C", "index_price": 19436.91, "direction": "buy", "amount": 0.5}, {"trade_seq": 974, "trade_id": "229434353", "timestamp": 1663548603266, "tick_direction": 2, "price": 0.0105, "mark_price": 0.01090711, "iv": 70.59, "instrument_name": "BTC-30DEC22-36000-C", "index_price": 19484.68, "direction": "buy", "amount": 1.0}, {"trade_seq": 973, "trade_id": "229393813", "timestamp": 1663489479951, "tick_direction": 3, "price": 0.011, "mark_price": 0.01112777, "iv": 68.43, "instrument_name": "BTC-30DEC22-36000-C", "index_price": 20073.18, "direction": "buy", "amount": 0.8}, {"trade_seq": 972, "trade_id": "229393812", "timestamp": 1663489479948, "tick_direction": 2, "price": 0.011, "mark_price": 0.01112777, "iv": 68.43, "instrument_name": "BTC-30DEC22-36000-C", "index_price": 20073.18, "direction": "sell", "amount": 0.2}, {"trade_seq": 971, "trade_id": "229389570", "timestamp": 1663473551499, "tick_direction": 3, "price": 0.012, "mark_price": 0.01103581, "iv": 69.99, "instrument_name": "BTC-30DEC22-36000-C", "index_price": 19993.93, "direction": "buy", "amount": 0.2}, {"trade_seq": 970, "trade_id": "229298477", "timestamp": 1663318452393, "tick_direction": 3, "price": 0.012, "mark_price": 0.01240924, "iv": 70.78, "instrument_name": "BTC-30DEC22-36000-C", "index_price": 19668.69, "direction": "sell", "amount": 2.0}, {"trade_seq": 969, "trade_id": "229295602", "timestamp": 1663316836342, "tick_direction": 2, "price": 0.012, "mark_price": 0.01238818, "iv": 70.7, "instrument_name": "BTC-30DEC22-36000-C", "index_price": 19685.53, "direction": "sell", "amount": 1.0}, {"trade_seq": 968, "trade_id": "229282907", "timestamp": 1663296792136, "tick_direction": 2, "price": 0.0125, "mark_price": 0.01267902, "iv": 71.03, "instrument_name": "BTC-30DEC22-36000-C", "index_price": 19729.5, "direction": "buy", "amount": 0.5}, {"trade_seq": 967, "trade_id": "229145746", "timestamp": 1663157616464, "tick_direction": 3, "price": 0.017, "mark_price": 0.01707288, "iv": 73.77, "instrument_name": "BTC-30DEC22-36000-C", "index_price": 20125.12, "direction": "sell", "amount": 0.1}, {"trade_seq": 966, "trade_id": "229145732", "timestamp": 1663157574476, "tick_direction": 3, "price": 0.017, "mark_price": 0.01705735, "iv": 73.77, "instrument_name": "BTC-30DEC22-36000-C", "index_price": 20127.21, "direction": "sell", "amount": 0.1}, {"trade_seq": 965, "trade_id": "229145731", "timestamp": 1663157574411, "tick_direction": 3, "price": 0.017, "mark_price": 0.01705735, "iv": 73.77, "instrument_name": "BTC-30DEC22-36000-C", "index_price": 20127.21, "direction": "sell", "amount": 0.1}, {"trade_seq": 964, "trade_id": "229145729", "timestamp": 1663157573350, "tick_direction": 3, "price": 0.017, "mark_price": 0.01705647, "iv": 73.77, "instrument_name": "BTC-30DEC22-36000-C", "index_price": 20127.1, "direction": "sell", "amount": 0.1}, {"trade_seq": 963, "trade_id": "229145728", "timestamp": 1663157571763, "tick_direction": 3, "price": 0.017, "mark_price": 0.01706047, "iv": 73.76, "instrument_name": "BTC-30DEC22-36000-C", "index_price": 20127.34, "direction": "sell", "amount": 0.1}, {"trade_seq": 962, "trade_id": "229145727", "timestamp": 1663157571378, "tick_direction": 3, "price": 0.017, "mark_price": 0.01706047, "iv": 73.76, "instrument_name": "BTC-30DEC22-36000-C", "index_price": 20128.09, "direction": "sell", "amount": 0.1}, {"trade_seq": 961, "trade_id": "229145726", "timestamp": 1663157569668, "tick_direction": 3, "price": 0.017, "mark_price": 0.01706465, "iv": 73.76, "instrument_name": "BTC-30DEC22-36000-C", "index_price": 20128.27, "direction": "sell", "amount": 0.1}, {"trade_seq": 960, "trade_id": "229145725", "timestamp": 1663157569644, "tick_direction": 3, "price": 0.017, "mark_price": 0.01706465, "iv": 73.76, "instrument_name": "BTC-30DEC22-36000-C", "index_price": 20128.27, "direction": "sell", "amount": 0.1}, {"trade_seq": 959, "trade_id": "229145724", "timestamp": 1663157568998, "tick_direction": 3, "price": 0.017, "mark_price": 0.01708106, "iv": 73.75, "instrument_name": "BTC-30DEC22-36000-C", "index_price": 20128.82, "direction": "sell", "amount": 0.1}, {"trade_seq": 958, "trade_id": "229145723", "timestamp": 1663157568763, "tick_direction": 3, "price": 0.017, "mark_price": 0.01708106, "iv": 73.75, "instrument_name": "BTC-30DEC22-36000-C", "index_price": 20128.82, "direction": "sell", "amount": 0.1}, {"trade_seq": 957, "trade_id": "229145722", "timestamp": 1663157568738, "tick_direction": 3, "price": 0.017, "mark_price": 0.01708106, "iv": 73.75, "instrument_name": "BTC-30DEC22-36000-C", "index_price": 20128.82, "direction": "sell", "amount": 0.1}, {"trade_seq": 956, "trade_id": "229145720", "timestamp": 1663157568247, "tick_direction": 2, "price": 0.017, "mark_price": 0.01708106, "iv": 73.74, "instrument_name": "BTC-30DEC22-36000-C", "index_price": 20132.83, "direction": "sell", "amount": 0.1}, {"trade_seq": 955, "trade_id": "228970443", "timestamp": 1663062883721, "tick_direction": 2, "price": 0.0297, "mark_price": 0.02962257, "iv": 73.89, "instrument_name": "BTC-30DEC22-36000-C", "index_price": 22393.65, "direction": "sell", "combo_id": "BTC-CS-30DEC22-30000_36000", "block_trade_id": "49241", "amount": 50.0}, {"trade_seq": 954, "trade_id": "228970441", "timestamp": 1663062883673, "tick_direction": 0, "price": 0.0298, "mark_price": 0.02962257, "iv": 73.97, "instrument_name": "BTC-30DEC22-36000-C", "index_price": 22393.65, "direction": "sell", "combo_id": "BTC-CS-30DEC22-30000_36000", "block_trade_id": "49240", "amount": 12.5}, {"trade_seq": 953, "trade_id": "228970439", "timestamp": 1663062883649, "tick_direction": 1, "price": 0.0297, "mark_price": 0.02962257, "iv": 73.89, "instrument_name": "BTC-30DEC22-36000-C", "index_price": 22393.65, "direction": "sell", "combo_id": "BTC-CS-30DEC22-30000_36000", "block_trade_id": "49239", "amount": 33.5}, {"trade_seq": 952, "trade_id": "228970436", "timestamp": 1663062883610, "tick_direction": 0, "price": 0.0297, "mark_price": 0.02962257, "iv": 73.89, "instrument_name": "BTC-30DEC22-36000-C", "index_price": 22393.65, "direction": "sell", "combo_id": "BTC-CS-30DEC22-30000_36000", "block_trade_id": "49238", "amount": 54.0}, {"trade_seq": 951, "trade_id": "228949886", "timestamp": 1663047448117, "tick_direction": 1, "price": 0.0285, "mark_price": 0.02816825, "iv": 73.0, "instrument_name": "BTC-30DEC22-36000-C", "index_price": 22385.57, "direction": "buy", "amount": 0.1}, {"trade_seq": 950, "trade_id": "228949885", "timestamp": 1663047445255, "tick_direction": 1, "price": 0.0285, "mark_price": 0.0281715, "iv": 72.99, "instrument_name": "BTC-30DEC22-36000-C", "index_price": 22385.55, "direction": "buy", "amount": 0.1}, {"trade_seq": 949, "trade_id": "228949879", "timestamp": 1663047440951, "tick_direction": 1, "price": 0.0285, "mark_price": 0.02816327, "iv": 73.0, "instrument_name": "BTC-30DEC22-36000-C", "index_price": 22384.28, "direction": "buy", "amount": 0.1}, {"trade_seq": 948, "trade_id": "228949878", "timestamp": 1663047436119, "tick_direction": 1, "price": 0.0285, "mark_price": 0.02816189, "iv": 73.0, "instrument_name": "BTC-30DEC22-36000-C", "index_price": 22383.79, "direction": "buy", "amount": 0.1}, {"trade_seq": 947, "trade_id": "228949877", "timestamp": 1663047434521, "tick_direction": 1, "price": 0.0285, "mark_price": 0.02816684, "iv": 73.0, "instrument_name": "BTC-30DEC22-36000-C", "index_price": 22384.01, "direction": "buy", "amount": 0.1}, {"trade_seq": 946, "trade_id": "228949876", "timestamp": 1663047434493, "tick_direction": 1, "price": 0.0285, "mark_price": 0.02816684, "iv": 73.0, "instrument_name": "BTC-30DEC22-36000-C", "index_price": 22384.01, "direction": "buy", "amount": 0.1}, {"trade_seq": 945, "trade_id": "228949871", "timestamp": 1663047407715, "tick_direction": 1, "price": 0.0285, "mark_price": 0.02813919, "iv": 73.02, "instrument_name": "BTC-30DEC22-36000-C", "index_price": 22379.87, "direction": "buy", "amount": 0.1}, {"trade_seq": 944, "trade_id": "228949870", "timestamp": 1663047407175, "tick_direction": 1, "price": 0.0285, "mark_price": 0.02813912, "iv": 73.02, "instrument_name": "BTC-30DEC22-36000-C", "index_price": 22379.87, "direction": "buy", "amount": 0.1}, {"trade_seq": 943, "trade_id": "228949869", "timestamp": 1663047407160, "tick_direction": 1, "price": 0.0285, "mark_price": 0.02813912, "iv": 73.02, "instrument_name": "BTC-30DEC22-36000-C", "index_price": 22379.87, "direction": "buy", "amount": 0.1}, {"trade_seq": 942, "trade_id": "228949868", "timestamp": 1663047407090, "tick_direction": 1, "price": 0.0285, "mark_price": 0.02813912, "iv": 73.02, "instrument_name": "BTC-30DEC22-36000-C", "index_price": 22379.87, "direction": "buy", "amount": 0.1}, {"trade_seq": 941, "trade_id": "228949864", "timestamp": 1663047397770, "tick_direction": 1, "price": 0.0285, "mark_price": 0.02813408, "iv": 73.03, "instrument_name": "BTC-30DEC22-36000-C", "index_price": 22378.64, "direction": "buy", "amount": 0.1}, {"trade_seq": 940, "trade_id": "228949863", "timestamp": 1663047397604, "tick_direction": 1, "price": 0.0285, "mark_price": 0.02813408, "iv": 73.03, "instrument_name": "BTC-30DEC22-36000-C", "index_price": 22378.64, "direction": "buy", "amount": 0.1}, {"trade_seq": 939, "trade_id": "228949833", "timestamp": 1663047296301, "tick_direction": 0, "price": 0.0285, "mark_price": 0.02815037, "iv": 73.04, "instrument_name": "BTC-30DEC22-36000-C", "index_price": 22379.49, "direction": "buy", "amount": 0.1}, {"trade_seq": 938, "trade_id": "228932006", "timestamp": 1663022699781, "tick_direction": 1, "price": 0.0275, "mark_price": 0.02721952, "iv": 72.22, "instrument_name": "BTC-30DEC22-36000-C", "index_price": 22370.56, "direction": "buy", "amount": 0.1}, {"trade_seq": 937, "trade_id": "228932005", "timestamp": 1663022699361, "tick_direction": 1, "price": 0.0275, "mark_price": 0.02719992, "iv": 72.22, "instrument_name": "BTC-30DEC22-36000-C", "index_price": 22370.56, "direction": "buy", "amount": 0.1}, {"trade_seq": 936, "trade_id": "228932004", "timestamp": 1663022699300, "tick_direction": 0, "price": 0.0275, "mark_price": 0.02719992, "iv": 72.22, "instrument_name": "BTC-30DEC22-36000-C", "index_price": 22370.56, "direction": "buy", "amount": 0.1}, {"trade_seq": 935, "trade_id": "228930356", "timestamp": 1663019920453, "tick_direction": 1, "price": 0.027, "mark_price": 0.02651947, "iv": 71.91, "instrument_name": "BTC-30DEC22-36000-C", "index_price": 22362.17, "direction": "buy", "amount": 0.1}, {"trade_seq": 934, "trade_id": "228930355", "timestamp": 1663019918430, "tick_direction": 1, "price": 0.027, "mark_price": 0.02651878, "iv": 71.91, "instrument_name": "BTC-30DEC22-36000-C", "index_price": 22362.12, "direction": "buy", "amount": 0.1}, {"trade_seq": 933, "trade_id": "228930353", "timestamp": 1663019904253, "tick_direction": 1, "price": 0.027, "mark_price": 0.02650871, "iv": 71.91, "instrument_name": "BTC-30DEC22-36000-C", "index_price": 22360.39, "direction": "buy", "amount": 0.1}, {"trade_seq": 932, "trade_id": "228930352", "timestamp": 1663019903747, "tick_direction": 1, "price": 0.027, "mark_price": 0.02650778, "iv": 71.91, "instrument_name": "BTC-30DEC22-36000-C", "index_price": 22360.39, "direction": "buy", "amount": 0.1}, {"trade_seq": 931, "trade_id": "228930345", "timestamp": 1663019882665, "tick_direction": 0, "price": 0.027, "mark_price": 0.0265098, "iv": 71.9, "instrument_name": "BTC-30DEC22-36000-C", "index_price": 22362.93, "direction": "buy", "amount": 0.2}, {"trade_seq": 930, "trade_id": "228879180", "timestamp": 1662975208286, "tick_direction": 1, "price": 0.0255, "mark_price": 0.02624771, "iv": 71.34, "instrument_name": "BTC-30DEC22-36000-C", "index_price": 22203.57, "direction": "buy", "amount": 10.0}, {"trade_seq": 929, "trade_id": "228879179", "timestamp": 1662975208277, "tick_direction": 0, "price": 0.0255, "mark_price": 0.02624771, "iv": 71.34, "instrument_name": "BTC-30DEC22-36000-C", "index_price": 22203.57, "direction": "sell", "amount": 10.0}, {"trade_seq": 928, "trade_id": "228856424", "timestamp": 1662953164593, "tick_direction": 0, "price": 0.025, "mark_price": 0.02512533, "iv": 72.86, "instrument_name": "BTC-30DEC22-36000-C", "index_price": 21757.75, "direction": "sell", "amount": 3.9}, {"trade_seq": 927, "trade_id": "228745736", "timestamp": 1662788233044, "tick_direction": 0, "price": 0.0235, "mark_price": 0.0235096, "iv": 71.61, "instrument_name": "BTC-30DEC22-36000-C", "index_price": 21604.61, "direction": "sell", "amount": 0.3}, {"trade_seq": 926, "trade_id": "228724984", "timestamp": 1662764044411, "tick_direction": 1, "price": 0.0215, "mark_price": 0.02109497, "iv": 70.86, "instrument_name": "BTC-30DEC22-36000-C", "index_price": 21382.31, "direction": "sell", "amount": 1.0}, {"trade_seq": 925, "trade_id": "228724979", "timestamp": 1662764033569, "tick_direction": 1, "price": 0.0215, "mark_price": 0.02107583, "iv": 70.87, "instrument_name": "BTC-30DEC22-36000-C", "index_price": 21378.62, "direction": "sell", "amount": 0.1}, {"trade_seq": 924, "trade_id": "228724978", "timestamp": 1662764033563, "tick_direction": 0, "price": 0.0215, "mark_price": 0.02107583, "iv": 70.87, "instrument_name": "BTC-30DEC22-36000-C", "index_price": 21378.62, "direction": "sell", "amount": 0.9}, {"trade_seq": 923, "trade_id": "228705142", "timestamp": 1662740818780, "tick_direction": 1, "price": 0.0205, "mark_price": 0.02024773, "iv": 70.23, "instrument_name": "BTC-30DEC22-36000-C", "index_price": 21293.59, "direction": "buy", "amount": 0.1}, {"trade_seq": 922, "trade_id": "228705114", "timestamp": 1662740801937, "tick_direction": 0, "price": 0.0205, "mark_price": 0.02026618, "iv": 70.21, "instrument_name": "BTC-30DEC22-36000-C", "index_price": 21296.23, "direction": "buy", "amount": 0.1}, {"trade_seq": 921, "trade_id": "228677235", "timestamp": 1662720467590, "tick_direction": 0, "price": 0.02, "mark_price": 0.02055017, "iv": 70.5, "instrument_name": "BTC-30DEC22-36000-C", "index_price": 21104.98, "direction": "buy", "amount": 1.0}, {"trade_seq": 920, "trade_id": "228647237", "timestamp": 1662706742562, "tick_direction": 1, "price": 0.0195, "mark_price": 0.01875862, "iv": 71.8, "instrument_name": "BTC-30DEC22-36000-C", "index_price": 20700.55, "direction": "buy", "amount": 1.0}, {"trade_seq": 919, "trade_id": "228647219", "timestamp": 1662706716325, "tick_direction": 0, "price": 0.0195, "mark_price": 0.01874147, "iv": 71.82, "instrument_name": "BTC-30DEC22-36000-C", "index_price": 20700.89, "direction": "buy", "amount": 1.0}, {"trade_seq": 918, "trade_id": "228637574", "timestamp": 1662702089913, "tick_direction": 0, "price": 0.019, "mark_price": 0.01784666, "iv": 71.88, "instrument_name": "BTC-30DEC22-36000-C", "index_price": 20571.16, "direction": "buy", "amount": 0.5}, {"trade_seq": 917, "trade_id": "228636657", "timestamp": 1662701694504, "tick_direction": 1, "price": 0.018, "mark_price": 0.01789755, "iv": 70.56, "instrument_name": "BTC-30DEC22-36000-C", "index_price": 20644.63, "direction": "buy", "amount": 0.1}, {"trade_seq": 916, "trade_id": "228636656", "timestamp": 1662701694450, "tick_direction": 1, "price": 0.018, "mark_price": 0.01789755, "iv": 70.56, "instrument_name": "BTC-30DEC22-36000-C", "index_price": 20644.63, "direction": "buy", "amount": 0.1}, {"trade_seq": 915, "trade_id": "228636655", "timestamp": 1662701694419, "tick_direction": 1, "price": 0.018, "mark_price": 0.01789755, "iv": 70.56, "instrument_name": "BTC-30DEC22-36000-C", "index_price": 20644.63, "direction": "buy", "amount": 0.1}, {"trade_seq": 914, "trade_id": "228636654", "timestamp": 1662701694408, "tick_direction": 1, "price": 0.018, "mark_price": 0.01789755, "iv": 70.56, "instrument_name": "BTC-30DEC22-36000-C", "index_price": 20644.63, "direction": "buy", "amount": 0.1}, {"trade_seq": 913, "trade_id": "228636653", "timestamp": 1662701694398, "tick_direction": 1, "price": 0.018, "mark_price": 0.01789755, "iv": 70.56, "instrument_name": "BTC-30DEC22-36000-C", "index_price": 20644.63, "direction": "buy", "amount": 0.1}, {"trade_seq": 912, "trade_id": "228636652", "timestamp": 1662701694295, "tick_direction": 1, "price": 0.018, "mark_price": 0.01789755, "iv": 70.56, "instrument_name": "BTC-30DEC22-36000-C", "index_price": 20644.63, "direction": "buy", "amount": 0.1}, {"trade_seq": 911, "trade_id": "228636651", "timestamp": 1662701694233, "tick_direction": 1, "price": 0.018, "mark_price": 0.01789755, "iv": 70.56, "instrument_name": "BTC-30DEC22-36000-C", "index_price": 20644.63, "direction": "buy", "amount": 0.1}, {"trade_seq": 910, "trade_id": "228636648", "timestamp": 1662701694064, "tick_direction": 1, "price": 0.018, "mark_price": 0.01789746, "iv": 70.56, "instrument_name": "BTC-30DEC22-36000-C", "index_price": 20644.63, "direction": "buy", "amount": 0.1}, {"trade_seq": 909, "trade_id": "228636647", "timestamp": 1662701693964, "tick_direction": 1, "price": 0.018, "mark_price": 0.01789746, "iv": 70.56, "instrument_name": "BTC-30DEC22-36000-C", "index_price": 20644.63, "direction": "buy", "amount": 0.1}, {"trade_seq": 908, "trade_id": "228636629", "timestamp": 1662701684702, "tick_direction": 0, "price": 0.018, "mark_price": 0.01789183, "iv": 70.55, "instrument_name": "BTC-30DEC22-36000-C", "index_price": 20645.73, "direction": "buy", "amount": 0.1}, {"trade_seq": 907, "trade_id": "228626308", "timestamp": 1662698757418, "tick_direction": 1, "price": 0.0165, "mark_price": 0.01631384, "iv": 70.71, "instrument_name": "BTC-30DEC22-36000-C", "index_price": 20288.2, "direction": "buy", "amount": 0.2}, {"trade_seq": 906, "trade_id": "228626307", "timestamp": 1662698757370, "tick_direction": 1, "price": 0.0165, "mark_price": 0.01631384, "iv": 70.71, "instrument_name": "BTC-30DEC22-36000-C", "index_price": 20288.2, "direction": "buy", "amount": 0.8}, {"trade_seq": 905, "trade_id": "228625339", "timestamp": 1662698188754, "tick_direction": 1, "price": 0.0165, "mark_price": 0.01612896, "iv": 70.61, "instrument_name": "BTC-30DEC22-36000-C", "index_price": 20307.62, "direction": "buy", "amount": 0.1}, {"trade_seq": 904, "trade_id": "228625322", "timestamp": 1662698177431, "tick_direction": 1, "price": 0.0165, "mark_price": 0.01609546, "iv": 70.62, "instrument_name": "BTC-30DEC22-36000-C", "index_price": 20305.67, "direction": "buy", "amount": 0.1}, {"trade_seq": 903, "trade_id": "228625321", "timestamp": 1662698177334, "tick_direction": 1, "price": 0.0165, "mark_price": 0.01609546, "iv": 70.62, "instrument_name": "BTC-30DEC22-36000-C", "index_price": 20305.67, "direction": "buy", "amount": 0.1}, {"trade_seq": 902, "trade_id": "228625320", "timestamp": 1662698177297, "tick_direction": 1, "price": 0.0165, "mark_price": 0.01609546, "iv": 70.62, "instrument_name": "BTC-30DEC22-36000-C", "index_price": 20305.67, "direction": "buy", "amount": 0.1}, {"trade_seq": 901, "trade_id": "228625319", "timestamp": 1662698177146, "tick_direction": 1, "price": 0.0165, "mark_price": 0.01609546, "iv": 70.66, "instrument_name": "BTC-30DEC22-36000-C", "index_price": 20305.67, "direction": "buy", "amount": 0.1}, {"trade_seq": 900, "trade_id": "228625318", "timestamp": 1662698177134, "tick_direction": 1, "price": 0.0165, "mark_price": 0.01609546, "iv": 70.66, "instrument_name": "BTC-30DEC22-36000-C", "index_price": 20305.67, "direction": "buy", "amount": 0.2}, {"trade_seq": 899, "trade_id": "228625317", "timestamp": 1662698177108, "tick_direction": 1, "price": 0.0165, "mark_price": 0.01609546, "iv": 70.66, "instrument_name": "BTC-30DEC22-36000-C", "index_price": 20295.51, "direction": "buy", "amount": 0.2}, {"trade_seq": 898, "trade_id": "228625316", "timestamp": 1662698176891, "tick_direction": 0, "price": 0.0165, "mark_price": 0.01609546, "iv": 70.66, "instrument_name": "BTC-30DEC22-36000-C", "index_price": 20295.51, "direction": "buy", "amount": 0.1}, {"trade_seq": 897, "trade_id": "228593496", "timestamp": 1662677430337, "tick_direction": 1, "price": 0.0135, "mark_price": 0.01383506, "iv": 71.71, "instrument_name": "BTC-30DEC22-36000-C", "index_price": 19298.23, "direction": "sell", "amount": 0.1}, {"trade_seq": 896, "trade_id": "228593495", "timestamp": 1662677406408, "tick_direction": 1, "price": 0.0135, "mark_price": 0.01382556, "iv": 71.69, "instrument_name": "BTC-30DEC22-36000-C", "index_price": 19298.07, "direction": "sell", "amount": 0.1}, {"trade_seq": 895, "trade_id": "228593494", "timestamp": 1662677406085, "tick_direction": 1, "price": 0.0135, "mark_price": 0.01382522, "iv": 71.69, "instrument_name": "BTC-30DEC22-36000-C", "index_price": 19298.07, "direction": "sell", "amount": 0.1}, {"trade_seq": 894, "trade_id": "228593493", "timestamp": 1662677406076, "tick_direction": 1, "price": 0.0135, "mark_price": 0.01382522, "iv": 71.69, "instrument_name": "BTC-30DEC22-36000-C", "index_price": 19298.07, "direction": "sell", "amount": 0.1}, {"trade_seq": 893, "trade_id": "228593492", "timestamp": 1662677406068, "tick_direction": 1, "price": 0.0135, "mark_price": 0.01382522, "iv": 71.69, "instrument_name": "BTC-30DEC22-36000-C", "index_price": 19298.07, "direction": "sell", "amount": 0.1}, {"trade_seq": 892, "trade_id": "228593491", "timestamp": 1662677406020, "tick_direction": 1, "price": 0.0135, "mark_price": 0.01382522, "iv": 71.69, "instrument_name": "BTC-30DEC22-36000-C", "index_price": 19298.07, "direction": "sell", "amount": 0.2}, {"trade_seq": 891, "trade_id": "228593490", "timestamp": 1662677405393, "tick_direction": 1, "price": 0.0135, "mark_price": 0.0138236, "iv": 71.71, "instrument_name": "BTC-30DEC22-36000-C", "index_price": 19294.61, "direction": "sell", "amount": 0.2}, {"trade_seq": 890, "trade_id": "228593442", "timestamp": 1662677079460, "tick_direction": 1, "price": 0.0135, "mark_price": 0.01384281, "iv": 71.76, "instrument_name": "BTC-30DEC22-36000-C", "index_price": 19288.02, "direction": "sell", "amount": 0.1}, {"trade_seq": 889, "trade_id": "228593438", "timestamp": 1662677071352, "tick_direction": 1, "price": 0.0135, "mark_price": 0.01383269, "iv": 71.76, "instrument_name": "BTC-30DEC22-36000-C", "index_price": 19285.7, "direction": "sell", "amount": 0.1}, {"trade_seq": 888, "trade_id": "228593433", "timestamp": 1662677042922, "tick_direction": 1, "price": 0.0135, "mark_price": 0.01379865, "iv": 71.79, "instrument_name": "BTC-30DEC22-36000-C", "index_price": 19280.54, "direction": "sell", "amount": 0.1}, {"trade_seq": 887, "trade_id": "228593003", "timestamp": 1662676246969, "tick_direction": 1, "price": 0.0135, "mark_price": 0.01389333, "iv": 71.78, "instrument_name": "BTC-30DEC22-36000-C", "index_price": 19272.59, "direction": "sell", "amount": 0.1}, {"trade_seq": 886, "trade_id": "228593002", "timestamp": 1662676246954, "tick_direction": 1, "price": 0.0135, "mark_price": 0.01389333, "iv": 71.78, "instrument_name": "BTC-30DEC22-36000-C", "index_price": 19272.59, "direction": "sell", "amount": 0.1}, {"trade_seq": 885, "trade_id": "228593001", "timestamp": 1662676246939, "tick_direction": 1, "price": 0.0135, "mark_price": 0.01389333, "iv": 71.78, "instrument_name": "BTC-30DEC22-36000-C", "index_price": 19272.59, "direction": "sell", "amount": 0.1}, {"trade_seq": 884, "trade_id": "228592999", "timestamp": 1662676246828, "tick_direction": 1, "price": 0.0135, "mark_price": 0.01389333, "iv": 71.78, "instrument_name": "BTC-30DEC22-36000-C", "index_price": 19272.59, "direction": "sell", "amount": 0.1}, {"trade_seq": 883, "trade_id": "228592998", "timestamp": 1662676246802, "tick_direction": 1, "price": 0.0135, "mark_price": 0.01389333, "iv": 71.78, "instrument_name": "BTC-30DEC22-36000-C", "index_price": 19272.59, "direction": "sell", "amount": 0.1}, {"trade_seq": 882, "trade_id": "228592996", "timestamp": 1662676246539, "tick_direction": 1, "price": 0.0135, "mark_price": 0.01389333, "iv": 71.78, "instrument_name": "BTC-30DEC22-36000-C", "index_price": 19272.59, "direction": "sell", "amount": 0.1}, {"trade_seq": 881, "trade_id": "228592983", "timestamp": 1662676246220, "tick_direction": 1, "price": 0.0135, "mark_price": 0.01389333, "iv": 71.78, "instrument_name": "BTC-30DEC22-36000-C", "index_price": 19272.59, "direction": "sell", "amount": 0.1}, {"trade_seq": 880, "trade_id": "228592976", "timestamp": 1662676237434, "tick_direction": 1, "price": 0.0135, "mark_price": 0.01389563, "iv": 71.78, "instrument_name": "BTC-30DEC22-36000-C", "index_price": 19273.54, "direction": "sell", "amount": 0.1}, {"trade_seq": 879, "trade_id": "228592975", "timestamp": 1662676237420, "tick_direction": 1, "price": 0.0135, "mark_price": 0.01389563, "iv": 71.78, "instrument_name": "BTC-30DEC22-36000-C", "index_price": 19273.54, "direction": "sell", "amount": 0.1}, {"trade_seq": 878, "trade_id": "228592854", "timestamp": 1662675997138, "tick_direction": 1, "price": 0.0135, "mark_price": 0.01391629, "iv": 71.78, "instrument_name": "BTC-30DEC22-36000-C", "index_price": 19272.62, "direction": "sell", "amount": 0.1}, {"trade_seq": 877, "trade_id": "228592850", "timestamp": 1662675996871, "tick_direction": 1, "price": 0.0135, "mark_price": 0.01391629, "iv": 71.78, "instrument_name": "BTC-30DEC22-36000-C", "index_price": 19273.26, "direction": "sell", "amount": 0.1}, {"trade_seq": 876, "trade_id": "228592849", "timestamp": 1662675996859, "tick_direction": 1, "price": 0.0135, "mark_price": 0.01391629, "iv": 71.78, "instrument_name": "BTC-30DEC22-36000-C", "index_price": 19273.26, "direction": "sell", "amount": 0.1}, {"trade_seq": 875, "trade_id": "228592848", "timestamp": 1662675996846, "tick_direction": 1, "price": 0.0135, "mark_price": 0.01391629, "iv": 71.78, "instrument_name": "BTC-30DEC22-36000-C", "index_price": 19273.26, "direction": "sell", "amount": 0.1}, {"trade_seq": 874, "trade_id": "228592711", "timestamp": 1662675789051, "tick_direction": 1, "price": 0.0135, "mark_price": 0.01391528, "iv": 71.76, "instrument_name": "BTC-30DEC22-36000-C", "index_price": 19277.82, "direction": "sell", "amount": 0.1}, {"trade_seq": 873, "trade_id": "228572334", "timestamp": 1662652335102, "tick_direction": 1, "price": 0.0135, "mark_price": 0.01357916, "iv": 71.9, "instrument_name": "BTC-30DEC22-36000-C", "index_price": 19241.5, "direction": "sell", "amount": 15.0}, {"trade_seq": 872, "trade_id": "228571738", "timestamp": 1662651663784, "tick_direction": 1, "price": 0.0135, "mark_price": 0.01335845, "iv": 71.8, "instrument_name": "BTC-30DEC22-36000-C", "index_price": 19253.77, "direction": "sell", "amount": 0.1}, {"trade_seq": 871, "trade_id": "228571737", "timestamp": 1662651663773, "tick_direction": 1, "price": 0.0135, "mark_price": 0.01335845, "iv": 71.8, "instrument_name": "BTC-30DEC22-36000-C", "index_price": 19253.77, "direction": "sell", "amount": 0.1}, {"trade_seq": 870, "trade_id": "228571736", "timestamp": 1662651663764, "tick_direction": 1, "price": 0.0135, "mark_price": 0.01335845, "iv": 71.8, "instrument_name": "BTC-30DEC22-36000-C", "index_price": 19253.77, "direction": "sell", "amount": 0.1}, {"trade_seq": 869, "trade_id": "228571735", "timestamp": 1662651663748, "tick_direction": 1, "price": 0.0135, "mark_price": 0.01335845, "iv": 71.8, "instrument_name": "BTC-30DEC22-36000-C", "index_price": 19253.77, "direction": "sell", "amount": 0.2}, {"trade_seq": 868, "trade_id": "228571734", "timestamp": 1662651663735, "tick_direction": 1, "price": 0.0135, "mark_price": 0.01335845, "iv": 71.8, "instrument_name": "BTC-30DEC22-36000-C", "index_price": 19253.77, "direction": "sell", "amount": 0.2}, {"trade_seq": 867, "trade_id": "228571733", "timestamp": 1662651663711, "tick_direction": 1, "price": 0.0135, "mark_price": 0.01335845, "iv": 71.8, "instrument_name": "BTC-30DEC22-36000-C", "index_price": 19253.77, "direction": "sell", "amount": 0.3}, {"trade_seq": 866, "trade_id": "228571732", "timestamp": 1662651663702, "tick_direction": 1, "price": 0.0135, "mark_price": 0.01335845, "iv": 71.8, "instrument_name": "BTC-30DEC22-36000-C", "index_price": 19253.77, "direction": "sell", "amount": 0.3}, {"trade_seq": 865, "trade_id": "228571731", "timestamp": 1662651663680, "tick_direction": 1, "price": 0.0135, "mark_price": 0.01335845, "iv": 71.8, "instrument_name": "BTC-30DEC22-36000-C", "index_price": 19253.77, "direction": "sell", "amount": 0.4}, {"trade_seq": 864, "trade_id": "228571730", "timestamp": 1662651663678, "tick_direction": 1, "price": 0.0135, "mark_price": 0.01335845, "iv": 71.8, "instrument_name": "BTC-30DEC22-36000-C", "index_price": 19253.77, "direction": "sell", "amount": 0.1}, {"trade_seq": 863, "trade_id": "228571729", "timestamp": 1662651663663, "tick_direction": 1, "price": 0.0135, "mark_price": 0.01335845, "iv": 71.8, "instrument_name": "BTC-30DEC22-36000-C", "index_price": 19253.77, "direction": "sell", "amount": 0.5}, {"trade_seq": 862, "trade_id": "228571728", "timestamp": 1662651663643, "tick_direction": 1, "price": 0.0135, "mark_price": 0.01335845, "iv": 71.8, "instrument_name": "BTC-30DEC22-36000-C", "index_price": 19253.77, "direction": "sell", "amount": 0.6}, {"trade_seq": 861, "trade_id": "228571727", "timestamp": 1662651663635, "tick_direction": 1, "price": 0.0135, "mark_price": 0.01335845, "iv": 71.8, "instrument_name": "BTC-30DEC22-36000-C", "index_price": 19253.77, "direction": "sell", "amount": 0.8}, {"trade_seq": 860, "trade_id": "228571726", "timestamp": 1662651663624, "tick_direction": 0, "price": 0.0135, "mark_price": 0.01335845, "iv": 71.8, "instrument_name": "BTC-30DEC22-36000-C", "index_price": 19253.77, "direction": "sell", "amount": 1.0}, {"trade_seq": 859, "trade_id": "228448239", "timestamp": 1662510569011, "tick_direction": 3, "price": 0.013, "mark_price": 0.01308306, "iv": 73.07, "instrument_name": "BTC-30DEC22-36000-C", "index_price": 18735.59, "direction": "sell", "amount": 0.1}, {"trade_seq": 858, "trade_id": "228448238", "timestamp": 1662510568992, "tick_direction": 3, "price": 0.013, "mark_price": 0.01308306, "iv": 73.07, "instrument_name": "BTC-30DEC22-36000-C", "index_price": 18735.59, "direction": "sell", "amount": 0.1}, {"trade_seq": 857, "trade_id": "228448237", "timestamp": 1662510568975, "tick_direction": 3, "price": 0.013, "mark_price": 0.01308306, "iv": 73.07, "instrument_name": "BTC-30DEC22-36000-C", "index_price": 18735.59, "direction": "sell", "amount": 0.2}, {"trade_seq": 856, "trade_id": "228448236", "timestamp": 1662510568876, "tick_direction": 3, "price": 0.013, "mark_price": 0.01308306, "iv": 73.07, "instrument_name": "BTC-30DEC22-36000-C", "index_price": 18735.59, "direction": "sell", "amount": 0.1}, {"trade_seq": 855, "trade_id": "228448235", "timestamp": 1662510568304, "tick_direction": 3, "price": 0.013, "mark_price": 0.01309309, "iv": 73.06, "instrument_name": "BTC-30DEC22-36000-C", "index_price": 18739.17, "direction": "sell", "amount": 0.1}, {"trade_seq": 854, "trade_id": "228448203", "timestamp": 1662510502406, "tick_direction": 3, "price": 0.013, "mark_price": 0.0130203, "iv": 73.05, "instrument_name": "BTC-30DEC22-36000-C", "index_price": 18734.08, "direction": "sell", "amount": 0.2}, {"trade_seq": 853, "trade_id": "228448202", "timestamp": 1662510502217, "tick_direction": 3, "price": 0.013, "mark_price": 0.01301661, "iv": 73.07, "instrument_name": "BTC-30DEC22-36000-C", "index_price": 18731.27, "direction": "sell", "amount": 0.2}, {"trade_seq": 852, "trade_id": "228448197", "timestamp": 1662510501913, "tick_direction": 3, "price": 0.013, "mark_price": 0.01301661, "iv": 73.07, "instrument_name": "BTC-30DEC22-36000-C", "index_price": 18731.27, "direction": "sell", "amount": 0.4}, {"trade_seq": 851, "trade_id": "228448196", "timestamp": 1662510501903, "tick_direction": 3, "price": 0.013, "mark_price": 0.01301661, "iv": 73.07, "instrument_name": "BTC-30DEC22-36000-C", "index_price": 18731.27, "direction": "sell", "amount": 0.5}, {"trade_seq": 850, "trade_id": "228448130", "timestamp": 1662510397652, "tick_direction": 3, "price": 0.013, "mark_price": 0.0129869, "iv": 73.06, "instrument_name": "BTC-30DEC22-36000-C", "index_price": 18732.79, "direction": "sell", "amount": 0.1}, {"trade_seq": 849, "trade_id": "228448129", "timestamp": 1662510397623, "tick_direction": 3, "price": 0.013, "mark_price": 0.0129869, "iv": 73.06, "instrument_name": "BTC-30DEC22-36000-C", "index_price": 18732.79, "direction": "sell", "amount": 0.8}, {"trade_seq": 848, "trade_id": "228448128", "timestamp": 1662510397596, "tick_direction": 3, "price": 0.013, "mark_price": 0.0129869, "iv": 73.06, "instrument_name": "BTC-30DEC22-36000-C", "index_price": 18732.79, "direction": "sell", "amount": 1.0}, {"trade_seq": 847, "trade_id": "228448127", "timestamp": 1662510397567, "tick_direction": 3, "price": 0.013, "mark_price": 0.0129869, "iv": 73.04, "instrument_name": "BTC-30DEC22-36000-C", "index_price": 18736.15, "direction": "sell", "amount": 1.4}, {"trade_seq": 846, "trade_id": "228443740", "timestamp": 1662505805771, "tick_direction": 3, "price": 0.013, "mark_price": 0.01333773, "iv": 72.5, "instrument_name": "BTC-30DEC22-36000-C", "index_price": 18858.66, "direction": "sell", "amount": 0.1}, {"trade_seq": 845, "trade_id": "228443739", "timestamp": 1662505805760, "tick_direction": 3, "price": 0.013, "mark_price": 0.01333773, "iv": 72.5, "instrument_name": "BTC-30DEC22-36000-C", "index_price": 18858.66, "direction": "sell", "amount": 0.1}, {"trade_seq": 844, "trade_id": "228443737", "timestamp": 1662505805714, "tick_direction": 3, "price": 0.013, "mark_price": 0.01333773, "iv": 72.5, "instrument_name": "BTC-30DEC22-36000-C", "index_price": 18858.66, "direction": "sell", "amount": 0.1}, {"trade_seq": 843, "trade_id": "228443734", "timestamp": 1662505805521, "tick_direction": 3, "price": 0.013, "mark_price": 0.01333773, "iv": 72.5, "instrument_name": "BTC-30DEC22-36000-C", "index_price": 18858.66, "direction": "sell", "amount": 0.1}, {"trade_seq": 842, "trade_id": "228443733", "timestamp": 1662505805504, "tick_direction": 3, "price": 0.013, "mark_price": 0.01333773, "iv": 72.5, "instrument_name": "BTC-30DEC22-36000-C", "index_price": 18858.66, "direction": "sell", "amount": 0.1}, {"trade_seq": 841, "trade_id": "228443732", "timestamp": 1662505805492, "tick_direction": 3, "price": 0.013, "mark_price": 0.01333773, "iv": 72.5, "instrument_name": "BTC-30DEC22-36000-C", "index_price": 18858.66, "direction": "sell", "amount": 0.1}, {"trade_seq": 840, "trade_id": "228443708", "timestamp": 1662505803612, "tick_direction": 3, "price": 0.013, "mark_price": 0.01334214, "iv": 72.5, "instrument_name": "BTC-30DEC22-36000-C", "index_price": 18860.17, "direction": "sell", "amount": 0.1}, {"trade_seq": 839, "trade_id": "228443707", "timestamp": 1662505803585, "tick_direction": 3, "price": 0.013, "mark_price": 0.01334214, "iv": 72.5, "instrument_name": "BTC-30DEC22-36000-C", "index_price": 18860.17, "direction": "sell", "amount": 0.1}, {"trade_seq": 838, "trade_id": "228443701", "timestamp": 1662505799723, "tick_direction": 3, "price": 0.013, "mark_price": 0.01335899, "iv": 72.49, "instrument_name": "BTC-30DEC22-36000-C", "index_price": 18860.91, "direction": "sell", "amount": 0.1}, {"trade_seq": 837, "trade_id": "228443700", "timestamp": 1662505799694, "tick_direction": 3, "price": 0.013, "mark_price": 0.01335899, "iv": 72.49, "instrument_name": "BTC-30DEC22-36000-C", "index_price": 18860.91, "direction": "sell", "amount": 0.1}, {"trade_seq": 836, "trade_id": "228443696", "timestamp": 1662505798264, "tick_direction": 3, "price": 0.013, "mark_price": 0.01336576, "iv": 72.48, "instrument_name": "BTC-30DEC22-36000-C", "index_price": 18863.8, "direction": "sell", "amount": 0.1}, {"trade_seq": 835, "trade_id": "228443695", "timestamp": 1662505798253, "tick_direction": 2, "price": 0.013, "mark_price": 0.01336576, "iv": 72.48, "instrument_name": "BTC-30DEC22-36000-C", "index_price": 18863.8, "direction": "sell", "amount": 0.1}, {"trade_seq": 834, "trade_id": "228318720", "timestamp": 1662449667445, "tick_direction": 0, "price": 0.0155, "mark_price": 0.01543475, "iv": 70.44, "instrument_name": "BTC-30DEC22-36000-C", "index_price": 19903.64, "direction": "buy", "amount": 0.1}, {"trade_seq": 833, "trade_id": "228308108", "timestamp": 1662433193176, "tick_direction": 2, "price": 0.0145, "mark_price": 0.01505186, "iv": 69.78, "instrument_name": "BTC-30DEC22-36000-C", "index_price": 19814.07, "direction": "sell", "amount": 1.1}, {"trade_seq": 832, "trade_id": "228307998", "timestamp": 1662432948538, "tick_direction": 1, "price": 0.0152, "mark_price": 0.01510935, "iv": 70.52, "instrument_name": "BTC-30DEC22-36000-C", "index_price": 19812.49, "direction": "sell", "combo_id": "BTC-CS-30DEC22-25000_36000", "block_trade_id": "48522", "amount": 25.0}, {"trade_seq": 831, "trade_id": "228307637", "timestamp": 1662432592157, "tick_direction": 0, "price": 0.0152, "mark_price": 0.01500249, "iv": 70.64, "instrument_name": "BTC-30DEC22-36000-C", "index_price": 19783.61, "direction": "sell", "combo_id": "BTC-CS-30DEC22-25000_36000", "block_trade_id": "48520", "amount": 25.0}, {"trade_seq": 830, "trade_id": "228306652", "timestamp": 1662431240945, "tick_direction": 3, "price": 0.0147, "mark_price": 0.014671, "iv": 70.46, "instrument_name": "BTC-30DEC22-36000-C", "index_price": 19704.45, "direction": "sell", "combo_id": "BTC-CS-30DEC22-25000_36000", "block_trade_id": "48519", "amount": 50.0}, {"trade_seq": 829, "trade_id": "228306649", "timestamp": 1662431240791, "tick_direction": 2, "price": 0.0147, "mark_price": 0.014671, "iv": 70.46, "instrument_name": "BTC-30DEC22-36000-C", "index_price": 19704.45, "direction": "sell", "combo_id": "BTC-CS-30DEC22-25000_36000", "block_trade_id": "48518", "amount": 50.0}, {"trade_seq": 828, "trade_id": "228248320", "timestamp": 1662353911071, "tick_direction": 1, "price": 0.0155, "mark_price": 0.01573815, "iv": 70.23, "instrument_name": "BTC-30DEC22-36000-C", "index_price": 19899.08, "direction": "buy", "amount": 0.1}, {"trade_seq": 827, "trade_id": "228248319", "timestamp": 1662353911031, "tick_direction": 1, "price": 0.0155, "mark_price": 0.01573815, "iv": 70.23, "instrument_name": "BTC-30DEC22-36000-C", "index_price": 19899.08, "direction": "buy", "amount": 0.1}, {"trade_seq": 826, "trade_id": "228248304", "timestamp": 1662353855692, "tick_direction": 1, "price": 0.0155, "mark_price": 0.0157418, "iv": 70.23, "instrument_name": "BTC-30DEC22-36000-C", "index_price": 19898.62, "direction": "buy", "amount": 0.1}, {"trade_seq": 825, "trade_id": "228248303", "timestamp": 1662353853704, "tick_direction": 1, "price": 0.0155, "mark_price": 0.01574309, "iv": 70.23, "instrument_name": "BTC-30DEC22-36000-C", "index_price": 19898.81, "direction": "buy", "amount": 0.1}, {"trade_seq": 824, "trade_id": "228248301", "timestamp": 1662353844563, "tick_direction": 0, "price": 0.0155, "mark_price": 0.01572869, "iv": 70.25, "instrument_name": "BTC-30DEC22-36000-C", "index_price": 19894.49, "direction": "buy", "amount": 0.1}, {"trade_seq": 823, "trade_id": "228193744", "timestamp": 1662208149302, "tick_direction": 3, "price": 0.015, "mark_price": 0.01470623, "iv": 69.4, "instrument_name": "BTC-30DEC22-36000-C", "index_price": 19837.05, "direction": "buy", "amount": 1.0}, {"trade_seq": 822, "trade_id": "228193743", "timestamp": 1662208144851, "tick_direction": 2, "price": 0.015, "mark_price": 0.01470586, "iv": 69.4, "instrument_name": "BTC-30DEC22-36000-C", "index_price": 19837.41, "direction": "buy", "amount": 1.0}, {"trade_seq": 821, "trade_id": "228124009", "timestamp": 1662122815730, "tick_direction": 3, "price": 0.017, "mark_price": 0.01710672, "iv": 69.58, "instrument_name": "BTC-30DEC22-36000-C", "index_price": 20201.26, "direction": "sell", "amount": 2.8}, {"trade_seq": 820, "trade_id": "228104729", "timestamp": 1662109506156, "tick_direction": 2, "price": 0.017, "mark_price": 0.01727217, "iv": 70.02, "instrument_name": "BTC-30DEC22-36000-C", "index_price": 20088.07, "direction": "sell", "amount": 100.8}, {"trade_seq": 819, "trade_id": "228104720", "timestamp": 1662109453096, "tick_direction": 0, "price": 0.0171, "mark_price": 0.01726238, "iv": 70.13, "instrument_name": "BTC-30DEC22-36000-C", "index_price": 20087.21, "direction": "sell", "combo_id": "BTC-CS-30DEC22-35000_36000", "block_trade_id": "48400", "amount": 200.0}, {"trade_seq": 818, "trade_id": "228102953", "timestamp": 1662106857067, "tick_direction": 3, "price": 0.017, "mark_price": 0.01742768, "iv": 70.06, "instrument_name": "BTC-30DEC22-36000-C", "index_price": 20083.1, "direction": "sell", "amount": 0.1}, {"trade_seq": 817, "trade_id": "228102952", "timestamp": 1662106854031, "tick_direction": 3, "price": 0.017, "mark_price": 0.01743591, "iv": 70.05, "instrument_name": "BTC-30DEC22-36000-C", "index_price": 20084.33, "direction": "sell", "amount": 0.1}, {"trade_seq": 816, "trade_id": "228102938", "timestamp": 1662106846893, "tick_direction": 3, "price": 0.017, "mark_price": 0.01744125, "iv": 70.04, "instrument_name": "BTC-30DEC22-36000-C", "index_price": 20084.13, "direction": "sell", "amount": 0.1}, {"trade_seq": 815, "trade_id": "228102920", "timestamp": 1662106813954, "tick_direction": 3, "price": 0.017, "mark_price": 0.01744755, "iv": 70.04, "instrument_name": "BTC-30DEC22-36000-C", "index_price": 20084.75, "direction": "sell", "amount": 0.1}, {"trade_seq": 814, "trade_id": "228102919", "timestamp": 1662106813938, "tick_direction": 3, "price": 0.017, "mark_price": 0.01744755, "iv": 70.04, "instrument_name": "BTC-30DEC22-36000-C", "index_price": 20084.75, "direction": "sell", "amount": 0.1}, {"trade_seq": 813, "trade_id": "228102902", "timestamp": 1662106796279, "tick_direction": 3, "price": 0.017, "mark_price": 0.01745446, "iv": 70.03, "instrument_name": "BTC-30DEC22-36000-C", "index_price": 20090.98, "direction": "sell", "amount": 0.1}, {"trade_seq": 812, "trade_id": "228102900", "timestamp": 1662106796119, "tick_direction": 3, "price": 0.017, "mark_price": 0.01745456, "iv": 70.03, "instrument_name": "BTC-30DEC22-36000-C", "index_price": 20090.98, "direction": "sell", "amount": 0.1}, {"trade_seq": 811, "trade_id": "228102898", "timestamp": 1662106795472, "tick_direction": 3, "price": 0.017, "mark_price": 0.01745456, "iv": 70.03, "instrument_name": "BTC-30DEC22-36000-C", "index_price": 20090.98, "direction": "sell", "amount": 0.1}, {"trade_seq": 810, "trade_id": "228102894", "timestamp": 1662106794823, "tick_direction": 3, "price": 0.017, "mark_price": 0.01745522, "iv": 70.03, "instrument_name": "BTC-30DEC22-36000-C", "index_price": 20090.95, "direction": "sell", "amount": 0.1}, {"trade_seq": 809, "trade_id": "228102881", "timestamp": 1662106788731, "tick_direction": 3, "price": 0.017, "mark_price": 0.01745526, "iv": 70.02, "instrument_name": "BTC-30DEC22-36000-C", "index_price": 20091.31, "direction": "sell", "amount": 0.1}, {"trade_seq": 808, "trade_id": "228102880", "timestamp": 1662106788720, "tick_direction": 3, "price": 0.017, "mark_price": 0.01745526, "iv": 70.02, "instrument_name": "BTC-30DEC22-36000-C", "index_price": 20091.31, "direction": "sell", "amount": 0.1}, {"trade_seq": 807, "trade_id": "228102878", "timestamp": 1662106786468, "tick_direction": 3, "price": 0.017, "mark_price": 0.01746378, "iv": 70.02, "instrument_name": "BTC-30DEC22-36000-C", "index_price": 20091.8, "direction": "sell", "amount": 0.1}, {"trade_seq": 806, "trade_id": "228102859", "timestamp": 1662106768543, "tick_direction": 3, "price": 0.017, "mark_price": 0.01747989, "iv": 70.0, "instrument_name": "BTC-30DEC22-36000-C", "index_price": 20097.48, "direction": "sell", "amount": 0.1}, {"trade_seq": 805, "trade_id": "228102856", "timestamp": 1662106764054, "tick_direction": 3, "price": 0.017, "mark_price": 0.01747737, "iv": 70.0, "instrument_name": "BTC-30DEC22-36000-C", "index_price": 20098.24, "direction": "sell", "amount": 0.1}, {"trade_seq": 804, "trade_id": "228102855", "timestamp": 1662106764009, "tick_direction": 3, "price": 0.017, "mark_price": 0.01747737, "iv": 70.0, "instrument_name": "BTC-30DEC22-36000-C", "index_price": 20098.24, "direction": "sell", "amount": 0.1}, {"trade_seq": 803, "trade_id": "228102841", "timestamp": 1662106760049, "tick_direction": 3, "price": 0.017, "mark_price": 0.01748945, "iv": 69.99, "instrument_name": "BTC-30DEC22-36000-C", "index_price": 20100.93, "direction": "sell", "amount": 0.1}, {"trade_seq": 802, "trade_id": "228102833", "timestamp": 1662106755945, "tick_direction": 3, "price": 0.017, "mark_price": 0.0174901, "iv": 69.99, "instrument_name": "BTC-30DEC22-36000-C", "index_price": 20101.42, "direction": "sell", "amount": 0.1}, {"trade_seq": 801, "trade_id": "228102832", "timestamp": 1662106755926, "tick_direction": 3, "price": 0.017, "mark_price": 0.0174901, "iv": 69.99, "instrument_name": "BTC-30DEC22-36000-C", "index_price": 20101.42, "direction": "sell", "amount": 0.1}, {"trade_seq": 800, "trade_id": "228102831", "timestamp": 1662106755177, "tick_direction": 3, "price": 0.017, "mark_price": 0.0174901, "iv": 69.99, "instrument_name": "BTC-30DEC22-36000-C", "index_price": 20101.42, "direction": "sell", "amount": 0.1}, {"trade_seq": 799, "trade_id": "228102823", "timestamp": 1662106749855, "tick_direction": 3, "price": 0.017, "mark_price": 0.01749107, "iv": 69.99, "instrument_name": "BTC-30DEC22-36000-C", "index_price": 20101.86, "direction": "sell", "amount": 0.1}, {"trade_seq": 798, "trade_id": "228102819", "timestamp": 1662106745966, "tick_direction": 3, "price": 0.017, "mark_price": 0.01749786, "iv": 69.98, "instrument_name": "BTC-30DEC22-36000-C", "index_price": 20103.46, "direction": "sell", "amount": 0.1}, {"trade_seq": 797, "trade_id": "228102817", "timestamp": 1662106744249, "tick_direction": 3, "price": 0.017, "mark_price": 0.01749716, "iv": 69.98, "instrument_name": "BTC-30DEC22-36000-C", "index_price": 20103.32, "direction": "sell", "amount": 0.1}, {"trade_seq": 796, "trade_id": "228102816", "timestamp": 1662106744235, "tick_direction": 3, "price": 0.017, "mark_price": 0.01749716, "iv": 69.98, "instrument_name": "BTC-30DEC22-36000-C", "index_price": 20103.32, "direction": "sell", "amount": 0.1}, {"trade_seq": 795, "trade_id": "228102815", "timestamp": 1662106744211, "tick_direction": 3, "price": 0.017, "mark_price": 0.01749716, "iv": 69.98, "instrument_name": "BTC-30DEC22-36000-C", "index_price": 20103.32, "direction": "sell", "amount": 0.1}, {"trade_seq": 794, "trade_id": "228102814", "timestamp": 1662106744202, "tick_direction": 3, "price": 0.017, "mark_price": 0.01749716, "iv": 69.98, "instrument_name": "BTC-30DEC22-36000-C", "index_price": 20103.32, "direction": "sell", "amount": 0.1}, {"trade_seq": 793, "trade_id": "228102813", "timestamp": 1662106744194, "tick_direction": 3, "price": 0.017, "mark_price": 0.01749716, "iv": 69.98, "instrument_name": "BTC-30DEC22-36000-C", "index_price": 20103.32, "direction": "sell", "amount": 0.2}, {"trade_seq": 792, "trade_id": "228102812", "timestamp": 1662106744185, "tick_direction": 3, "price": 0.017, "mark_price": 0.01749716, "iv": 69.98, "instrument_name": "BTC-30DEC22-36000-C", "index_price": 20103.32, "direction": "sell", "amount": 0.2}, {"trade_seq": 791, "trade_id": "228102811", "timestamp": 1662106744175, "tick_direction": 3, "price": 0.017, "mark_price": 0.01749716, "iv": 69.98, "instrument_name": "BTC-30DEC22-36000-C", "index_price": 20103.32, "direction": "sell", "amount": 0.3}, {"trade_seq": 790, "trade_id": "228084763", "timestamp": 1662083878485, "tick_direction": 2, "price": 0.017, "mark_price": 0.01744268, "iv": 70.19, "instrument_name": "BTC-30DEC22-36000-C", "index_price": 20032.63, "direction": "sell", "amount": 1.5}, {"trade_seq": 789, "trade_id": "228064912", "timestamp": 1662055769368, "tick_direction": 3, "price": 0.0175, "mark_price": 0.01777243, "iv": 71.88, "instrument_name": "BTC-30DEC22-36000-C", "index_price": 19739.59, "direction": "sell", "amount": 0.2}, {"trade_seq": 788, "trade_id": "228064911", "timestamp": 1662055769349, "tick_direction": 2, "price": 0.0175, "mark_price": 0.01777243, "iv": 71.88, "instrument_name": "BTC-30DEC22-36000-C", "index_price": 19739.59, "direction": "sell", "amount": 0.2}