{"trades": [{"trade_seq": 558, "trade_id": "3189650", "timestamp": 1514022085153, "tick_direction": 2, "price": 0.4955, "mark_price": 0.50591307, "iv": 0.0, "instrument_name": "BTC-29DEC17-7000-C", "index_price": 14499.01, "direction": "sell", "amount": 0.1}, {"trade_seq": 557, "trade_id": "2969875", "timestamp": 1513717928824, "tick_direction": 2, "price": 0.6032, "mark_price": 0.60629923, "iv": 0.0, "instrument_name": "BTC-29DEC17-7000-C", "index_price": 17448.72, "direction": "buy", "amount": 1.7}, {"trade_seq": 556, "trade_id": "2789190", "timestamp": 1513517071712, "tick_direction": 0, "price": 0.6643, "mark_price": 0.6654865, "iv": 0.0, "instrument_name": "BTC-29DEC17-7000-C", "index_price": 19677.13, "direction": "buy", "amount": 0.5}, {"trade_seq": 555, "trade_id": "2734011", "timestamp": 1513373374651, "tick_direction": 3, "price": 0.608, "mark_price": 0.60804475, "iv": 0.0, "instrument_name": "BTC-29DEC17-7000-C", "index_price": 17576.49, "direction": "buy", "amount": 1.4}, {"trade_seq": 554, "trade_id": "2734002", "timestamp": 1513373374444, "tick_direction": 2, "price": 0.608, "mark_price": 0.60802092, "iv": 0.0, "instrument_name": "BTC-29DEC17-7000-C", "index_price": 17576.49, "direction": "buy", "amount": 1.6}, {"trade_seq": 553, "trade_id": "2731394", "timestamp": 1513369424760, "tick_direction": 2, "price": 0.6207, "mark_price": 0.62441369, "iv": 0.0, "instrument_name": "BTC-29DEC17-7000-C", "index_price": 17746.07, "direction": "sell", "amount": 1.4}, {"trade_seq": 552, "trade_id": "2731393", "timestamp": 1513369424760, "tick_direction": 0, "price": 0.621, "mark_price": 0.62441369, "iv": 0.0, "instrument_name": "BTC-29DEC17-7000-C", "index_price": 17746.07, "direction": "buy", "amount": 1.1}, {"trade_seq": 551, "trade_id": "2656604", "timestamp": 1513217453393, "tick_direction": 3, "price": 0.584, "mark_price": 0.58713184, "iv": 0.0, "instrument_name": "BTC-29DEC17-7000-C", "index_price": 16278.31, "direction": "buy", "amount": 0.3}, {"trade_seq": 550, "trade_id": "2656603", "timestamp": 1513217452333, "tick_direction": 2, "price": 0.584, "mark_price": 0.58702662, "iv": 0.0, "instrument_name": "BTC-29DEC17-7000-C", "index_price": 16278.31, "direction": "buy", "amount": 1.5}, {"trade_seq": 549, "trade_id": "2630452", "timestamp": 1513139339852, "tick_direction": 2, "price": 0.5865, "mark_price": 0.58980005, "iv": 0.0, "instrument_name": "BTC-29DEC17-7000-C", "index_price": 16568.61, "direction": "sell", "amount": 1.2}, {"trade_seq": 548, "trade_id": "2602452", "timestamp": 1513086574705, "tick_direction": 0, "price": 0.6212, "mark_price": 0.61964757, "iv": 210.35, "instrument_name": "BTC-29DEC17-7000-C", "index_price": 17156.8, "direction": "sell", "amount": 2.5}, {"trade_seq": 547, "trade_id": "2600038", "timestamp": 1513084697907, "tick_direction": 0, "price": 0.6146, "mark_price": 0.61246448, "iv": 217.72, "instrument_name": "BTC-29DEC17-7000-C", "index_price": 16986.48, "direction": "sell", "amount": 2.5}, {"trade_seq": 546, "trade_id": "2553125", "timestamp": 1512982968340, "tick_direction": 0, "price": 0.6002, "mark_price": 0.59000934, "iv": 265.34, "instrument_name": "BTC-29DEC17-7000-C", "index_price": 16646.04, "direction": "buy", "amount": 0.1}, {"trade_seq": 545, "trade_id": "2553123", "timestamp": 1512982958537, "tick_direction": 0, "price": 0.5997, "mark_price": 0.59000934, "iv": 262.41, "instrument_name": "BTC-29DEC17-7000-C", "index_price": 16644.37, "direction": "sell", "amount": 0.2}, {"trade_seq": 544, "trade_id": "2553032", "timestamp": 1512982888015, "tick_direction": 2, "price": 0.5971, "mark_price": 0.59086415, "iv": 240.04, "instrument_name": "BTC-29DEC17-7000-C", "index_price": 16698.01, "direction": "buy", "amount": 0.2}, {"trade_seq": 543, "trade_id": "2552985", "timestamp": 1512982746172, "tick_direction": 0, "price": 0.6013, "mark_price": 0.59214332, "iv": 260.47, "instrument_name": "BTC-29DEC17-7000-C", "index_price": 16701.13, "direction": "buy", "amount": 1.0}, {"trade_seq": 542, "trade_id": "2552959", "timestamp": 1512982688384, "tick_direction": 0, "price": 0.6005, "mark_price": 0.5908571, "iv": 262.62, "instrument_name": "BTC-29DEC17-7000-C", "index_price": 16683.12, "direction": "buy", "amount": 1.0}, {"trade_seq": 541, "trade_id": "2505616", "timestamp": 1512935474435, "tick_direction": 0, "price": 0.5676, "mark_price": 0.56478882, "iv": 192.29, "instrument_name": "BTC-29DEC17-7000-C", "index_price": 15690.06, "direction": "buy", "amount": 0.2}, {"trade_seq": 540, "trade_id": "2505610", "timestamp": 1512935473443, "tick_direction": 0, "price": 0.5675, "mark_price": 0.56451265, "iv": 194.06, "instrument_name": "BTC-29DEC17-7000-C", "index_price": 15689.56, "direction": "sell", "amount": 0.2}, {"trade_seq": 539, "trade_id": "2465934", "timestamp": 1512894115410, "tick_direction": 2, "price": 0.5092, "mark_price": 0.49142017, "iv": 234.03, "instrument_name": "BTC-29DEC17-7000-C", "index_price": 13785.88, "direction": "sell", "amount": 1.0}, {"trade_seq": 538, "trade_id": "2347879", "timestamp": 1512738771021, "tick_direction": 2, "price": 0.5409, "mark_price": 0.54131799, "iv": 0.0, "instrument_name": "BTC-29DEC17-7000-C", "index_price": 14769.14, "direction": "sell", "amount": 1.0}, {"trade_seq": 537, "trade_id": "2289604", "timestamp": 1512700298299, "tick_direction": 0, "price": 0.5931, "mark_price": 0.58358765, "iv": 235.93, "instrument_name": "BTC-29DEC17-7000-C", "index_price": 15740.25, "direction": "buy", "amount": 1.0}, {"trade_seq": 536, "trade_id": "2186497", "timestamp": 1512651363825, "tick_direction": 0, "price": 0.526, "mark_price": 0.52411932, "iv": 149.99, "instrument_name": "BTC-29DEC17-7000-C", "index_price": 14765.09, "direction": "sell", "amount": 0.5}, {"trade_seq": 535, "trade_id": "2179850", "timestamp": 1512645768232, "tick_direction": 0, "price": 0.5173, "mark_price": 0.52424996, "iv": 0.0, "instrument_name": "BTC-29DEC17-7000-C", "index_price": 14883.49, "direction": "sell", "amount": 0.1}, {"trade_seq": 534, "trade_id": "2168750", "timestamp": 1512634745590, "tick_direction": 0, "price": 0.5169, "mark_price": 0.51920579, "iv": 0.0, "instrument_name": "BTC-29DEC17-7000-C", "index_price": 14500.94, "direction": "buy", "amount": 2.5}, {"trade_seq": 533, "trade_id": "2167563", "timestamp": 1512631077968, "tick_direction": 0, "price": 0.5078, "mark_price": 0.50891653, "iv": 0.0, "instrument_name": "BTC-29DEC17-7000-C", "index_price": 14312.46, "direction": "sell", "amount": 1.0}, {"trade_seq": 532, "trade_id": "2166968", "timestamp": 1512629143874, "tick_direction": 1, "price": 0.5065, "mark_price": 0.50928658, "iv": 0.0, "instrument_name": "BTC-29DEC17-7000-C", "index_price": 14278.34, "direction": "sell", "amount": 0.5}, {"trade_seq": 531, "trade_id": "2166966", "timestamp": 1512629142916, "tick_direction": 0, "price": 0.5065, "mark_price": 0.50912249, "iv": 0.0, "instrument_name": "BTC-29DEC17-7000-C", "index_price": 14293.43, "direction": "sell", "amount": 1.5}, {"trade_seq": 530, "trade_id": "2166908", "timestamp": 1512628941424, "tick_direction": 2, "price": 0.502, "mark_price": 0.50698677, "iv": 0.0, "instrument_name": "BTC-29DEC17-7000-C", "index_price": 14255.33, "direction": "sell", "amount": 1.0}, {"trade_seq": 529, "trade_id": "2166887", "timestamp": 1512628913096, "tick_direction": 0, "price": 0.505, "mark_price": 0.5074418, "iv": 0.0, "instrument_name": "BTC-29DEC17-7000-C", "index_price": 14227.74, "direction": "sell", "amount": 1.0}, {"trade_seq": 528, "trade_id": "2165203", "timestamp": 1512624750807, "tick_direction": 3, "price": 0.5, "mark_price": 0.51049891, "iv": 0.0, "instrument_name": "BTC-29DEC17-7000-C", "index_price": 14247.25, "direction": "buy", "amount": 1.0}, {"trade_seq": 527, "trade_id": "2165193", "timestamp": 1512624723979, "tick_direction": 3, "price": 0.5, "mark_price": 0.51028149, "iv": 0.0, "instrument_name": "BTC-29DEC17-7000-C", "index_price": 14260.16, "direction": "buy", "amount": 1.5}, {"trade_seq": 526, "trade_id": "2165192", "timestamp": 1512624723289, "tick_direction": 3, "price": 0.5, "mark_price": 0.51028149, "iv": 0.0, "instrument_name": "BTC-29DEC17-7000-C", "index_price": 14260.16, "direction": "buy", "amount": 1.5}, {"trade_seq": 525, "trade_id": "2164888", "timestamp": 1512624229614, "tick_direction": 3, "price": 0.5, "mark_price": 0.50878839, "iv": 0.0, "instrument_name": "BTC-29DEC17-7000-C", "index_price": 14201.63, "direction": "buy", "amount": 1.0}, {"trade_seq": 524, "trade_id": "2164884", "timestamp": 1512624228409, "tick_direction": 3, "price": 0.5, "mark_price": 0.50878805, "iv": 0.0, "instrument_name": "BTC-29DEC17-7000-C", "index_price": 14198.96, "direction": "buy", "amount": 1.5}, {"trade_seq": 523, "trade_id": "2164882", "timestamp": 1512624227700, "tick_direction": 3, "price": 0.5, "mark_price": 0.50878805, "iv": 0.0, "instrument_name": "BTC-29DEC17-7000-C", "index_price": 14198.96, "direction": "buy", "amount": 1.5}, {"trade_seq": 522, "trade_id": "2164642", "timestamp": 1512624121945, "tick_direction": 3, "price": 0.5, "mark_price": 0.50842793, "iv": 0.0, "instrument_name": "BTC-29DEC17-7000-C", "index_price": 14155.79, "direction": "buy", "amount": 1.0}, {"trade_seq": 521, "trade_id": "2164629", "timestamp": 1512624119855, "tick_direction": 2, "price": 0.5, "mark_price": 0.50863423, "iv": 0.0, "instrument_name": "BTC-29DEC17-7000-C", "index_price": 14157.9, "direction": "buy", "amount": 1.5}, {"trade_seq": 520, "trade_id": "2164575", "timestamp": 1512624047006, "tick_direction": 2, "price": 0.5006, "mark_price": 0.50909892, "iv": 0.0, "instrument_name": "BTC-29DEC17-7000-C", "index_price": 14214.78, "direction": "sell", "amount": 1.0}, {"trade_seq": 519, "trade_id": "2164574", "timestamp": 1512624047006, "tick_direction": 2, "price": 0.5008, "mark_price": 0.50909892, "iv": 0.0, "instrument_name": "BTC-29DEC17-7000-C", "index_price": 14214.78, "direction": "sell", "amount": 2.5}, {"trade_seq": 518, "trade_id": "2164536", "timestamp": 1512623993930, "tick_direction": 3, "price": 0.5033, "mark_price": 0.51094763, "iv": 0.0, "instrument_name": "BTC-29DEC17-7000-C", "index_price": 14214.78, "direction": "buy", "amount": 1.5}, {"trade_seq": 517, "trade_id": "2164535", "timestamp": 1512623993114, "tick_direction": 2, "price": 0.5033, "mark_price": 0.51094763, "iv": 0.0, "instrument_name": "BTC-29DEC17-7000-C", "index_price": 14214.78, "direction": "sell", "amount": 2.5}, {"trade_seq": 516, "trade_id": "2163556", "timestamp": 1512622764763, "tick_direction": 0, "price": 0.5075, "mark_price": 0.51263689, "iv": 0.0, "instrument_name": "BTC-29DEC17-7000-C", "index_price": 14230.37, "direction": "buy", "amount": 1.0}, {"trade_seq": 515, "trade_id": "2163209", "timestamp": 1512622453465, "tick_direction": 0, "price": 0.505, "mark_price": 0.50870343, "iv": 0.0, "instrument_name": "BTC-29DEC17-7000-C", "index_price": 14208.1, "direction": "buy", "amount": 1.0}, {"trade_seq": 514, "trade_id": "2161924", "timestamp": 1512620392828, "tick_direction": 3, "price": 0.5, "mark_price": 0.50474912, "iv": 0.0, "instrument_name": "BTC-29DEC17-7000-C", "index_price": 14061.56, "direction": "buy", "amount": 0.5}, {"trade_seq": 513, "trade_id": "2161923", "timestamp": 1512620385478, "tick_direction": 3, "price": 0.5, "mark_price": 0.50457388, "iv": 0.0, "instrument_name": "BTC-29DEC17-7000-C", "index_price": 14061.56, "direction": "buy", "amount": 1.0}, {"trade_seq": 512, "trade_id": "2161864", "timestamp": 1512620199167, "tick_direction": 3, "price": 0.5, "mark_price": 0.50362775, "iv": 0.0, "instrument_name": "BTC-29DEC17-7000-C", "index_price": 14057.07, "direction": "buy", "amount": 1.5}, {"trade_seq": 511, "trade_id": "2161837", "timestamp": 1512620186425, "tick_direction": 3, "price": 0.5, "mark_price": 0.50309826, "iv": 0.0, "instrument_name": "BTC-29DEC17-7000-C", "index_price": 14054.53, "direction": "buy", "amount": 1.5}, {"trade_seq": 510, "trade_id": "2160373", "timestamp": 1512616479499, "tick_direction": 3, "price": 0.5, "mark_price": 0.50226116, "iv": 0.0, "instrument_name": "BTC-29DEC17-7000-C", "index_price": 14042.93, "direction": "buy", "amount": 1.0}, {"trade_seq": 509, "trade_id": "2160260", "timestamp": 1512616418688, "tick_direction": 3, "price": 0.5, "mark_price": 0.50115807, "iv": 0.0, "instrument_name": "BTC-29DEC17-7000-C", "index_price": 13975.83, "direction": "buy", "amount": 1.0}, {"trade_seq": 508, "trade_id": "2160123", "timestamp": 1512616276736, "tick_direction": 2, "price": 0.5, "mark_price": 0.50247901, "iv": 0.0, "instrument_name": "BTC-29DEC17-7000-C", "index_price": 13971.31, "direction": "buy", "amount": 1.5}, {"trade_seq": 507, "trade_id": "2155791", "timestamp": 1512612311205, "tick_direction": 1, "price": 0.5023, "mark_price": 0.50657649, "iv": 0.0, "instrument_name": "BTC-29DEC17-7000-C", "index_price": 14095.68, "direction": "buy", "amount": 1.5}, {"trade_seq": 506, "trade_id": "2155790", "timestamp": 1512612310203, "tick_direction": 0, "price": 0.5023, "mark_price": 0.50657649, "iv": 0.0, "instrument_name": "BTC-29DEC17-7000-C", "index_price": 14107.35, "direction": "buy", "amount": 1.5}, {"trade_seq": 505, "trade_id": "2155680", "timestamp": 1512612130594, "tick_direction": 2, "price": 0.5015, "mark_price": 0.50618051, "iv": 0.0, "instrument_name": "BTC-29DEC17-7000-C", "index_price": 14088.87, "direction": "sell", "amount": 0.4}, {"trade_seq": 504, "trade_id": "2155658", "timestamp": 1512612097939, "tick_direction": 1, "price": 0.5025, "mark_price": 0.50574557, "iv": 0.0, "instrument_name": "BTC-29DEC17-7000-C", "index_price": 14100.51, "direction": "buy", "amount": 1.0}, {"trade_seq": 503, "trade_id": "2155656", "timestamp": 1512612097085, "tick_direction": 1, "price": 0.5025, "mark_price": 0.5057978, "iv": 0.0, "instrument_name": "BTC-29DEC17-7000-C", "index_price": 14100.51, "direction": "buy", "amount": 1.5}, {"trade_seq": 502, "trade_id": "2155654", "timestamp": 1512612096321, "tick_direction": 0, "price": 0.5025, "mark_price": 0.5057978, "iv": 0.0, "instrument_name": "BTC-29DEC17-7000-C", "index_price": 14100.51, "direction": "buy", "amount": 1.5}, {"trade_seq": 501, "trade_id": "2155310", "timestamp": 1512611390307, "tick_direction": 3, "price": 0.5001, "mark_price": 0.50357718, "iv": 0.0, "instrument_name": "BTC-29DEC17-7000-C", "index_price": 14039.61, "direction": "buy", "amount": 1.0}, {"trade_seq": 500, "trade_id": "2155227", "timestamp": 1512611329987, "tick_direction": 3, "price": 0.5001, "mark_price": 0.50423498, "iv": 0.0, "instrument_name": "BTC-29DEC17-7000-C", "index_price": 14092.14, "direction": "buy", "amount": 1.5}, {"trade_seq": 499, "trade_id": "2155222", "timestamp": 1512611328964, "tick_direction": 2, "price": 0.5001, "mark_price": 0.50423498, "iv": 0.0, "instrument_name": "BTC-29DEC17-7000-C", "index_price": 14092.14, "direction": "buy", "amount": 1.5}, {"trade_seq": 498, "trade_id": "2154399", "timestamp": 1512610394603, "tick_direction": 1, "price": 0.5075, "mark_price": 0.50841326, "iv": 0.0, "instrument_name": "BTC-29DEC17-7000-C", "index_price": 14184.47, "direction": "buy", "amount": 0.5}, {"trade_seq": 497, "trade_id": "2154398", "timestamp": 1512610393873, "tick_direction": 0, "price": 0.5075, "mark_price": 0.50841326, "iv": 0.0, "instrument_name": "BTC-29DEC17-7000-C", "index_price": 14184.47, "direction": "buy", "amount": 1.5}, {"trade_seq": 496, "trade_id": "2151611", "timestamp": 1512607484895, "tick_direction": 1, "price": 0.505, "mark_price": 0.50470004, "iv": 113.3, "instrument_name": "BTC-29DEC17-7000-C", "index_price": 14139.09, "direction": "buy", "amount": 0.1}, {"trade_seq": 495, "trade_id": "2151348", "timestamp": 1512607424712, "tick_direction": 1, "price": 0.505, "mark_price": 0.5044723, "iv": 119.7, "instrument_name": "BTC-29DEC17-7000-C", "index_price": 14143.01, "direction": "buy", "amount": 0.3}, {"trade_seq": 494, "trade_id": "2151306", "timestamp": 1512607379612, "tick_direction": 1, "price": 0.505, "mark_price": 0.5055885, "iv": 0.0, "instrument_name": "BTC-29DEC17-7000-C", "index_price": 14136.0, "direction": "buy", "amount": 0.3}, {"trade_seq": 493, "trade_id": "2151305", "timestamp": 1512607378647, "tick_direction": 0, "price": 0.505, "mark_price": 0.5055885, "iv": 0.0, "instrument_name": "BTC-29DEC17-7000-C", "index_price": 14136.0, "direction": "buy", "amount": 0.3}, {"trade_seq": 492, "trade_id": "2149666", "timestamp": 1512605807295, "tick_direction": 1, "price": 0.5, "mark_price": 0.50270942, "iv": 0.0, "instrument_name": "BTC-29DEC17-7000-C", "index_price": 13956.68, "direction": "buy", "amount": 1.5}, {"trade_seq": 491, "trade_id": "2149662", "timestamp": 1512605806367, "tick_direction": 1, "price": 0.5, "mark_price": 0.50262833, "iv": 0.0, "instrument_name": "BTC-29DEC17-7000-C", "index_price": 13956.68, "direction": "buy", "amount": 1.5}, {"trade_seq": 490, "trade_id": "2149651", "timestamp": 1512605805291, "tick_direction": 1, "price": 0.5, "mark_price": 0.50262798, "iv": 0.0, "instrument_name": "BTC-29DEC17-7000-C", "index_price": 13950.69, "direction": "buy", "amount": 1.5}, {"trade_seq": 489, "trade_id": "2149565", "timestamp": 1512605790711, "tick_direction": 0, "price": 0.5, "mark_price": 0.5001972, "iv": 0.0, "instrument_name": "BTC-29DEC17-7000-C", "index_price": 13945.22, "direction": "buy", "amount": 1.5}, {"trade_seq": 488, "trade_id": "2148366", "timestamp": 1512604975709, "tick_direction": 1, "price": 0.49, "mark_price": 0.49184308, "iv": 0.0, "instrument_name": "BTC-29DEC17-7000-C", "index_price": 13754.92, "direction": "buy", "amount": 1.0}, {"trade_seq": 487, "trade_id": "2148361", "timestamp": 1512604971571, "tick_direction": 0, "price": 0.49, "mark_price": 0.49142567, "iv": 0.0, "instrument_name": "BTC-29DEC17-7000-C", "index_price": 13700.19, "direction": "buy", "amount": 1.0}, {"trade_seq": 486, "trade_id": "2147574", "timestamp": 1512604181434, "tick_direction": 1, "price": 0.4875, "mark_price": 0.48959008, "iv": 0.0, "instrument_name": "BTC-29DEC17-7000-C", "index_price": 13489.1, "direction": "buy", "amount": 0.5}, {"trade_seq": 485, "trade_id": "2147573", "timestamp": 1512604181144, "tick_direction": 0, "price": 0.4875, "mark_price": 0.48959008, "iv": 0.0, "instrument_name": "BTC-29DEC17-7000-C", "index_price": 13654.64, "direction": "buy", "amount": 1.5}, {"trade_seq": 484, "trade_id": "2143963", "timestamp": 1512601360400, "tick_direction": 0, "price": 0.4847, "mark_price": 0.47517865, "iv": 177.16, "instrument_name": "BTC-29DEC17-7000-C", "index_price": 13693.64, "direction": "sell", "amount": 2.0}, {"trade_seq": 483, "trade_id": "2140690", "timestamp": 1512598711548, "tick_direction": 0, "price": 0.4802, "mark_price": 0.48099427, "iv": 0.0, "instrument_name": "BTC-29DEC17-7000-C", "index_price": 13335.05, "direction": "buy", "amount": 1.5}, {"trade_seq": 482, "trade_id": "2136777", "timestamp": 1512597284692, "tick_direction": 0, "price": 0.4775, "mark_price": 0.47561244, "iv": 132.48, "instrument_name": "BTC-29DEC17-7000-C", "index_price": 13212.72, "direction": "buy", "amount": 2.0}, {"trade_seq": 481, "trade_id": "2135489", "timestamp": 1512594163937, "tick_direction": 1, "price": 0.475, "mark_price": 0.47566699, "iv": 0.0, "instrument_name": "BTC-29DEC17-7000-C", "index_price": 13260.08, "direction": "buy", "amount": 0.5}, {"trade_seq": 480, "trade_id": "2135488", "timestamp": 1512594163298, "tick_direction": 0, "price": 0.475, "mark_price": 0.4755498, "iv": 0.0, "instrument_name": "BTC-29DEC17-7000-C", "index_price": 13261.4, "direction": "buy", "amount": 1.5}, {"trade_seq": 479, "trade_id": "2119470", "timestamp": 1512563150961, "tick_direction": 0, "price": 0.4631, "mark_price": 0.45768916, "iv": 150.05, "instrument_name": "BTC-29DEC17-7000-C", "index_price": 12707.24, "direction": "buy", "amount": 0.5}, {"trade_seq": 478, "trade_id": "2086390", "timestamp": 1512480565231, "tick_direction": 0, "price": 0.425, "mark_price": 0.42289074, "iv": 119.82, "instrument_name": "BTC-29DEC17-7000-C", "index_price": 11848.54, "direction": "buy", "amount": 3.0}, {"trade_seq": 477, "trade_id": "2082190", "timestamp": 1512467619933, "tick_direction": 2, "price": 0.4151, "mark_price": 0.41061284, "iv": 129.78, "instrument_name": "BTC-29DEC17-7000-C", "index_price": 11693.93, "direction": "sell", "amount": 0.1}, {"trade_seq": 476, "trade_id": "2081038", "timestamp": 1512463879108, "tick_direction": 0, "price": 0.4248, "mark_price": 0.41846268, "iv": 139.57, "instrument_name": "BTC-29DEC17-7000-C", "index_price": 11790.05, "direction": "buy", "amount": 0.1}, {"trade_seq": 475, "trade_id": "2072214", "timestamp": 1512431870911, "tick_direction": 1, "price": 0.41, "mark_price": 0.41077707, "iv": 90.19, "instrument_name": "BTC-29DEC17-7000-C", "index_price": 11618.52, "direction": "buy", "amount": 3.0}, {"trade_seq": 474, "trade_id": "2072171", "timestamp": 1512431798624, "tick_direction": 1, "price": 0.41, "mark_price": 0.41071048, "iv": 82.35, "instrument_name": "BTC-29DEC17-7000-C", "index_price": 11616.95, "direction": "buy", "amount": 0.5}, {"trade_seq": 473, "trade_id": "2072170", "timestamp": 1512431798624, "tick_direction": 1, "price": 0.41, "mark_price": 0.41071048, "iv": 82.35, "instrument_name": "BTC-29DEC17-7000-C", "index_price": 11616.95, "direction": "buy", "amount": 1.0}, {"trade_seq": 472, "trade_id": "2072076", "timestamp": 1512431688979, "tick_direction": 1, "price": 0.41, "mark_price": 0.41030019, "iv": 90.76, "instrument_name": "BTC-29DEC17-7000-C", "index_price": 11597.76, "direction": "buy", "amount": 1.5}, {"trade_seq": 471, "trade_id": "2072048", "timestamp": 1512431685235, "tick_direction": 1, "price": 0.41, "mark_price": 0.40991603, "iv": 96.04, "instrument_name": "BTC-29DEC17-7000-C", "index_price": 11598.8, "direction": "buy", "amount": 1.5}, {"trade_seq": 470, "trade_id": "2071905", "timestamp": 1512431506062, "tick_direction": 1, "price": 0.41, "mark_price": 0.4094305, "iv": 101.19, "instrument_name": "BTC-29DEC17-7000-C", "index_price": 11597.41, "direction": "buy", "amount": 1.5}, {"trade_seq": 469, "trade_id": "2071873", "timestamp": 1512431477402, "tick_direction": 1, "price": 0.41, "mark_price": 0.40885, "iv": 107.03, "instrument_name": "BTC-29DEC17-7000-C", "index_price": 11586.61, "direction": "buy", "amount": 1.5}, {"trade_seq": 468, "trade_id": "2071836", "timestamp": 1512431456856, "tick_direction": 1, "price": 0.41, "mark_price": 0.4087, "iv": 109.36, "instrument_name": "BTC-29DEC17-7000-C", "index_price": 11578.41, "direction": "buy", "amount": 1.5}, {"trade_seq": 467, "trade_id": "2071793", "timestamp": 1512431427018, "tick_direction": 0, "price": 0.41, "mark_price": 0.4081026, "iv": 114.27, "instrument_name": "BTC-29DEC17-7000-C", "index_price": 11562.37, "direction": "buy", "amount": 1.5}, {"trade_seq": 466, "trade_id": "2019243", "timestamp": 1512335453676, "tick_direction": 3, "price": 0.3946, "mark_price": 0.39543336, "iv": 93.02, "instrument_name": "BTC-29DEC17-7000-C", "index_price": 11386.29, "direction": "buy", "amount": 0.3}, {"trade_seq": 465, "trade_id": "2019242", "timestamp": 1512335453006, "tick_direction": 3, "price": 0.3946, "mark_price": 0.39481315, "iv": 93.02, "instrument_name": "BTC-29DEC17-7000-C", "index_price": 11387.27, "direction": "sell", "amount": 2.2}, {"trade_seq": 464, "trade_id": "2019240", "timestamp": 1512335440989, "tick_direction": 2, "price": 0.3946, "mark_price": 0.39611712, "iv": 84.79, "instrument_name": "BTC-29DEC17-7000-C", "index_price": 11391.17, "direction": "sell", "amount": 0.3}, {"trade_seq": 463, "trade_id": "2019239", "timestamp": 1512335440989, "tick_direction": 2, "price": 0.3949, "mark_price": 0.39611712, "iv": 88.79, "instrument_name": "BTC-29DEC17-7000-C", "index_price": 11391.17, "direction": "buy", "amount": 2.2}, {"trade_seq": 462, "trade_id": "2008500", "timestamp": 1512314010792, "tick_direction": 0, "price": 0.418, "mark_price": 0.41677061, "iv": 109.81, "instrument_name": "BTC-29DEC17-7000-C", "index_price": 11676.07, "direction": "buy", "amount": 2.0}, {"trade_seq": 461, "trade_id": "2008423", "timestamp": 1512314000385, "tick_direction": 0, "price": 0.4177, "mark_price": 0.41630441, "iv": 107.69, "instrument_name": "BTC-29DEC17-7000-C", "index_price": 11686.29, "direction": "buy", "amount": 2.0}, {"trade_seq": 460, "trade_id": "2007730", "timestamp": 1512311658888, "tick_direction": 0, "price": 0.415, "mark_price": 0.40990859, "iv": 128.26, "instrument_name": "BTC-29DEC17-7000-C", "index_price": 11589.99, "direction": "sell", "amount": 0.5}, {"trade_seq": 459, "trade_id": "2000886", "timestamp": 1512301446625, "tick_direction": 1, "price": 0.4125, "mark_price": 0.41322538, "iv": 92.33, "instrument_name": "BTC-29DEC17-7000-C", "index_price": 11498.12, "direction": "buy", "amount": 0.5}, {"trade_seq": 458, "trade_id": "2000854", "timestamp": 1512301425013, "tick_direction": 0, "price": 0.4125, "mark_price": 0.41178175, "iv": 101.81, "instrument_name": "BTC-29DEC17-7000-C", "index_price": 11490.36, "direction": "buy", "amount": 1.5}, {"trade_seq": 457, "trade_id": "1915137", "timestamp": 1512121502794, "tick_direction": 2, "price": 0.3121, "mark_price": 0.3115324, "iv": 94.65, "instrument_name": "BTC-29DEC17-7000-C", "index_price": 9940.3, "direction": "sell", "amount": 1.0}, {"trade_seq": 456, "trade_id": "1915136", "timestamp": 1512121502794, "tick_direction": 2, "price": 0.3123, "mark_price": 0.3115324, "iv": 95.21, "instrument_name": "BTC-29DEC17-7000-C", "index_price": 9940.3, "direction": "sell", "amount": 2.0}, {"trade_seq": 455, "trade_id": "1852468", "timestamp": 1512036061305, "tick_direction": 3, "price": 0.32, "mark_price": 0.32320051, "iv": 77.02, "instrument_name": "BTC-29DEC17-7000-C", "index_price": 10223.58, "direction": "buy", "amount": 1.0}, {"trade_seq": 454, "trade_id": "1852458", "timestamp": 1512036027303, "tick_direction": 3, "price": 0.32, "mark_price": 0.32265579, "iv": 75.33, "instrument_name": "BTC-29DEC17-7000-C", "index_price": 10230.64, "direction": "buy", "amount": 1.0}, {"trade_seq": 453, "trade_id": "1852131", "timestamp": 1512035815770, "tick_direction": 2, "price": 0.32, "mark_price": 0.32188933, "iv": 79.3, "instrument_name": "BTC-29DEC17-7000-C", "index_price": 10203.46, "direction": "buy", "amount": 2.0}, {"trade_seq": 452, "trade_id": "1841338", "timestamp": 1512021062882, "tick_direction": 0, "price": 0.3359, "mark_price": 0.33851088, "iv": 77.5, "instrument_name": "BTC-29DEC17-7000-C", "index_price": 10368.3, "direction": "sell", "amount": 1.8}, {"trade_seq": 451, "trade_id": "1812861", "timestamp": 1511989520097, "tick_direction": 2, "price": 0.2874, "mark_price": 0.29369318, "iv": 70.6, "instrument_name": "BTC-29DEC17-7000-C", "index_price": 9747.18, "direction": "sell", "amount": 0.2}, {"trade_seq": 450, "trade_id": "1812724", "timestamp": 1511989444559, "tick_direction": 0, "price": 0.3174, "mark_price": 0.28814822, "iv": 141.16, "instrument_name": "BTC-29DEC17-7000-C", "index_price": 9603.71, "direction": "buy", "amount": 0.2}, {"trade_seq": 449, "trade_id": "1801596", "timestamp": 1511984295621, "tick_direction": 2, "price": 0.2477, "mark_price": 0.25763313, "iv": 68.27, "instrument_name": "BTC-29DEC17-7000-C", "index_price": 9264.33, "direction": "sell", "amount": 0.6}, {"trade_seq": 448, "trade_id": "1782897", "timestamp": 1511970164347, "tick_direction": 0, "price": 0.359, "mark_price": 0.36138921, "iv": 63.14, "instrument_name": "BTC-29DEC17-7000-C", "index_price": 10623.42, "direction": "buy", "amount": 0.1}, {"trade_seq": 447, "trade_id": "1782895", "timestamp": 1511970162521, "tick_direction": 0, "price": 0.3585, "mark_price": 0.36076967, "iv": 56.46, "instrument_name": "BTC-29DEC17-7000-C", "index_price": 10981.42, "direction": "buy", "amount": 0.1}, {"trade_seq": 446, "trade_id": "1782881", "timestamp": 1511970158290, "tick_direction": 1, "price": 0.358, "mark_price": 0.35971531, "iv": 69.57, "instrument_name": "BTC-29DEC17-7000-C", "index_price": 10623.42, "direction": "buy", "amount": 0.1}, {"trade_seq": 445, "trade_id": "1782797", "timestamp": 1511970069715, "tick_direction": 0, "price": 0.358, "mark_price": 0.35727429, "iv": 89.68, "instrument_name": "BTC-29DEC17-7000-C", "index_price": 10579.63, "direction": "buy", "amount": 0.1}, {"trade_seq": 444, "trade_id": "1782784", "timestamp": 1511970058722, "tick_direction": 0, "price": 0.3575, "mark_price": 0.35793617, "iv": 81.27, "instrument_name": "BTC-29DEC17-7000-C", "index_price": 10564.81, "direction": "buy", "amount": 0.1}, {"trade_seq": 443, "trade_id": "1782757", "timestamp": 1511970043178, "tick_direction": 0, "price": 0.355, "mark_price": 0.35598002, "iv": 80.16, "instrument_name": "BTC-29DEC17-7000-C", "index_price": 10551.69, "direction": "buy", "amount": 0.1}, {"trade_seq": 442, "trade_id": "1782669", "timestamp": 1511970027349, "tick_direction": 3, "price": 0.354, "mark_price": 0.35489159, "iv": 78.3, "instrument_name": "BTC-29DEC17-7000-C", "index_price": 10549.71, "direction": "buy", "amount": 0.1}, {"trade_seq": 441, "trade_id": "1782661", "timestamp": 1511970021600, "tick_direction": 2, "price": 0.354, "mark_price": 0.35489102, "iv": 78.3, "instrument_name": "BTC-29DEC17-7000-C", "index_price": 10550.09, "direction": "buy", "amount": 0.1}, {"trade_seq": 440, "trade_id": "1774641", "timestamp": 1511964815763, "tick_direction": 1, "price": 0.4, "mark_price": 0.40180639, "iv": 0.0, "instrument_name": "BTC-29DEC17-7000-C", "index_price": 11375.08, "direction": "buy", "amount": 0.5}, {"trade_seq": 439, "trade_id": "1774636", "timestamp": 1511964811369, "tick_direction": 1, "price": 0.4, "mark_price": 0.40152569, "iv": 0.0, "instrument_name": "BTC-29DEC17-7000-C", "index_price": 10879.28, "direction": "buy", "amount": 0.5}, {"trade_seq": 438, "trade_id": "1774630", "timestamp": 1511964800890, "tick_direction": 0, "price": 0.4, "mark_price": 0.40126544, "iv": 0.0, "instrument_name": "BTC-29DEC17-7000-C", "index_price": 11372.03, "direction": "buy", "amount": 2.0}, {"trade_seq": 437, "trade_id": "1769439", "timestamp": 1511954406829, "tick_direction": 1, "price": 0.368, "mark_price": 0.36882398, "iv": 78.91, "instrument_name": "BTC-29DEC17-7000-C", "index_price": 10838.14, "direction": "buy", "amount": 5.0}, {"trade_seq": 436, "trade_id": "1769376", "timestamp": 1511954304691, "tick_direction": 0, "price": 0.368, "mark_price": 0.36775167, "iv": 83.74, "instrument_name": "BTC-29DEC17-7000-C", "index_price": 10831.45, "direction": "buy", "amount": 5.0}, {"trade_seq": 435, "trade_id": "1769112", "timestamp": 1511953533199, "tick_direction": 1, "price": 0.3678, "mark_price": 0.3654, "iv": 96.26, "instrument_name": "BTC-29DEC17-7000-C", "index_price": 10809.97, "direction": "buy", "amount": 2.0}, {"trade_seq": 434, "trade_id": "1769096", "timestamp": 1511953494917, "tick_direction": 0, "price": 0.3678, "mark_price": 0.36555, "iv": 95.08, "instrument_name": "BTC-29DEC17-7000-C", "index_price": 10811.94, "direction": "buy", "amount": 1.5}, {"trade_seq": 433, "trade_id": "1758581", "timestamp": 1511933892450, "tick_direction": 2, "price": 0.3589, "mark_price": 0.33900816, "iv": 134.11, "instrument_name": "BTC-29DEC17-7000-C", "index_price": 10137.28, "direction": "sell", "amount": 1.2}, {"trade_seq": 432, "trade_id": "1757562", "timestamp": 1511933671427, "tick_direction": 1, "price": 0.375, "mark_price": 0.37604832, "iv": 15.63, "instrument_name": "BTC-29DEC17-7000-C", "index_price": 10787.32, "direction": "buy", "amount": 0.6}, {"trade_seq": 431, "trade_id": "1757541", "timestamp": 1511933666452, "tick_direction": 0, "price": 0.375, "mark_price": 0.37595233, "iv": 58.29, "instrument_name": "BTC-29DEC17-7000-C", "index_price": 10813.43, "direction": "buy", "amount": 2.4}, {"trade_seq": 430, "trade_id": "1756489", "timestamp": 1511932876896, "tick_direction": 0, "price": 0.3747, "mark_price": 0.36282482, "iv": 123.4, "instrument_name": "BTC-29DEC17-7000-C", "index_price": 10660.97, "direction": "buy", "amount": 0.1}, {"trade_seq": 429, "trade_id": "1756488", "timestamp": 1511932876896, "tick_direction": 0, "price": 0.3672, "mark_price": 0.36282482, "iv": 101.68, "instrument_name": "BTC-29DEC17-7000-C", "index_price": 10660.97, "direction": "sell", "amount": 0.4}, {"trade_seq": 428, "trade_id": "1754880", "timestamp": 1511931018968, "tick_direction": 1, "price": 0.35, "mark_price": 0.3519, "iv": 0.0, "instrument_name": "BTC-29DEC17-7000-C", "index_price": 10366.98, "direction": "buy", "amount": 1.0}, {"trade_seq": 427, "trade_id": "1754815", "timestamp": 1511930964092, "tick_direction": 0, "price": 0.35, "mark_price": 0.34965317, "iv": 79.31, "instrument_name": "BTC-29DEC17-7000-C", "index_price": 10429.72, "direction": "buy", "amount": 2.0}, {"trade_seq": 426, "trade_id": "1750919", "timestamp": 1511923808837, "tick_direction": 1, "price": 0.325, "mark_price": 0.32534445, "iv": 79.5, "instrument_name": "BTC-29DEC17-7000-C", "index_price": 10078.56, "direction": "buy", "amount": 1.1}, {"trade_seq": 425, "trade_id": "1750726", "timestamp": 1511923327410, "tick_direction": 0, "price": 0.325, "mark_price": 0.32483152, "iv": 77.82, "instrument_name": "BTC-29DEC17-7000-C", "index_price": 10051.09, "direction": "buy", "amount": 1.9}, {"trade_seq": 424, "trade_id": "1748812", "timestamp": 1511917751351, "tick_direction": 3, "price": 0.31, "mark_price": 0.3144005, "iv": 50.25, "instrument_name": "BTC-29DEC17-7000-C", "index_price": 9945.99, "direction": "sell", "amount": 1.3}, {"trade_seq": 423, "trade_id": "1747627", "timestamp": 1511910232713, "tick_direction": 2, "price": 0.31, "mark_price": 0.30703032, "iv": 90.0, "instrument_name": "BTC-29DEC17-7000-C", "index_price": 9926.43, "direction": "sell", "amount": 1.0}, {"trade_seq": 422, "trade_id": "1742192", "timestamp": 1511879558987, "tick_direction": 0, "price": 0.3115, "mark_price": 0.30486301, "iv": 98.6, "instrument_name": "BTC-29DEC17-7000-C", "index_price": 9870.15, "direction": "buy", "amount": 0.5}, {"trade_seq": 421, "trade_id": "1734370", "timestamp": 1511845609689, "tick_direction": 0, "price": 0.3073, "mark_price": 0.3060035, "iv": 84.97, "instrument_name": "BTC-29DEC17-7000-C", "index_price": 9823.77, "direction": "buy", "amount": 0.7}, {"trade_seq": 420, "trade_id": "1733495", "timestamp": 1511844327274, "tick_direction": 1, "price": 0.3, "mark_price": 0.29892959, "iv": 84.09, "instrument_name": "BTC-29DEC17-7000-C", "index_price": 9759.82, "direction": "buy", "amount": 1.5}, {"trade_seq": 419, "trade_id": "1733371", "timestamp": 1511844262974, "tick_direction": 1, "price": 0.3, "mark_price": 0.29752574, "iv": 87.74, "instrument_name": "BTC-29DEC17-7000-C", "index_price": 9756.16, "direction": "buy", "amount": 1.5}, {"trade_seq": 418, "trade_id": "1733170", "timestamp": 1511844082567, "tick_direction": 0, "price": 0.3, "mark_price": 0.29430456, "iv": 94.97, "instrument_name": "BTC-29DEC17-7000-C", "index_price": 9722.66, "direction": "buy", "amount": 1.5}, {"trade_seq": 417, "trade_id": "1728291", "timestamp": 1511815034073, "tick_direction": 0, "price": 0.2851, "mark_price": 0.28458381, "iv": 82.3, "instrument_name": "BTC-29DEC17-7000-C", "index_price": 9544.59, "direction": "buy", "amount": 0.5}, {"trade_seq": 416, "trade_id": "1724608", "timestamp": 1511801172969, "tick_direction": 2, "price": 0.2811, "mark_price": 0.2811794, "iv": 80.8, "instrument_name": "BTC-29DEC17-7000-C", "index_price": 9541.21, "direction": "buy", "amount": 0.5}, {"trade_seq": 415, "trade_id": "1721309", "timestamp": 1511784856045, "tick_direction": 0, "price": 0.2998, "mark_price": 0.29272604, "iv": 97.25, "instrument_name": "BTC-29DEC17-7000-C", "index_price": 9650.53, "direction": "buy", "amount": 1.4}, {"trade_seq": 414, "trade_id": "1720910", "timestamp": 1511783781462, "tick_direction": 0, "price": 0.2962, "mark_price": 0.28810374, "iv": 98.68, "instrument_name": "BTC-29DEC17-7000-C", "index_price": 9608.69, "direction": "buy", "amount": 2.0}, {"trade_seq": 413, "trade_id": "1719954", "timestamp": 1511778801161, "tick_direction": 2, "price": 0.2907, "mark_price": 0.28231879, "iv": 98.47, "instrument_name": "BTC-29DEC17-7000-C", "index_price": 9504.29, "direction": "buy", "amount": 1.0}, {"trade_seq": 412, "trade_id": "1716247", "timestamp": 1511768459614, "tick_direction": 0, "price": 0.3, "mark_price": 0.2955916, "iv": 88.82, "instrument_name": "BTC-29DEC17-7000-C", "index_price": 9630.29, "direction": "buy", "amount": 1.5}, {"trade_seq": 411, "trade_id": "1713500", "timestamp": 1511760699322, "tick_direction": 0, "price": 0.2964, "mark_price": 0.29009831, "iv": 95.23, "instrument_name": "BTC-29DEC17-7000-C", "index_price": 9577.57, "direction": "buy", "amount": 1.1}, {"trade_seq": 410, "trade_id": "1713353", "timestamp": 1511760420762, "tick_direction": 0, "price": 0.2959, "mark_price": 0.28789726, "iv": 95.61, "instrument_name": "BTC-29DEC17-7000-C", "index_price": 9575.97, "direction": "buy", "amount": 1.5}, {"trade_seq": 409, "trade_id": "1706972", "timestamp": 1511747188381, "tick_direction": 2, "price": 0.2925, "mark_price": 0.29576478, "iv": 70.72, "instrument_name": "BTC-29DEC17-7000-C", "index_price": 9628.91, "direction": "buy", "amount": 1.5}, {"trade_seq": 408, "trade_id": "1706276", "timestamp": 1511745709528, "tick_direction": 0, "price": 0.2981, "mark_price": 0.29198163, "iv": 94.96, "instrument_name": "BTC-29DEC17-7000-C", "index_price": 9168.81, "direction": "sell", "amount": 0.1}, {"trade_seq": 407, "trade_id": "1706274", "timestamp": 1511745708365, "tick_direction": 0, "price": 0.2976, "mark_price": 0.29184631, "iv": 94.21, "instrument_name": "BTC-29DEC17-7000-C", "index_price": 9600.49, "direction": "sell", "amount": 0.1}, {"trade_seq": 406, "trade_id": "1705678", "timestamp": 1511744817643, "tick_direction": 0, "price": 0.292, "mark_price": 0.28574599, "iv": 94.59, "instrument_name": "BTC-29DEC17-7000-C", "index_price": 9556.9, "direction": "buy", "amount": 0.1}, {"trade_seq": 405, "trade_id": "1705677", "timestamp": 1511744817643, "tick_direction": 2, "price": 0.2914, "mark_price": 0.28574599, "iv": 93.41, "instrument_name": "BTC-29DEC17-7000-C", "index_price": 9556.9, "direction": "sell", "amount": 0.1}, {"trade_seq": 404, "trade_id": "1705129", "timestamp": 1511744306783, "tick_direction": 0, "price": 0.2929, "mark_price": 0.2866735, "iv": 94.63, "instrument_name": "BTC-29DEC17-7000-C", "index_price": 9560.03, "direction": "buy", "amount": 0.1}, {"trade_seq": 403, "trade_id": "1705128", "timestamp": 1511744306783, "tick_direction": 2, "price": 0.2924, "mark_price": 0.2866735, "iv": 93.64, "instrument_name": "BTC-29DEC17-7000-C", "index_price": 9560.03, "direction": "sell", "amount": 0.1}, {"trade_seq": 402, "trade_id": "1705090", "timestamp": 1511744280642, "tick_direction": 0, "price": 0.2937, "mark_price": 0.2872964, "iv": 95.04, "instrument_name": "BTC-29DEC17-7000-C", "index_price": 9168.81, "direction": "sell", "amount": 0.1}, {"trade_seq": 401, "trade_id": "1705078", "timestamp": 1511744276294, "tick_direction": 0, "price": 0.293, "mark_price": 0.2876526, "iv": 92.97, "instrument_name": "BTC-29DEC17-7000-C", "index_price": 9548.29, "direction": "sell", "amount": 0.1}, {"trade_seq": 400, "trade_id": "1705012", "timestamp": 1511744205803, "tick_direction": 0, "price": 0.2909, "mark_price": 0.28590421, "iv": 92.1, "instrument_name": "BTC-29DEC17-7000-C", "index_price": 9539.71, "direction": "sell", "amount": 0.1}, {"trade_seq": 399, "trade_id": "1704819", "timestamp": 1511744048060, "tick_direction": 0, "price": 0.2877, "mark_price": 0.28183776, "iv": 93.45, "instrument_name": "BTC-29DEC17-7000-C", "index_price": 9510.19, "direction": "sell", "amount": 0.1}, {"trade_seq": 398, "trade_id": "1694016", "timestamp": 1511722395321, "tick_direction": 0, "price": 0.2837, "mark_price": 0.27662362, "iv": 95.09, "instrument_name": "BTC-29DEC17-7000-C", "index_price": 9432.42, "direction": "buy", "amount": 0.2}, {"trade_seq": 397, "trade_id": "1694015", "timestamp": 1511722395321, "tick_direction": 2, "price": 0.2824, "mark_price": 0.27662362, "iv": 92.71, "instrument_name": "BTC-29DEC17-7000-C", "index_price": 9432.42, "direction": "sell", "amount": 0.8}, {"trade_seq": 396, "trade_id": "1693867", "timestamp": 1511722125707, "tick_direction": 0, "price": 0.2837, "mark_price": 0.27767524, "iv": 93.26, "instrument_name": "BTC-29DEC17-7000-C", "index_price": 9436.53, "direction": "sell", "amount": 0.3}, {"trade_seq": 395, "trade_id": "1693792", "timestamp": 1511722009902, "tick_direction": 0, "price": 0.2829, "mark_price": 0.27723734, "iv": 92.55, "instrument_name": "BTC-29DEC17-7000-C", "index_price": 9426.53, "direction": "sell", "amount": 0.3}, {"trade_seq": 394, "trade_id": "1685384", "timestamp": 1511695488496, "tick_direction": 1, "price": 0.235, "mark_price": 0.23775, "iv": 72.86, "instrument_name": "BTC-29DEC17-7000-C", "index_price": 8951.05, "direction": "buy", "amount": 0.3}, {"trade_seq": 393, "trade_id": "1685374", "timestamp": 1511695469823, "tick_direction": 1, "price": 0.235, "mark_price": 0.23655806, "iv": 74.25, "instrument_name": "BTC-29DEC17-7000-C", "index_price": 8952.36, "direction": "buy", "amount": 1.0}, {"trade_seq": 392, "trade_id": "1685373", "timestamp": 1511695468788, "tick_direction": 1, "price": 0.235, "mark_price": 0.23655806, "iv": 74.25, "instrument_name": "BTC-29DEC17-7000-C", "index_price": 8952.36, "direction": "buy", "amount": 1.0}, {"trade_seq": 391, "trade_id": "1685352", "timestamp": 1511695281494, "tick_direction": 1, "price": 0.235, "mark_price": 0.2365162, "iv": 74.33, "instrument_name": "BTC-29DEC17-7000-C", "index_price": 8946.44, "direction": "buy", "amount": 0.6}, {"trade_seq": 390, "trade_id": "1685351", "timestamp": 1511695266446, "tick_direction": 1, "price": 0.235, "mark_price": 0.23651981, "iv": 74.32, "instrument_name": "BTC-29DEC17-7000-C", "index_price": 8946.4, "direction": "buy", "amount": 0.7}, {"trade_seq": 389, "trade_id": "1685322", "timestamp": 1511695221408, "tick_direction": 1, "price": 0.235, "mark_price": 0.23636882, "iv": 74.6, "instrument_name": "BTC-29DEC17-7000-C", "index_price": 8944.87, "direction": "buy", "amount": 0.8}, {"trade_seq": 388, "trade_id": "1685316", "timestamp": 1511695194020, "tick_direction": 1, "price": 0.235, "mark_price": 0.23648278, "iv": 74.39, "instrument_name": "BTC-29DEC17-7000-C", "index_price": 8940.41, "direction": "buy", "amount": 0.9}, {"trade_seq": 387, "trade_id": "1685311", "timestamp": 1511695164524, "tick_direction": 1, "price": 0.235, "mark_price": 0.23613701, "iv": 75.02, "instrument_name": "BTC-29DEC17-7000-C", "index_price": 8935.03, "direction": "buy", "amount": 0.9}, {"trade_seq": 386, "trade_id": "1685301", "timestamp": 1511695155722, "tick_direction": 1, "price": 0.235, "mark_price": 0.23602445, "iv": 75.22, "instrument_name": "BTC-29DEC17-7000-C", "index_price": 8935.03, "direction": "buy", "amount": 0.8}, {"trade_seq": 385, "trade_id": "1685232", "timestamp": 1511694745553, "tick_direction": 1, "price": 0.235, "mark_price": 0.23485019, "iv": 77.25, "instrument_name": "BTC-29DEC17-7000-C", "index_price": 8925.89, "direction": "buy", "amount": 1.0}, {"trade_seq": 384, "trade_id": "1685208", "timestamp": 1511694581713, "tick_direction": 1, "price": 0.235, "mark_price": 0.23484103, "iv": 77.27, "instrument_name": "BTC-29DEC17-7000-C", "index_price": 8918.11, "direction": "buy", "amount": 1.0}, {"trade_seq": 383, "trade_id": "1685176", "timestamp": 1511694043953, "tick_direction": 0, "price": 0.235, "mark_price": 0.23355129, "iv": 79.4, "instrument_name": "BTC-29DEC17-7000-C", "index_price": 8904.79, "direction": "buy", "amount": 1.0}, {"trade_seq": 382, "trade_id": "1675593", "timestamp": 1511656273067, "tick_direction": 1, "price": 0.225, "mark_price": 0.22887672, "iv": 70.51, "instrument_name": "BTC-29DEC17-7000-C", "index_price": 8793.05, "direction": "buy", "amount": 2.1}, {"trade_seq": 381, "trade_id": "1675563", "timestamp": 1511656171702, "tick_direction": 1, "price": 0.225, "mark_price": 0.22887773, "iv": 70.51, "instrument_name": "BTC-29DEC17-7000-C", "index_price": 8792.44, "direction": "buy", "amount": 0.1}, {"trade_seq": 380, "trade_id": "1675554", "timestamp": 1511656163099, "tick_direction": 1, "price": 0.225, "mark_price": 0.22887773, "iv": 70.51, "instrument_name": "BTC-29DEC17-7000-C", "index_price": 8757.71, "direction": "buy", "amount": 0.8}, {"trade_seq": 379, "trade_id": "1675553", "timestamp": 1511656163099, "tick_direction": 1, "price": 0.225, "mark_price": 0.22887773, "iv": 70.51, "instrument_name": "BTC-29DEC17-7000-C", "index_price": 8757.71, "direction": "buy", "amount": 1.2}, {"trade_seq": 378, "trade_id": "1675540", "timestamp": 1511656160294, "tick_direction": 1, "price": 0.225, "mark_price": 0.22815509, "iv": 71.8, "instrument_name": "BTC-29DEC17-7000-C", "index_price": 8788.5, "direction": "buy", "amount": 1.0}, {"trade_seq": 377, "trade_id": "1675518", "timestamp": 1511656146007, "tick_direction": 1, "price": 0.225, "mark_price": 0.22808251, "iv": 71.93, "instrument_name": "BTC-29DEC17-7000-C", "index_price": 8788.26, "direction": "buy", "amount": 0.1}, {"trade_seq": 376, "trade_id": "1675516", "timestamp": 1511656141650, "tick_direction": 1, "price": 0.225, "mark_price": 0.22767887, "iv": 72.63, "instrument_name": "BTC-29DEC17-7000-C", "index_price": 8788.41, "direction": "buy", "amount": 0.1}, {"trade_seq": 375, "trade_id": "1675501", "timestamp": 1511656111617, "tick_direction": 1, "price": 0.225, "mark_price": 0.22745862, "iv": 73.01, "instrument_name": "BTC-29DEC17-7000-C", "index_price": 8785.51, "direction": "buy", "amount": 0.1}, {"trade_seq": 374, "trade_id": "1675491", "timestamp": 1511656081584, "tick_direction": 1, "price": 0.225, "mark_price": 0.22764815, "iv": 72.68, "instrument_name": "BTC-29DEC17-7000-C", "index_price": 8783.06, "direction": "buy", "amount": 0.1}, {"trade_seq": 373, "trade_id": "1675482", "timestamp": 1511656049138, "tick_direction": 1, "price": 0.225, "mark_price": 0.22772926, "iv": 72.54, "instrument_name": "BTC-29DEC17-7000-C", "index_price": 8785.21, "direction": "buy", "amount": 0.1}, {"trade_seq": 372, "trade_id": "1675385", "timestamp": 1511655542360, "tick_direction": 1, "price": 0.225, "mark_price": 0.22612755, "iv": 75.22, "instrument_name": "BTC-29DEC17-7000-C", "index_price": 8761.69, "direction": "buy", "amount": 1.0}, {"trade_seq": 371, "trade_id": "1674748", "timestamp": 1511652681566, "tick_direction": 0, "price": 0.225, "mark_price": 0.2223, "iv": 82.18, "instrument_name": "BTC-29DEC17-7000-C", "index_price": 8707.52, "direction": "buy", "amount": 0.1}, {"trade_seq": 370, "trade_id": "1673298", "timestamp": 1511645500681, "tick_direction": 2, "price": 0.2181, "mark_price": 0.22119524, "iv": 76.54, "instrument_name": "BTC-29DEC17-7000-C", "index_price": 8696.97, "direction": "sell", "amount": 0.4}, {"trade_seq": 369, "trade_id": "1673297", "timestamp": 1511645500681, "tick_direction": 2, "price": 0.219, "mark_price": 0.22119524, "iv": 77.86, "instrument_name": "BTC-29DEC17-7000-C", "index_price": 8696.97, "direction": "buy", "amount": 0.6}, {"trade_seq": 368, "trade_id": "1671001", "timestamp": 1511633059008, "tick_direction": 3, "price": 0.225, "mark_price": 0.22509355, "iv": 79.86, "instrument_name": "BTC-29DEC17-7000-C", "index_price": 8706.7, "direction": "buy", "amount": 1.0}, {"trade_seq": 367, "trade_id": "1670936", "timestamp": 1511632991335, "tick_direction": 3, "price": 0.225, "mark_price": 0.22488524, "iv": 80.17, "instrument_name": "BTC-29DEC17-7000-C", "index_price": 8703.62, "direction": "buy", "amount": 0.8}, {"trade_seq": 366, "trade_id": "1670864", "timestamp": 1511632835733, "tick_direction": 3, "price": 0.225, "mark_price": 0.22515984, "iv": 79.77, "instrument_name": "BTC-29DEC17-7000-C", "index_price": 8704.8, "direction": "buy", "amount": 1.0}, {"trade_seq": 365, "trade_id": "1670854", "timestamp": 1511632745910, "tick_direction": 3, "price": 0.225, "mark_price": 0.22512652, "iv": 79.81, "instrument_name": "BTC-29DEC17-7000-C", "index_price": 8703.63, "direction": "buy", "amount": 1.0}, {"trade_seq": 364, "trade_id": "1670853", "timestamp": 1511632723228, "tick_direction": 3, "price": 0.225, "mark_price": 0.22535114, "iv": 79.48, "instrument_name": "BTC-29DEC17-7000-C", "index_price": 8703.71, "direction": "buy", "amount": 0.1}, {"trade_seq": 363, "trade_id": "1670846", "timestamp": 1511632675687, "tick_direction": 3, "price": 0.225, "mark_price": 0.22490889, "iv": 80.13, "instrument_name": "BTC-29DEC17-7000-C", "index_price": 8704.07, "direction": "buy", "amount": 1.0}, {"trade_seq": 362, "trade_id": "1670841", "timestamp": 1511632636460, "tick_direction": 3, "price": 0.225, "mark_price": 0.22496257, "iv": 80.05, "instrument_name": "BTC-29DEC17-7000-C", "index_price": 8704.31, "direction": "buy", "amount": 0.1}, {"trade_seq": 361, "trade_id": "1670839", "timestamp": 1511632604811, "tick_direction": 3, "price": 0.225, "mark_price": 0.22484198, "iv": 80.23, "instrument_name": "BTC-29DEC17-7000-C", "index_price": 8701.13, "direction": "buy", "amount": 1.0}, {"trade_seq": 360, "trade_id": "1670825", "timestamp": 1511632510506, "tick_direction": 3, "price": 0.225, "mark_price": 0.22552273, "iv": 79.23, "instrument_name": "BTC-29DEC17-7000-C", "index_price": 8698.98, "direction": "buy", "amount": 0.1}, {"trade_seq": 359, "trade_id": "1670824", "timestamp": 1511632507706, "tick_direction": 2, "price": 0.225, "mark_price": 0.22552273, "iv": 79.23, "instrument_name": "BTC-29DEC17-7000-C", "index_price": 8698.98, "direction": "buy", "amount": 0.1}, {"trade_seq": 358, "trade_id": "1669107", "timestamp": 1511625112743, "tick_direction": 0, "price": 0.227, "mark_price": 0.2222, "iv": 89.77, "instrument_name": "BTC-29DEC17-7000-C", "index_price": 8621.71, "direction": "sell", "amount": 1.0}, {"trade_seq": 357, "trade_id": "1668822", "timestamp": 1511624269418, "tick_direction": 2, "price": 0.2113, "mark_price": 0.2206, "iv": 71.07, "instrument_name": "BTC-29DEC17-7000-C", "index_price": 8558.3, "direction": "sell", "amount": 0.6}, {"trade_seq": 356, "trade_id": "1668821", "timestamp": 1511624269418, "tick_direction": 2, "price": 0.2128, "mark_price": 0.2206, "iv": 73.34, "instrument_name": "BTC-29DEC17-7000-C", "index_price": 8558.3, "direction": "buy", "amount": 0.3}, {"trade_seq": 355, "trade_id": "1668809", "timestamp": 1511624202506, "tick_direction": 0, "price": 0.2275, "mark_price": 0.21995, "iv": 93.88, "instrument_name": "BTC-29DEC17-7000-C", "index_price": 8559.44, "direction": "sell", "amount": 1.0}, {"trade_seq": 354, "trade_id": "1668804", "timestamp": 1511624157442, "tick_direction": 2, "price": 0.2274, "mark_price": 0.21975, "iv": 94.04, "instrument_name": "BTC-29DEC17-7000-C", "index_price": 8557.32, "direction": "sell", "amount": 1.0}, {"trade_seq": 353, "trade_id": "1668730", "timestamp": 1511622968923, "tick_direction": 0, "price": 0.228, "mark_price": 0.2208, "iv": 93.5, "instrument_name": "BTC-29DEC17-7000-C", "index_price": 8583.39, "direction": "sell", "amount": 1.0}, {"trade_seq": 352, "trade_id": "1658375", "timestamp": 1511569003858, "tick_direction": 0, "price": 0.1849, "mark_price": 0.18260705, "iv": 80.6, "instrument_name": "BTC-29DEC17-7000-C", "index_price": 8219.52, "direction": "sell", "amount": 0.4}, {"trade_seq": 351, "trade_id": "1658344", "timestamp": 1511568927986, "tick_direction": 2, "price": 0.1848, "mark_price": 0.18251436, "iv": 80.55, "instrument_name": "BTC-29DEC17-7000-C", "index_price": 8218.2, "direction": "sell", "amount": 0.5}, {"trade_seq": 350, "trade_id": "1656786", "timestamp": 1511553487134, "tick_direction": 0, "price": 0.187, "mark_price": 0.18165, "iv": 86.5, "instrument_name": "BTC-29DEC17-7000-C", "index_price": 8209.19, "direction": "buy", "amount": 8.1}, {"trade_seq": 349, "trade_id": "1656785", "timestamp": 1511553487134, "tick_direction": 2, "price": 0.1848, "mark_price": 0.18165, "iv": 84.2, "instrument_name": "BTC-29DEC17-7000-C", "index_price": 8209.19, "direction": "sell", "amount": 1.5}, {"trade_seq": 348, "trade_id": "1655036", "timestamp": 1511544413305, "tick_direction": 0, "price": 0.1924, "mark_price": 0.18755, "iv": 89.11, "instrument_name": "BTC-29DEC17-7000-C", "index_price": 8220.89, "direction": "sell", "amount": 1.0}, {"trade_seq": 347, "trade_id": "1648768", "timestamp": 1511510927602, "tick_direction": 2, "price": 0.1827, "mark_price": 0.19077266, "iv": 75.01, "instrument_name": "BTC-29DEC17-7000-C", "index_price": 8261.36, "direction": "buy", "amount": 0.2}, {"trade_seq": 346, "trade_id": "1648762", "timestamp": 1511510912509, "tick_direction": 0, "price": 0.1888, "mark_price": 0.19058768, "iv": 82.05, "instrument_name": "BTC-29DEC17-7000-C", "index_price": 8290.52, "direction": "buy", "amount": 0.2}, {"trade_seq": 345, "trade_id": "1640896", "timestamp": 1511484909454, "tick_direction": 2, "price": 0.165, "mark_price": 0.17760291, "iv": 80.81, "instrument_name": "BTC-29DEC17-7000-C", "index_price": 8007.94, "direction": "sell", "amount": 0.2}, {"trade_seq": 344, "trade_id": "1618338", "timestamp": 1511383567916, "tick_direction": 2, "price": 0.183, "mark_price": 0.19737299, "iv": 78.16, "instrument_name": "BTC-29DEC17-7000-C", "index_price": 8198.92, "direction": "buy", "amount": 0.3}, {"trade_seq": 343, "trade_id": "1618337", "timestamp": 1511383567840, "tick_direction": 2, "price": 0.1862, "mark_price": 0.19737299, "iv": 81.54, "instrument_name": "BTC-29DEC17-7000-C", "index_price": 8198.92, "direction": "sell", "amount": 1.0}, {"trade_seq": 342, "trade_id": "1618336", "timestamp": 1511383567840, "tick_direction": 2, "price": 0.1895, "mark_price": 0.19737299, "iv": 84.98, "instrument_name": "BTC-29DEC17-7000-C", "index_price": 8198.92, "direction": "buy", "amount": 1.5}, {"trade_seq": 341, "trade_id": "1618335", "timestamp": 1511383567840, "tick_direction": 2, "price": 0.1897, "mark_price": 0.19737299, "iv": 85.18, "instrument_name": "BTC-29DEC17-7000-C", "index_price": 8198.92, "direction": "sell", "amount": 1.0}, {"trade_seq": 340, "trade_id": "1615049", "timestamp": 1511369592881, "tick_direction": 2, "price": 0.201, "mark_price": 0.19523601, "iv": 98.68, "instrument_name": "BTC-29DEC17-7000-C", "index_price": 8185.14, "direction": "buy", "amount": 0.3}, {"trade_seq": 339, "trade_id": "1609414", "timestamp": 1511344382686, "tick_direction": 0, "price": 0.2176, "mark_price": 0.20169478, "iv": 107.89, "instrument_name": "BTC-29DEC17-7000-C", "index_price": 8255.01, "direction": "sell", "amount": 0.1}, {"trade_seq": 338, "trade_id": "1606464", "timestamp": 1511329706679, "tick_direction": 0, "price": 0.2082, "mark_price": 0.19153975, "iv": 107.97, "instrument_name": "BTC-29DEC17-7000-C", "index_price": 8141.1, "direction": "sell", "amount": 0.3}, {"trade_seq": 337, "trade_id": "1598234", "timestamp": 1511301820777, "tick_direction": 2, "price": 0.1843, "mark_price": 0.19089751, "iv": 85.57, "instrument_name": "BTC-29DEC17-7000-C", "index_price": 8114.33, "direction": "buy", "amount": 0.3}, {"trade_seq": 336, "trade_id": "1588721", "timestamp": 1511282663848, "tick_direction": 2, "price": 0.2068, "mark_price": 0.21189295, "iv": 85.53, "instrument_name": "BTC-29DEC17-7000-C", "index_price": 8315.05, "direction": "sell", "amount": 1.0}, {"trade_seq": 335, "trade_id": "1588705", "timestamp": 1511282644653, "tick_direction": 2, "price": 0.2086, "mark_price": 0.21235841, "iv": 86.97, "instrument_name": "BTC-29DEC17-7000-C", "index_price": 8323.35, "direction": "buy", "amount": 0.5}, {"trade_seq": 334, "trade_id": "1588633", "timestamp": 1511282291313, "tick_direction": 0, "price": 0.211, "mark_price": 0.21551216, "iv": 87.12, "instrument_name": "BTC-29DEC17-7000-C", "index_price": 8338.85, "direction": "buy", "amount": 1.0}, {"trade_seq": 333, "trade_id": "1584010", "timestamp": 1511260234555, "tick_direction": 2, "price": 0.2003, "mark_price": 0.2051509, "iv": 87.03, "instrument_name": "BTC-29DEC17-7000-C", "index_price": 8203.98, "direction": "buy", "amount": 0.8}, {"trade_seq": 332, "trade_id": "1584009", "timestamp": 1511260234555, "tick_direction": 0, "price": 0.2042, "mark_price": 0.2051509, "iv": 91.03, "instrument_name": "BTC-29DEC17-7000-C", "index_price": 8203.98, "direction": "buy", "amount": 0.2}, {"trade_seq": 331, "trade_id": "1580821", "timestamp": 1511248778046, "tick_direction": 1, "price": 0.2, "mark_price": 0.19612959, "iv": 95.75, "instrument_name": "BTC-29DEC17-7000-C", "index_price": 8096.87, "direction": "buy", "amount": 0.2}, {"trade_seq": 330, "trade_id": "1580789", "timestamp": 1511248619617, "tick_direction": 1, "price": 0.2, "mark_price": 0.19523549, "iv": 95.62, "instrument_name": "BTC-29DEC17-7000-C", "index_price": 8101.05, "direction": "buy", "amount": 0.2}, {"trade_seq": 329, "trade_id": "1580746", "timestamp": 1511248488383, "tick_direction": 1, "price": 0.2, "mark_price": 0.19606179, "iv": 94.84, "instrument_name": "BTC-29DEC17-7000-C", "index_price": 8114.82, "direction": "buy", "amount": 0.2}, {"trade_seq": 328, "trade_id": "1580738", "timestamp": 1511248468017, "tick_direction": 1, "price": 0.2, "mark_price": 0.19643959, "iv": 94.48, "instrument_name": "BTC-29DEC17-7000-C", "index_price": 8113.2, "direction": "buy", "amount": 0.2}, {"trade_seq": 327, "trade_id": "1580722", "timestamp": 1511248399048, "tick_direction": 0, "price": 0.2, "mark_price": 0.1963046, "iv": 94.61, "instrument_name": "BTC-29DEC17-7000-C", "index_price": 8112.66, "direction": "buy", "amount": 0.2}, {"trade_seq": 326, "trade_id": "1571955", "timestamp": 1511232489502, "tick_direction": 2, "price": 0.191, "mark_price": 0.19657085, "iv": 86.55, "instrument_name": "BTC-29DEC17-7000-C", "index_price": 8127.35, "direction": "buy", "amount": 0.5}, {"trade_seq": 325, "trade_id": "1571832", "timestamp": 1511232331187, "tick_direction": 2, "price": 0.1917, "mark_price": 0.19729511, "iv": 86.5, "instrument_name": "BTC-29DEC17-7000-C", "index_price": 8141.57, "direction": "buy", "amount": 0.5}, {"trade_seq": 324, "trade_id": "1565967", "timestamp": 1511206069775, "tick_direction": 0, "price": 0.2183, "mark_price": 0.21069428, "iv": 99.69, "instrument_name": "BTC-29DEC17-7000-C", "index_price": 8213.75, "direction": "sell", "amount": 0.1}, {"trade_seq": 323, "trade_id": "1563674", "timestamp": 1511193599489, "tick_direction": 2, "price": 0.2029, "mark_price": 0.21172579, "iv": 86.01, "instrument_name": "BTC-29DEC17-7000-C", "index_price": 8197.19, "direction": "buy", "amount": 0.2}, {"trade_seq": 322, "trade_id": "1563665", "timestamp": 1511193416636, "tick_direction": 2, "price": 0.2031, "mark_price": 0.21191618, "iv": 86.01, "instrument_name": "BTC-29DEC17-7000-C", "index_price": 8207.27, "direction": "buy", "amount": 0.1}, {"trade_seq": 321, "trade_id": "1563664", "timestamp": 1511193416636, "tick_direction": 0, "price": 0.2089, "mark_price": 0.21191618, "iv": 91.96, "instrument_name": "BTC-29DEC17-7000-C", "index_price": 8207.27, "direction": "buy", "amount": 0.2}, {"trade_seq": 320, "trade_id": "1557315", "timestamp": 1511156293532, "tick_direction": 2, "price": 0.1946, "mark_price": 0.19987694, "iv": 91.01, "instrument_name": "BTC-29DEC17-7000-C", "index_price": 7988.02, "direction": "buy", "amount": 0.4}, {"trade_seq": 319, "trade_id": "1556759", "timestamp": 1511150619599, "tick_direction": 2, "price": 0.1949, "mark_price": 0.20016126, "iv": 91.02, "instrument_name": "BTC-29DEC17-7000-C", "index_price": 7968.18, "direction": "buy", "amount": 0.1}, {"trade_seq": 318, "trade_id": "1554291", "timestamp": 1511134867939, "tick_direction": 1, "price": 0.22, "mark_price": 0.20442033, "iv": 110.62, "instrument_name": "BTC-29DEC17-7000-C", "index_price": 8015.03, "direction": "buy", "amount": 0.3}, {"trade_seq": 317, "trade_id": "1554279", "timestamp": 1511134678267, "tick_direction": 1, "price": 0.22, "mark_price": 0.2041562, "iv": 110.85, "instrument_name": "BTC-29DEC17-7000-C", "index_price": 8011.09, "direction": "buy", "amount": 0.1}, {"trade_seq": 316, "trade_id": "1554209", "timestamp": 1511134282901, "tick_direction": 0, "price": 0.22, "mark_price": 0.20264466, "iv": 112.16, "instrument_name": "BTC-29DEC17-7000-C", "index_price": 7988.68, "direction": "buy", "amount": 0.6}, {"trade_seq": 315, "trade_id": "1553964", "timestamp": 1511132390575, "tick_direction": 0, "price": 0.215, "mark_price": 0.20402308, "iv": 106.32, "instrument_name": "BTC-29DEC17-7000-C", "index_price": 8018.78, "direction": "buy", "amount": 0.9}, {"trade_seq": 314, "trade_id": "1551945", "timestamp": 1511123414555, "tick_direction": 1, "price": 0.2148, "mark_price": 0.20697948, "iv": 103.44, "instrument_name": "BTC-29DEC17-7000-C", "index_price": 8075.63, "direction": "buy", "amount": 0.2}, {"trade_seq": 313, "trade_id": "1551931", "timestamp": 1511123338825, "tick_direction": 0, "price": 0.2148, "mark_price": 0.20731682, "iv": 103.13, "instrument_name": "BTC-29DEC17-7000-C", "index_price": 8085.95, "direction": "buy", "amount": 0.3}, {"trade_seq": 312, "trade_id": "1551129", "timestamp": 1511120945045, "tick_direction": 2, "price": 0.2005, "mark_price": 0.20538756, "iv": 91.31, "instrument_name": "BTC-29DEC17-7000-C", "index_price": 8026.28, "direction": "buy", "amount": 0.5}, {"trade_seq": 311, "trade_id": "1538386", "timestamp": 1511045403640, "tick_direction": 1, "price": 0.2099, "mark_price": 0.18702869, "iv": 114.02, "instrument_name": "BTC-29DEC17-7000-C", "index_price": 7809.25, "direction": "sell", "amount": 0.1}, {"trade_seq": 310, "trade_id": "1538383", "timestamp": 1511045362041, "tick_direction": 0, "price": 0.2099, "mark_price": 0.18705531, "iv": 114.0, "instrument_name": "BTC-29DEC17-7000-C", "index_price": 7809.63, "direction": "sell", "amount": 0.1}, {"trade_seq": 309, "trade_id": "1538357", "timestamp": 1511045254408, "tick_direction": 0, "price": 0.2098, "mark_price": 0.18695472, "iv": 114.0, "instrument_name": "BTC-29DEC17-7000-C", "index_price": 7808.13, "direction": "sell", "amount": 0.2}, {"trade_seq": 308, "trade_id": "1538351", "timestamp": 1511045206043, "tick_direction": 0, "price": 0.2094, "mark_price": 0.18650629, "iv": 114.01, "instrument_name": "BTC-29DEC17-7000-C", "index_price": 7801.49, "direction": "sell", "amount": 0.6}, {"trade_seq": 307, "trade_id": "1520732", "timestamp": 1510970281100, "tick_direction": 2, "price": 0.1604, "mark_price": 0.15777699, "iv": 93.12, "instrument_name": "BTC-29DEC17-7000-C", "index_price": 7512.28, "direction": "buy", "amount": 0.5}, {"trade_seq": 306, "trade_id": "1520554", "timestamp": 1510969984557, "tick_direction": 0, "price": 0.1617, "mark_price": 0.15923432, "iv": 93.0, "instrument_name": "BTC-29DEC17-7000-C", "index_price": 7509.08, "direction": "buy", "amount": 0.6}, {"trade_seq": 305, "trade_id": "1520460", "timestamp": 1510969926658, "tick_direction": 2, "price": 0.1609, "mark_price": 0.15834421, "iv": 93.07, "instrument_name": "BTC-29DEC17-7000-C", "index_price": 7527.12, "direction": "buy", "amount": 0.3}, {"trade_seq": 304, "trade_id": "1520139", "timestamp": 1510969584379, "tick_direction": 2, "price": 0.1654, "mark_price": 0.16295223, "iv": 93.01, "instrument_name": "BTC-29DEC17-7000-C", "index_price": 7570.79, "direction": "buy", "amount": 0.3}, {"trade_seq": 303, "trade_id": "1519638", "timestamp": 1510967086801, "tick_direction": 2, "price": 0.1693, "mark_price": 0.16690732, "iv": 92.98, "instrument_name": "BTC-29DEC17-7000-C", "index_price": 7592.97, "direction": "buy", "amount": 0.3}, {"trade_seq": 302, "trade_id": "1519394", "timestamp": 1510966149833, "tick_direction": 0, "price": 0.1705, "mark_price": 0.16811792, "iv": 92.98, "instrument_name": "BTC-29DEC17-7000-C", "index_price": 7613.11, "direction": "buy", "amount": 0.5}, {"trade_seq": 301, "trade_id": "1519359", "timestamp": 1510966084561, "tick_direction": 2, "price": 0.1684, "mark_price": 0.16599161, "iv": 92.99, "instrument_name": "BTC-29DEC17-7000-C", "index_price": 7596.27, "direction": "buy", "amount": 0.5}, {"trade_seq": 300, "trade_id": "1514089", "timestamp": 1510943419694, "tick_direction": 2, "price": 0.2018, "mark_price": 0.18322225, "iv": 107.0, "instrument_name": "BTC-29DEC17-7000-C", "index_price": 7858.57, "direction": "buy", "amount": 0.1}, {"trade_seq": 299, "trade_id": "1511880", "timestamp": 1510935800173, "tick_direction": 2, "price": 0.2089, "mark_price": 0.19124351, "iv": 106.58, "instrument_name": "BTC-29DEC17-7000-C", "index_price": 7927.36, "direction": "buy", "amount": 0.6}, {"trade_seq": 298, "trade_id": "1511760", "timestamp": 1510935323389, "tick_direction": 0, "price": 0.2101, "mark_price": 0.19217393, "iv": 106.86, "instrument_name": "BTC-29DEC17-7000-C", "index_price": 7941.14, "direction": "buy", "amount": 0.3}, {"trade_seq": 297, "trade_id": "1511078", "timestamp": 1510933852301, "tick_direction": 0, "price": 0.2067, "mark_price": 0.19334482, "iv": 102.9, "instrument_name": "BTC-29DEC17-7000-C", "index_price": 7982.01, "direction": "sell", "amount": 1.0}, {"trade_seq": 296, "trade_id": "1510996", "timestamp": 1510933748011, "tick_direction": 0, "price": 0.2, "mark_price": 0.19559675, "iv": 94.98, "instrument_name": "BTC-29DEC17-7000-C", "index_price": 7983.8, "direction": "buy", "amount": 2.0}, {"trade_seq": 295, "trade_id": "1510527", "timestamp": 1510933048892, "tick_direction": 0, "price": 0.1998, "mark_price": 0.19023881, "iv": 99.45, "instrument_name": "BTC-29DEC17-7000-C", "index_price": 7918.73, "direction": "buy", "amount": 0.1}, {"trade_seq": 294, "trade_id": "1507689", "timestamp": 1510924577611, "tick_direction": 2, "price": 0.1807, "mark_price": 0.18054551, "iv": 91.13, "instrument_name": "BTC-29DEC17-7000-C", "index_price": 7806.37, "direction": "sell", "amount": 0.4}, {"trade_seq": 293, "trade_id": "1507688", "timestamp": 1510924577611, "tick_direction": 2, "price": 0.1809, "mark_price": 0.18054551, "iv": 91.3, "instrument_name": "BTC-29DEC17-7000-C", "index_price": 7806.37, "direction": "sell", "amount": 1.6}, {"trade_seq": 292, "trade_id": "1499543", "timestamp": 1510905012113, "tick_direction": 0, "price": 0.2048, "mark_price": 0.17227052, "iv": 117.86, "instrument_name": "BTC-29DEC17-7000-C", "index_price": 7667.74, "direction": "buy", "amount": 0.3}, {"trade_seq": 291, "trade_id": "1499542", "timestamp": 1510905012113, "tick_direction": 0, "price": 0.2001, "mark_price": 0.17227052, "iv": 114.0, "instrument_name": "BTC-29DEC17-7000-C", "index_price": 7667.74, "direction": "sell", "amount": 0.2}, {"trade_seq": 290, "trade_id": "1499403", "timestamp": 1510904881224, "tick_direction": 1, "price": 0.1978, "mark_price": 0.16982514, "iv": 113.97, "instrument_name": "BTC-29DEC17-7000-C", "index_price": 7647.38, "direction": "sell", "amount": 0.5}, {"trade_seq": 289, "trade_id": "1499400", "timestamp": 1510904877032, "tick_direction": 0, "price": 0.1978, "mark_price": 0.16982514, "iv": 113.97, "instrument_name": "BTC-29DEC17-7000-C", "index_price": 7646.36, "direction": "sell", "amount": 0.3}, {"trade_seq": 288, "trade_id": "1499399", "timestamp": 1510904877032, "tick_direction": 2, "price": 0.1929, "mark_price": 0.16982514, "iv": 109.96, "instrument_name": "BTC-29DEC17-7000-C", "index_price": 7646.36, "direction": "sell", "amount": 0.2}, {"trade_seq": 287, "trade_id": "1496507", "timestamp": 1510896365841, "tick_direction": 0, "price": 0.2082, "mark_price": 0.18097063, "iv": 114.01, "instrument_name": "BTC-29DEC17-7000-C", "index_price": 7846.48, "direction": "sell", "amount": 0.3}, {"trade_seq": 286, "trade_id": "1496504", "timestamp": 1510896329256, "tick_direction": 0, "price": 0.2039, "mark_price": 0.18146682, "iv": 110.01, "instrument_name": "BTC-29DEC17-7000-C", "index_price": 7847.26, "direction": "sell", "amount": 0.2}, {"trade_seq": 285, "trade_id": "1489410", "timestamp": 1510873553337, "tick_direction": 0, "price": 0.1945, "mark_price": 0.18521777, "iv": 98.97, "instrument_name": "BTC-29DEC17-7000-C", "index_price": 7813.74, "direction": "buy", "amount": 0.1}, {"trade_seq": 284, "trade_id": "1482906", "timestamp": 1510858018751, "tick_direction": 2, "price": 0.1801, "mark_price": 0.1765484, "iv": 93.97, "instrument_name": "BTC-29DEC17-7000-C", "index_price": 7734.07, "direction": "buy", "amount": 0.9}, {"trade_seq": 283, "trade_id": "1479993", "timestamp": 1510854447935, "tick_direction": 0, "price": 0.2042, "mark_price": 0.17102259, "iv": 118.05, "instrument_name": "BTC-29DEC17-7000-C", "index_price": 7643.03, "direction": "buy", "amount": 0.1}, {"trade_seq": 282, "trade_id": "1478424", "timestamp": 1510852682680, "tick_direction": 0, "price": 0.1621, "mark_price": 0.1550487, "iv": 96.54, "instrument_name": "BTC-29DEC17-7000-C", "index_price": 7472.43, "direction": "sell", "amount": 0.1}, {"trade_seq": 281, "trade_id": "1473712", "timestamp": 1510832651440, "tick_direction": 0, "price": 0.1523, "mark_price": 0.14841067, "iv": 94.0, "instrument_name": "BTC-29DEC17-7000-C", "index_price": 7379.69, "direction": "buy", "amount": 0.5}, {"trade_seq": 280, "trade_id": "1467731", "timestamp": 1510809748351, "tick_direction": 3, "price": 0.148, "mark_price": 0.13188718, "iv": 103.04, "instrument_name": "BTC-29DEC17-7000-C", "index_price": 7179.66, "direction": "sell", "amount": 0.1}, {"trade_seq": 279, "trade_id": "1467542", "timestamp": 1510809391676, "tick_direction": 3, "price": 0.148, "mark_price": 0.13393572, "iv": 101.53, "instrument_name": "BTC-29DEC17-7000-C", "index_price": 7202.78, "direction": "sell", "amount": 0.1}, {"trade_seq": 278, "trade_id": "1458550", "timestamp": 1510773019593, "tick_direction": 3, "price": 0.148, "mark_price": 0.13180995, "iv": 103.02, "instrument_name": "BTC-29DEC17-7000-C", "index_price": 7135.1, "direction": "sell", "amount": 0.1}, {"trade_seq": 277, "trade_id": "1458547", "timestamp": 1510772965548, "tick_direction": 2, "price": 0.148, "mark_price": 0.1318964, "iv": 102.96, "instrument_name": "BTC-29DEC17-7000-C", "index_price": 7134.73, "direction": "sell", "amount": 0.1}, {"trade_seq": 276, "trade_id": "1457336", "timestamp": 1510764644174, "tick_direction": 0, "price": 0.1482, "mark_price": 0.13247912, "iv": 102.67, "instrument_name": "BTC-29DEC17-7000-C", "index_price": 6870.62, "direction": "buy", "amount": 0.5}, {"trade_seq": 275, "trade_id": "1457214", "timestamp": 1510764318888, "tick_direction": 2, "price": 0.148, "mark_price": 0.13006543, "iv": 104.27, "instrument_name": "BTC-29DEC17-7000-C", "index_price": 7124.4, "direction": "sell", "amount": 0.1}, {"trade_seq": 274, "trade_id": "1456906", "timestamp": 1510763643515, "tick_direction": 3, "price": 0.1482, "mark_price": 0.13367078, "iv": 101.8, "instrument_name": "BTC-29DEC17-7000-C", "index_price": 7167.73, "direction": "sell", "amount": 0.1}, {"trade_seq": 273, "trade_id": "1456730", "timestamp": 1510763062177, "tick_direction": 2, "price": 0.1482, "mark_price": 0.13297955, "iv": 102.3, "instrument_name": "BTC-29DEC17-7000-C", "index_price": 7166.6, "direction": "sell", "amount": 0.1}, {"trade_seq": 272, "trade_id": "1456566", "timestamp": 1510762818681, "tick_direction": 2, "price": 0.149, "mark_price": 0.13647321, "iv": 100.35, "instrument_name": "BTC-29DEC17-7000-C", "index_price": 7222.59, "direction": "sell", "amount": 0.1}, {"trade_seq": 271, "trade_id": "1456024", "timestamp": 1510760268271, "tick_direction": 0, "price": 0.162, "mark_price": 0.13594687, "iv": 110.45, "instrument_name": "BTC-29DEC17-7000-C", "index_price": 7222.94, "direction": "buy", "amount": 0.5}, {"trade_seq": 270, "trade_id": "1456004", "timestamp": 1510760062933, "tick_direction": 0, "price": 0.16, "mark_price": 0.13688002, "iv": 108.28, "instrument_name": "BTC-29DEC17-7000-C", "index_price": 7241.32, "direction": "buy", "amount": 1.0}, {"trade_seq": 269, "trade_id": "1455852", "timestamp": 1510759417578, "tick_direction": 1, "price": 0.1599, "mark_price": 0.13504654, "iv": 109.52, "instrument_name": "BTC-29DEC17-7000-C", "index_price": 7199.29, "direction": "sell", "amount": 0.1}, {"trade_seq": 268, "trade_id": "1455850", "timestamp": 1510759412362, "tick_direction": 0, "price": 0.1599, "mark_price": 0.13508088, "iv": 109.5, "instrument_name": "BTC-29DEC17-7000-C", "index_price": 7195.2, "direction": "buy", "amount": 0.9}, {"trade_seq": 267, "trade_id": "1453401", "timestamp": 1510749760835, "tick_direction": 0, "price": 0.15, "mark_price": 0.13015738, "iv": 105.66, "instrument_name": "BTC-29DEC17-7000-C", "index_price": 7169.19, "direction": "buy", "amount": 0.1}, {"trade_seq": 266, "trade_id": "1453199", "timestamp": 1510748485544, "tick_direction": 0, "price": 0.1429, "mark_price": 0.12793745, "iv": 102.01, "instrument_name": "BTC-29DEC17-7000-C", "index_price": 6704.28, "direction": "sell", "amount": 1.5}, {"trade_seq": 265, "trade_id": "1450292", "timestamp": 1510737011526, "tick_direction": 1, "price": 0.13, "mark_price": 0.120933, "iv": 97.61, "instrument_name": "BTC-29DEC17-7000-C", "index_price": 6964.47, "direction": "buy", "amount": 0.3}, {"trade_seq": 264, "trade_id": "1448658", "timestamp": 1510726916552, "tick_direction": 0, "price": 0.13, "mark_price": 0.11480871, "iv": 102.01, "instrument_name": "BTC-29DEC17-7000-C", "index_price": 6863.89, "direction": "buy", "amount": 0.3}, {"trade_seq": 263, "trade_id": "1447988", "timestamp": 1510721457533, "tick_direction": 0, "price": 0.129, "mark_price": 0.11515691, "iv": 101.02, "instrument_name": "BTC-29DEC17-7000-C", "index_price": 6854.84, "direction": "sell", "amount": 0.1}, {"trade_seq": 262, "trade_id": "1447986", "timestamp": 1510721268511, "tick_direction": 0, "price": 0.125, "mark_price": 0.11515439, "iv": 98.13, "instrument_name": "BTC-29DEC17-7000-C", "index_price": 6852.06, "direction": "sell", "amount": 0.5}, {"trade_seq": 261, "trade_id": "1447037", "timestamp": 1510717763306, "tick_direction": 3, "price": 0.1212, "mark_price": 0.117375, "iv": 93.77, "instrument_name": "BTC-29DEC17-7000-C", "index_price": 6859.85, "direction": "buy", "amount": 0.1}, {"trade_seq": 260, "trade_id": "1446980", "timestamp": 1510717398981, "tick_direction": 3, "price": 0.1212, "mark_price": 0.11748277, "iv": 93.69, "instrument_name": "BTC-29DEC17-7000-C", "index_price": 6851.36, "direction": "buy", "amount": 0.2}, {"trade_seq": 259, "trade_id": "1446978", "timestamp": 1510717393433, "tick_direction": 2, "price": 0.1212, "mark_price": 0.11727421, "iv": 93.84, "instrument_name": "BTC-29DEC17-7000-C", "index_price": 6851.67, "direction": "buy", "amount": 0.2}, {"trade_seq": 258, "trade_id": "1444096", "timestamp": 1510708100619, "tick_direction": 0, "price": 0.1296, "mark_price": 0.11299678, "iv": 102.99, "instrument_name": "BTC-29DEC17-7000-C", "index_price": 6753.75, "direction": "sell", "amount": 0.1}, {"trade_seq": 257, "trade_id": "1443583", "timestamp": 1510706452208, "tick_direction": 0, "price": 0.128, "mark_price": 0.11480053, "iv": 100.53, "instrument_name": "BTC-29DEC17-7000-C", "index_price": 6782.24, "direction": "buy", "amount": 1.0}, {"trade_seq": 256, "trade_id": "1437930", "timestamp": 1510682593531, "tick_direction": 2, "price": 0.1149, "mark_price": 0.09782576, "iv": 103.26, "instrument_name": "BTC-29DEC17-7000-C", "index_price": 6557.04, "direction": "buy", "amount": 0.2}, {"trade_seq": 255, "trade_id": "1437927", "timestamp": 1510682552395, "tick_direction": 3, "price": 0.115, "mark_price": 0.09765038, "iv": 103.45, "instrument_name": "BTC-29DEC17-7000-C", "index_price": 6555.05, "direction": "buy", "amount": 0.1}, {"trade_seq": 254, "trade_id": "1437895", "timestamp": 1510681961106, "tick_direction": 2, "price": 0.115, "mark_price": 0.09739825, "iv": 103.63, "instrument_name": "BTC-29DEC17-7000-C", "index_price": 6557.58, "direction": "buy", "amount": 0.2}, {"trade_seq": 253, "trade_id": "1432585", "timestamp": 1510658463250, "tick_direction": 3, "price": 0.1273, "mark_price": 0.0973099, "iv": 112.46, "instrument_name": "BTC-29DEC17-7000-C", "index_price": 6561.78, "direction": "sell", "amount": 0.3}, {"trade_seq": 252, "trade_id": "1432582", "timestamp": 1510658460709, "tick_direction": 3, "price": 0.1273, "mark_price": 0.0973099, "iv": 112.46, "instrument_name": "BTC-29DEC17-7000-C", "index_price": 6561.78, "direction": "sell", "amount": 0.5}, {"trade_seq": 251, "trade_id": "1432580", "timestamp": 1510658452175, "tick_direction": 3, "price": 0.1273, "mark_price": 0.09767033, "iv": 112.2, "instrument_name": "BTC-29DEC17-7000-C", "index_price": 6562.57, "direction": "sell", "amount": 0.5}, {"trade_seq": 250, "trade_id": "1432579", "timestamp": 1510658449801, "tick_direction": 3, "price": 0.1273, "mark_price": 0.09767033, "iv": 112.2, "instrument_name": "BTC-29DEC17-7000-C", "index_price": 6562.57, "direction": "sell", "amount": 0.5}, {"trade_seq": 249, "trade_id": "1432578", "timestamp": 1510658446745, "tick_direction": 2, "price": 0.1273, "mark_price": 0.09767033, "iv": 112.2, "instrument_name": "BTC-29DEC17-7000-C", "index_price": 6563.81, "direction": "sell", "amount": 0.5}, {"trade_seq": 248, "trade_id": "1432577", "timestamp": 1510658443571, "tick_direction": 1, "price": 0.1275, "mark_price": 0.09767033, "iv": 112.34, "instrument_name": "BTC-29DEC17-7000-C", "index_price": 6563.81, "direction": "sell", "amount": 0.5}, {"trade_seq": 247, "trade_id": "1432576", "timestamp": 1510658440328, "tick_direction": 1, "price": 0.1275, "mark_price": 0.09767033, "iv": 112.34, "instrument_name": "BTC-29DEC17-7000-C", "index_price": 6563.59, "direction": "sell", "amount": 0.5}, {"trade_seq": 246, "trade_id": "1432575", "timestamp": 1510658437922, "tick_direction": 0, "price": 0.1275, "mark_price": 0.09767033, "iv": 112.34, "instrument_name": "BTC-29DEC17-7000-C", "index_price": 6533.99, "direction": "buy", "amount": 0.2}, {"trade_seq": 245, "trade_id": "1432573", "timestamp": 1510658437043, "tick_direction": 1, "price": 0.1273, "mark_price": 0.09767033, "iv": 112.2, "instrument_name": "BTC-29DEC17-7000-C", "index_price": 6563.59, "direction": "sell", "amount": 0.5}, {"trade_seq": 244, "trade_id": "1432572", "timestamp": 1510658436779, "tick_direction": 1, "price": 0.1273, "mark_price": 0.09767033, "iv": 112.2, "instrument_name": "BTC-29DEC17-7000-C", "index_price": 6563.59, "direction": "sell", "amount": 1.6}, {"trade_seq": 243, "trade_id": "1432571", "timestamp": 1510658431567, "tick_direction": 0, "price": 0.1273, "mark_price": 0.09767033, "iv": 112.2, "instrument_name": "BTC-29DEC17-7000-C", "index_price": 6563.43, "direction": "sell", "amount": 0.5}, {"trade_seq": 242, "trade_id": "1432570", "timestamp": 1510658431295, "tick_direction": 0, "price": 0.1267, "mark_price": 0.09767033, "iv": 111.77, "instrument_name": "BTC-29DEC17-7000-C", "index_price": 6563.43, "direction": "buy", "amount": 0.1}, {"trade_seq": 241, "trade_id": "1432569", "timestamp": 1510658431295, "tick_direction": 0, "price": 0.1265, "mark_price": 0.09767033, "iv": 111.62, "instrument_name": "BTC-29DEC17-7000-C", "index_price": 6563.43, "direction": "buy", "amount": 1.5}, {"trade_seq": 240, "trade_id": "1432568", "timestamp": 1510658431295, "tick_direction": 2, "price": 0.1214, "mark_price": 0.09767033, "iv": 107.98, "instrument_name": "BTC-29DEC17-7000-C", "index_price": 6563.43, "direction": "sell", "amount": 0.5}, {"trade_seq": 239, "trade_id": "1432436", "timestamp": 1510657928168, "tick_direction": 0, "price": 0.1245, "mark_price": 0.10071829, "iv": 108.01, "instrument_name": "BTC-29DEC17-7000-C", "index_price": 6621.77, "direction": "sell", "amount": 1.0}, {"trade_seq": 238, "trade_id": "1427165", "timestamp": 1510631145963, "tick_direction": 1, "price": 0.118, "mark_price": 0.11470924, "iv": 97.35, "instrument_name": "BTC-29DEC17-7000-C", "index_price": 6728.13, "direction": "buy", "amount": 0.1}, {"trade_seq": 237, "trade_id": "1427134", "timestamp": 1510631087303, "tick_direction": 0, "price": 0.118, "mark_price": 0.11442606, "iv": 97.55, "instrument_name": "BTC-29DEC17-7000-C", "index_price": 6720.58, "direction": "buy", "amount": 0.2}, {"trade_seq": 236, "trade_id": "1426267", "timestamp": 1510626356103, "tick_direction": 0, "price": 0.112, "mark_price": 0.11201865, "iv": 94.99, "instrument_name": "BTC-29DEC17-7000-C", "index_price": 6655.63, "direction": "sell", "amount": 1.0}, {"trade_seq": 235, "trade_id": "1413380", "timestamp": 1510589435787, "tick_direction": 2, "price": 0.1043, "mark_price": 0.10440719, "iv": 94.92, "instrument_name": "BTC-29DEC17-7000-C", "index_price": 6023.61, "direction": "buy", "amount": 0.1}, {"trade_seq": 234, "trade_id": "1408317", "timestamp": 1510575883174, "tick_direction": 1, "price": 0.1266, "mark_price": null, "iv": 109.57, "instrument_name": "BTC-29DEC17-7000-C", "index_price": 6540.8, "direction": "sell", "amount": 0.5}, {"trade_seq": 233, "trade_id": "1408316", "timestamp": 1510575879756, "tick_direction": 0, "price": 0.1266, "mark_price": null, "iv": 109.57, "instrument_name": "BTC-29DEC17-7000-C", "index_price": 6540.82, "direction": "sell", "amount": 0.5}, {"trade_seq": 232, "trade_id": "1399413", "timestamp": 1510552133787, "tick_direction": 0, "price": 0.1174, "mark_price": null, "iv": 114.79, "instrument_name": "BTC-29DEC17-7000-C", "index_price": 6243.19, "direction": "buy", "amount": 1.0}, {"trade_seq": 231, "trade_id": "1398105", "timestamp": 1510550229667, "tick_direction": 0, "price": 0.0825, "mark_price": null, "iv": 93.95, "instrument_name": "BTC-29DEC17-7000-C", "index_price": 6139.3, "direction": "sell", "amount": 0.1}, {"trade_seq": 230, "trade_id": "1398075", "timestamp": 1510550137194, "tick_direction": 2, "price": 0.0821, "mark_price": null, "iv": 94.14, "instrument_name": "BTC-29DEC17-7000-C", "index_price": 6126.94, "direction": "sell", "amount": 0.1}, {"trade_seq": 229, "trade_id": "1395825", "timestamp": 1510545023088, "tick_direction": 2, "price": 0.0833, "mark_price": null, "iv": 102.01, "instrument_name": "BTC-29DEC17-7000-C", "index_price": 5943.01, "direction": "buy", "amount": 0.2}, {"trade_seq": 228, "trade_id": "1394078", "timestamp": 1510541244586, "tick_direction": 1, "price": 0.0837, "mark_price": null, "iv": 104.31, "instrument_name": "BTC-29DEC17-7000-C", "index_price": 5888.97, "direction": "buy", "amount": 1.1}, {"trade_seq": 227, "trade_id": "1394069", "timestamp": 1510541195188, "tick_direction": 0, "price": 0.0837, "mark_price": null, "iv": 102.0, "instrument_name": "BTC-29DEC17-7000-C", "index_price": 5949.64, "direction": "buy", "amount": 0.4}, {"trade_seq": 226, "trade_id": "1388335", "timestamp": 1510529424385, "tick_direction": 0, "price": 0.0707, "mark_price": null, "iv": 102.02, "instrument_name": "BTC-29DEC17-7000-C", "index_price": 5688.35, "direction": "buy", "amount": 0.2}, {"trade_seq": 225, "trade_id": "1387186", "timestamp": 1510527823695, "tick_direction": 2, "price": 0.0703, "mark_price": null, "iv": 102.03, "instrument_name": "BTC-29DEC17-7000-C", "index_price": 5679.29, "direction": "buy", "amount": 0.1}, {"trade_seq": 224, "trade_id": "1380102", "timestamp": 1510515370975, "tick_direction": 3, "price": 0.09, "mark_price": null, "iv": 96.86, "instrument_name": "BTC-29DEC17-7000-C", "index_price": 6192.55, "direction": "sell", "amount": 8.0}, {"trade_seq": 223, "trade_id": "1377680", "timestamp": 1510509518048, "tick_direction": 3, "price": 0.09, "mark_price": null, "iv": 99.46, "instrument_name": "BTC-29DEC17-7000-C", "index_price": 6123.72, "direction": "sell", "amount": 1.5}, {"trade_seq": 222, "trade_id": "1376791", "timestamp": 1510507670943, "tick_direction": 2, "price": 0.09, "mark_price": null, "iv": 100.07, "instrument_name": "BTC-29DEC17-7000-C", "index_price": 6107.35, "direction": "sell", "amount": 0.5}, {"trade_seq": 221, "trade_id": "1367629", "timestamp": 1510486144885, "tick_direction": 2, "price": 0.1085, "mark_price": null, "iv": 99.88, "instrument_name": "BTC-29DEC17-7000-C", "index_price": 6437.25, "direction": "buy", "amount": 0.5}, {"trade_seq": 220, "trade_id": "1367482", "timestamp": 1510485915495, "tick_direction": 0, "price": 0.1113, "mark_price": null, "iv": 102.82, "instrument_name": "BTC-29DEC17-7000-C", "index_price": 6412.76, "direction": "buy", "amount": 0.5}, {"trade_seq": 219, "trade_id": "1359277", "timestamp": 1510473484492, "tick_direction": 2, "price": 0.0964, "mark_price": null, "iv": 96.97, "instrument_name": "BTC-29DEC17-7000-C", "index_price": 6292.7, "direction": "buy", "amount": 0.5}, {"trade_seq": 218, "trade_id": "1359241", "timestamp": 1510473483178, "tick_direction": 0, "price": 0.0965, "mark_price": null, "iv": 89.99, "instrument_name": "BTC-29DEC17-7000-C", "index_price": 6470.38, "direction": "sell", "amount": 1.0}, {"trade_seq": 217, "trade_id": "1354902", "timestamp": 1510469629984, "tick_direction": 0, "price": 0.0712, "mark_price": null, "iv": 102.59, "instrument_name": "BTC-29DEC17-7000-C", "index_price": 5662.63, "direction": "buy", "amount": 1.0}, {"trade_seq": 216, "trade_id": "1354635", "timestamp": 1510469522279, "tick_direction": 2, "price": 0.0704, "mark_price": null, "iv": 108.01, "instrument_name": "BTC-29DEC17-7000-C", "index_price": 5498.46, "direction": "buy", "amount": 1.4}, {"trade_seq": 215, "trade_id": "1354620", "timestamp": 1510469516879, "tick_direction": 0, "price": 0.0707, "mark_price": null, "iv": 108.02, "instrument_name": "BTC-29DEC17-7000-C", "index_price": 5504.37, "direction": "buy", "amount": 0.2}, {"trade_seq": 214, "trade_id": "1354398", "timestamp": 1510469261078, "tick_direction": 2, "price": 0.0671, "mark_price": null, "iv": 102.47, "instrument_name": "BTC-29DEC17-7000-C", "index_price": 5580.68, "direction": "buy", "amount": 0.1}, {"trade_seq": 213, "trade_id": "1351798", "timestamp": 1510466949562, "tick_direction": 2, "price": 0.0812, "mark_price": null, "iv": 108.27, "instrument_name": "BTC-29DEC17-7000-C", "index_price": 5709.22, "direction": "buy", "amount": 1.5}, {"trade_seq": 212, "trade_id": "1347170", "timestamp": 1510459137748, "tick_direction": 2, "price": 0.09, "mark_price": null, "iv": 100.48, "instrument_name": "BTC-29DEC17-7000-C", "index_price": 6081.14, "direction": "sell", "amount": 1.0}, {"trade_seq": 211, "trade_id": "1342912", "timestamp": 1510448395833, "tick_direction": 2, "price": 0.099, "mark_price": null, "iv": 99.56, "instrument_name": "BTC-29DEC17-7000-C", "index_price": 6265.59, "direction": "buy", "amount": 0.1}, {"trade_seq": 210, "trade_id": "1342744", "timestamp": 1510447995232, "tick_direction": 0, "price": 0.0993, "mark_price": null, "iv": 99.13, "instrument_name": "BTC-29DEC17-7000-C", "index_price": 6281.86, "direction": "buy", "amount": 0.1}, {"trade_seq": 209, "trade_id": "1337878", "timestamp": 1510433780548, "tick_direction": 2, "price": 0.099, "mark_price": null, "iv": 93.73, "instrument_name": "BTC-29DEC17-7000-C", "index_price": 6409.37, "direction": "buy", "amount": 0.1}, {"trade_seq": 208, "trade_id": "1336238", "timestamp": 1510429748290, "tick_direction": 1, "price": 0.1331, "mark_price": null, "iv": 121.47, "instrument_name": "BTC-29DEC17-7000-C", "index_price": 6307.02, "direction": "sell", "amount": 0.5}, {"trade_seq": 207, "trade_id": "1336235", "timestamp": 1510429747944, "tick_direction": 0, "price": 0.1331, "mark_price": null, "iv": 121.47, "instrument_name": "BTC-29DEC17-7000-C", "index_price": 6307.02, "direction": "sell", "amount": 1.0}, {"trade_seq": 206, "trade_id": "1336234", "timestamp": 1510429747839, "tick_direction": 0, "price": 0.1329, "mark_price": null, "iv": 121.33, "instrument_name": "BTC-29DEC17-7000-C", "index_price": 6307.02, "direction": "buy", "amount": 1.2}, {"trade_seq": 205, "trade_id": "1336233", "timestamp": 1510429747839, "tick_direction": 0, "price": 0.127, "mark_price": null, "iv": 117.23, "instrument_name": "BTC-29DEC17-7000-C", "index_price": 6307.02, "direction": "buy", "amount": 0.4}, {"trade_seq": 204, "trade_id": "1336232", "timestamp": 1510429747839, "tick_direction": 0, "price": 0.1244, "mark_price": null, "iv": 115.42, "instrument_name": "BTC-29DEC17-7000-C", "index_price": 6307.02, "direction": "buy", "amount": 1.4}, {"trade_seq": 203, "trade_id": "1336231", "timestamp": 1510429747839, "tick_direction": 0, "price": 0.1243, "mark_price": null, "iv": 115.36, "instrument_name": "BTC-29DEC17-7000-C", "index_price": 6307.02, "direction": "buy", "amount": 1.0}, {"trade_seq": 202, "trade_id": "1336230", "timestamp": 1510429747839, "tick_direction": 0, "price": 0.1242, "mark_price": null, "iv": 115.29, "instrument_name": "BTC-29DEC17-7000-C", "index_price": 6307.02, "direction": "buy", "amount": 1.1}, {"trade_seq": 201, "trade_id": "1334287", "timestamp": 1510425849586, "tick_direction": 2, "price": 0.1125, "mark_price": null, "iv": 110.5, "instrument_name": "BTC-29DEC17-7000-C", "index_price": 6220.18, "direction": "buy", "amount": 1.0}, {"trade_seq": 200, "trade_id": "1318517", "timestamp": 1510379576334, "tick_direction": 0, "price": 0.1243, "mark_price": null, "iv": 98.15, "instrument_name": "BTC-29DEC17-7000-C", "index_price": 6718.0, "direction": "buy", "amount": 0.5}, {"trade_seq": 199, "trade_id": "1315068", "timestamp": 1510361348525, "tick_direction": 3, "price": 0.11, "mark_price": null, "iv": 85.4, "instrument_name": "BTC-29DEC17-7000-C", "index_price": 6782.08, "direction": "buy", "amount": 1.0}, {"trade_seq": 198, "trade_id": "1313245", "timestamp": 1510355265557, "tick_direction": 3, "price": 0.11, "mark_price": null, "iv": 91.59, "instrument_name": "BTC-29DEC17-7000-C", "index_price": 6630.53, "direction": "sell", "amount": 4.0}, {"trade_seq": 197, "trade_id": "1313211", "timestamp": 1510355239675, "tick_direction": 2, "price": 0.11, "mark_price": null, "iv": 90.95, "instrument_name": "BTC-29DEC17-7000-C", "index_price": 6646.05, "direction": "sell", "amount": 1.0}, {"trade_seq": 196, "trade_id": "1313198", "timestamp": 1510355222213, "tick_direction": 2, "price": 0.1102, "mark_price": null, "iv": 90.82, "instrument_name": "BTC-29DEC17-7000-C", "index_price": 6652.67, "direction": "sell", "amount": 1.1}, {"trade_seq": 195, "trade_id": "1311794", "timestamp": 1510351058971, "tick_direction": 1, "price": 0.125, "mark_price": null, "iv": 103.63, "instrument_name": "BTC-29DEC17-7000-C", "index_price": 6587.0, "direction": "sell", "amount": 0.5}, {"trade_seq": 194, "trade_id": "1311766", "timestamp": 1510350883262, "tick_direction": 1, "price": 0.125, "mark_price": null, "iv": 103.42, "instrument_name": "BTC-29DEC17-7000-C", "index_price": 6592.14, "direction": "sell", "amount": 0.2}, {"trade_seq": 193, "trade_id": "1311756", "timestamp": 1510350837527, "tick_direction": 1, "price": 0.125, "mark_price": null, "iv": 107.27, "instrument_name": "BTC-29DEC17-7000-C", "index_price": 6496.15, "direction": "sell", "amount": 1.1}, {"trade_seq": 192, "trade_id": "1311459", "timestamp": 1510349851367, "tick_direction": 1, "price": 0.125, "mark_price": null, "iv": 101.72, "instrument_name": "BTC-29DEC17-7000-C", "index_price": 6633.85, "direction": "sell", "amount": 0.7}, {"trade_seq": 191, "trade_id": "1311110", "timestamp": 1510349332684, "tick_direction": 0, "price": 0.125, "mark_price": null, "iv": 102.55, "instrument_name": "BTC-29DEC17-7000-C", "index_price": 6613.19, "direction": "sell", "amount": 1.5}, {"trade_seq": 190, "trade_id": "1311109", "timestamp": 1510349332108, "tick_direction": 0, "price": 0.1213, "mark_price": null, "iv": 100.0, "instrument_name": "BTC-29DEC17-7000-C", "index_price": 6613.19, "direction": "sell", "amount": 1.0}, {"trade_seq": 189, "trade_id": "1307438", "timestamp": 1510341901396, "tick_direction": 2, "price": 0.1028, "mark_price": null, "iv": 88.27, "instrument_name": "BTC-29DEC17-7000-C", "index_price": 6586.38, "direction": "sell", "amount": 1.0}, {"trade_seq": 188, "trade_id": "1306754", "timestamp": 1510340803816, "tick_direction": 0, "price": 0.1128, "mark_price": null, "iv": 96.9, "instrument_name": "BTC-29DEC17-7000-C", "index_price": 6542.57, "direction": "sell", "amount": 1.0}, {"trade_seq": 187, "trade_id": "1300385", "timestamp": 1510320126633, "tick_direction": 2, "price": 0.1019, "mark_price": null, "iv": 78.65, "instrument_name": "BTC-29DEC17-7000-C", "index_price": 6800.43, "direction": "sell", "amount": 1.5}, {"trade_seq": 186, "trade_id": "1300384", "timestamp": 1510320126633, "tick_direction": 2, "price": 0.102, "mark_price": null, "iv": 78.72, "instrument_name": "BTC-29DEC17-7000-C", "index_price": 6800.43, "direction": "sell", "amount": 1.1}, {"trade_seq": 185, "trade_id": "1295234", "timestamp": 1510290801576, "tick_direction": 2, "price": 0.146, "mark_price": null, "iv": 87.17, "instrument_name": "BTC-29DEC17-7000-C", "index_price": 7299.6, "direction": "buy", "amount": 0.5}, {"trade_seq": 184, "trade_id": "1294546", "timestamp": 1510275049058, "tick_direction": 0, "price": 0.1509, "mark_price": null, "iv": 91.28, "instrument_name": "BTC-29DEC17-7000-C", "index_price": 7282.24, "direction": "buy", "amount": 1.5}, {"trade_seq": 183, "trade_id": "1243886", "timestamp": 1509998519613, "tick_direction": 2, "price": 0.0992, "mark_price": null, "iv": 64.74, "instrument_name": "BTC-29DEC17-7000-C", "index_price": 7023.12, "direction": "sell", "amount": 0.5}, {"trade_seq": 182, "trade_id": "1210552", "timestamp": 1509816077484, "tick_direction": 0, "price": 0.3, "mark_price": null, "iv": 187.01, "instrument_name": "BTC-29DEC17-7000-C", "index_price": 7347.99, "direction": "buy", "amount": 2.0}, {"trade_seq": 181, "trade_id": "1210551", "timestamp": 1509816077484, "tick_direction": 0, "price": 0.2588, "mark_price": null, "iv": 158.01, "instrument_name": "BTC-29DEC17-7000-C", "index_price": 7347.99, "direction": "buy", "amount": 1.8}, {"trade_seq": 180, "trade_id": "1210550", "timestamp": 1509816077484, "tick_direction": 0, "price": 0.2586, "mark_price": null, "iv": 157.87, "instrument_name": "BTC-29DEC17-7000-C", "index_price": 7347.99, "direction": "buy", "amount": 1.2}, {"trade_seq": 179, "trade_id": "1210534", "timestamp": 1509815915710, "tick_direction": 0, "price": 0.2, "mark_price": null, "iv": 117.24, "instrument_name": "BTC-29DEC17-7000-C", "index_price": 7351.54, "direction": "sell", "amount": 1.5}, {"trade_seq": 178, "trade_id": "1210533", "timestamp": 1509815915383, "tick_direction": 2, "price": 0.1988, "mark_price": null, "iv": 116.42, "instrument_name": "BTC-29DEC17-7000-C", "index_price": 7351.54, "direction": "buy", "amount": 1.5}, {"trade_seq": 177, "trade_id": "1210530", "timestamp": 1509815901816, "tick_direction": 0, "price": 0.1989, "mark_price": null, "iv": 116.37, "instrument_name": "BTC-29DEC17-7000-C", "index_price": 7354.32, "direction": "buy", "amount": 0.5}, {"trade_seq": 176, "trade_id": "1210529", "timestamp": 1509815901816, "tick_direction": 0, "price": 0.1823, "mark_price": null, "iv": 105.01, "instrument_name": "BTC-29DEC17-7000-C", "index_price": 7354.32, "direction": "buy", "amount": 0.2}, {"trade_seq": 175, "trade_id": "1210528", "timestamp": 1509815901816, "tick_direction": 1, "price": 0.1821, "mark_price": null, "iv": 104.88, "instrument_name": "BTC-29DEC17-7000-C", "index_price": 7354.32, "direction": "buy", "amount": 0.3}, {"trade_seq": 174, "trade_id": "1210526", "timestamp": 1509815892800, "tick_direction": 0, "price": 0.1821, "mark_price": null, "iv": 104.88, "instrument_name": "BTC-29DEC17-7000-C", "index_price": 7354.32, "direction": "buy", "amount": 0.9}, {"trade_seq": 173, "trade_id": "1210525", "timestamp": 1509815892800, "tick_direction": 0, "price": 0.1603, "mark_price": null, "iv": 90.01, "instrument_name": "BTC-29DEC17-7000-C", "index_price": 7354.32, "direction": "sell", "amount": 0.1}, {"trade_seq": 172, "trade_id": "1209028", "timestamp": 1509808274975, "tick_direction": 2, "price": 0.13, "mark_price": null, "iv": 71.86, "instrument_name": "BTC-29DEC17-7000-C", "index_price": 7298.24, "direction": "buy", "amount": 0.1}, {"trade_seq": 171, "trade_id": "1201430", "timestamp": 1509757892466, "tick_direction": 0, "price": 0.14, "mark_price": null, "iv": 87.54, "instrument_name": "BTC-29DEC17-7000-C", "index_price": 7076.52, "direction": "sell", "amount": 0.2}, {"trade_seq": 170, "trade_id": "1199455", "timestamp": 1509748653862, "tick_direction": 0, "price": 0.1395, "mark_price": null, "iv": 81.03, "instrument_name": "BTC-29DEC17-7000-C", "index_price": 7222.87, "direction": "sell", "amount": 0.1}, {"trade_seq": 169, "trade_id": "1195007", "timestamp": 1509729388132, "tick_direction": 0, "price": 0.135, "mark_price": null, "iv": 75.09, "instrument_name": "BTC-29DEC17-7000-C", "index_price": 7287.37, "direction": "buy", "amount": 0.3}, {"trade_seq": 168, "trade_id": "1189520", "timestamp": 1509702449735, "tick_direction": 0, "price": 0.1313, "mark_price": null, "iv": 67.02, "instrument_name": "BTC-29DEC17-7000-C", "index_price": 7406.97, "direction": "buy", "amount": 0.4}, {"trade_seq": 167, "trade_id": "1188503", "timestamp": 1509699857231, "tick_direction": 3, "price": 0.12, "mark_price": null, "iv": 62.94, "instrument_name": "BTC-29DEC17-7000-C", "index_price": 7329.52, "direction": "buy", "amount": 0.1}, {"trade_seq": 166, "trade_id": "1178997", "timestamp": 1509644537801, "tick_direction": 3, "price": 0.12, "mark_price": null, "iv": 77.91, "instrument_name": "BTC-29DEC17-7000-C", "index_price": 6969.38, "direction": "sell", "amount": 0.4}, {"trade_seq": 165, "trade_id": "1178905", "timestamp": 1509644165077, "tick_direction": 2, "price": 0.12, "mark_price": null, "iv": 79.3, "instrument_name": "BTC-29DEC17-7000-C", "index_price": 6934.66, "direction": "buy", "amount": 0.1}, {"trade_seq": 164, "trade_id": "1167123", "timestamp": 1509593119671, "tick_direction": 0, "price": 0.1223, "mark_price": null, "iv": 85.15, "instrument_name": "BTC-29DEC17-7000-C", "index_price": 6811.8, "direction": "buy", "amount": 0.5}, {"trade_seq": 163, "trade_id": "1166994", "timestamp": 1509592370695, "tick_direction": 0, "price": 0.1214, "mark_price": null, "iv": 84.57, "instrument_name": "BTC-29DEC17-7000-C", "index_price": 6811.8, "direction": "sell", "amount": 1.5}, {"trade_seq": 162, "trade_id": "1161462", "timestamp": 1509559388579, "tick_direction": 0, "price": 0.1163, "mark_price": null, "iv": 88.85, "instrument_name": "BTC-29DEC17-7000-C", "index_price": 6605.31, "direction": "buy", "amount": 0.1}, {"trade_seq": 161, "trade_id": "1161424", "timestamp": 1509559196674, "tick_direction": 2, "price": 0.0924, "mark_price": null, "iv": 73.55, "instrument_name": "BTC-29DEC17-7000-C", "index_price": 6611.13, "direction": "sell", "amount": 0.3}, {"trade_seq": 160, "trade_id": "1161423", "timestamp": 1509559190872, "tick_direction": 2, "price": 0.0926, "mark_price": null, "iv": 73.68, "instrument_name": "BTC-29DEC17-7000-C", "index_price": 6611.13, "direction": "sell", "amount": 0.7}, {"trade_seq": 159, "trade_id": "1159493", "timestamp": 1509544511188, "tick_direction": 3, "price": 0.0941, "mark_price": null, "iv": 79.0, "instrument_name": "BTC-29DEC17-7000-C", "index_price": 6488.81, "direction": "sell", "amount": 0.2}, {"trade_seq": 158, "trade_id": "1156068", "timestamp": 1509529387971, "tick_direction": 2, "price": 0.0941, "mark_price": null, "iv": 78.0, "instrument_name": "BTC-29DEC17-7000-C", "index_price": 6512.84, "direction": "sell", "amount": 2.9}, {"trade_seq": 157, "trade_id": "1156067", "timestamp": 1509529387971, "tick_direction": 2, "price": 0.0988, "mark_price": null, "iv": 80.97, "instrument_name": "BTC-29DEC17-7000-C", "index_price": 6512.84, "direction": "sell", "amount": 0.1}, {"trade_seq": 156, "trade_id": "1149946", "timestamp": 1509489690482, "tick_direction": 0, "price": 0.102, "mark_price": null, "iv": 96.45, "instrument_name": "BTC-29DEC17-7000-C", "index_price": 6124.39, "direction": "buy", "amount": 0.4}, {"trade_seq": 155, "trade_id": "1143403", "timestamp": 1509460040388, "tick_direction": 2, "price": 0.098, "mark_price": null, "iv": 86.01, "instrument_name": "BTC-29DEC17-7000-C", "index_price": 6342.37, "direction": "sell", "amount": 0.1}, {"trade_seq": 154, "trade_id": "1135756", "timestamp": 1509387545273, "tick_direction": 2, "price": 0.1, "mark_price": null, "iv": 94.09, "instrument_name": "BTC-29DEC17-7000-C", "index_price": 6128.75, "direction": "sell", "amount": 0.9}