{"trades": [{"trade_seq": 4865, "trade_id": "249105437", "timestamp": 1680231960615, "tick_direction": 3, "price": 0.0005, "mark_price": 0.00057276, "iv": 84.05, "instrument_name": "BTC-31MAR23-29000-C", "index_price": 28119.17, "direction": "sell", "amount": 0.1}, {"trade_seq": 4864, "trade_id": "249105194", "timestamp": 1680231746728, "tick_direction": 3, "price": 0.0005, "mark_price": 0.0006361, "iv": 81.8, "instrument_name": "BTC-31MAR23-29000-C", "index_price": 28137.07, "direction": "sell", "amount": 1.9}, {"trade_seq": 4863, "trade_id": "249105193", "timestamp": 1680231746728, "tick_direction": 3, "price": 0.0005, "mark_price": 0.0006361, "iv": 81.8, "instrument_name": "BTC-31MAR23-29000-C", "index_price": 28137.07, "direction": "sell", "amount": 0.8}, {"trade_seq": 4862, "trade_id": "249105192", "timestamp": 1680231746728, "tick_direction": 3, "price": 0.0005, "mark_price": 0.0006361, "iv": 81.8, "instrument_name": "BTC-31MAR23-29000-C", "index_price": 28137.07, "direction": "sell", "amount": 0.7}, {"trade_seq": 4861, "trade_id": "249105191", "timestamp": 1680231746728, "tick_direction": 3, "price": 0.0005, "mark_price": 0.0006361, "iv": 81.8, "instrument_name": "BTC-31MAR23-29000-C", "index_price": 28137.07, "direction": "sell", "amount": 2.0}, {"trade_seq": 4860, "trade_id": "249105190", "timestamp": 1680231746728, "tick_direction": 3, "price": 0.0005, "mark_price": 0.0006361, "iv": 81.8, "instrument_name": "BTC-31MAR23-29000-C", "index_price": 28137.07, "direction": "sell", "amount": 2.0}, {"trade_seq": 4859, "trade_id": "249105189", "timestamp": 1680231746728, "tick_direction": 3, "price": 0.0005, "mark_price": 0.0006361, "iv": 81.8, "instrument_name": "BTC-31MAR23-29000-C", "index_price": 28137.07, "direction": "sell", "amount": 1.6}, {"trade_seq": 4858, "trade_id": "249102260", "timestamp": 1680229089156, "tick_direction": 3, "price": 0.0005, "mark_price": 0.00066522, "iv": 77.82, "instrument_name": "BTC-31MAR23-29000-C", "index_price": 28113.95, "direction": "sell", "amount": 3.0}, {"trade_seq": 4857, "trade_id": "249101884", "timestamp": 1680228824658, "tick_direction": 3, "price": 0.0005, "mark_price": 0.00061733, "iv": 78.27, "instrument_name": "BTC-31MAR23-29000-C", "index_price": 28103.07, "direction": "sell", "amount": 0.4}, {"trade_seq": 4856, "trade_id": "249101883", "timestamp": 1680228824658, "tick_direction": 2, "price": 0.0005, "mark_price": 0.00061733, "iv": 78.27, "instrument_name": "BTC-31MAR23-29000-C", "index_price": 28103.07, "direction": "sell", "amount": 0.1}, {"trade_seq": 4855, "trade_id": "249095277", "timestamp": 1680225217049, "tick_direction": 2, "price": 0.001, "mark_price": 0.00112933, "iv": 69.45, "instrument_name": "BTC-31MAR23-29000-C", "index_price": 28313.58, "direction": "sell", "amount": 0.3}, {"trade_seq": 4854, "trade_id": "249094300", "timestamp": 1680225067362, "tick_direction": 0, "price": 0.0015, "mark_price": 0.00144602, "iv": 72.68, "instrument_name": "BTC-31MAR23-29000-C", "index_price": 28369.22, "direction": "buy", "amount": 2.0}, {"trade_seq": 4853, "trade_id": "249087981", "timestamp": 1680222909980, "tick_direction": 0, "price": 0.001, "mark_price": 0.00090528, "iv": 79.02, "instrument_name": "BTC-31MAR23-29000-C", "index_price": 28131.05, "direction": "buy", "amount": 1.0}, {"trade_seq": 4852, "trade_id": "249085330", "timestamp": 1680222010371, "tick_direction": 3, "price": 0.0005, "mark_price": 0.00063492, "iv": 75.24, "instrument_name": "BTC-31MAR23-29000-C", "index_price": 27979.42, "direction": "sell", "amount": 1.0}, {"trade_seq": 4851, "trade_id": "249083358", "timestamp": 1680220415601, "tick_direction": 3, "price": 0.0005, "mark_price": 0.00072906, "iv": 70.58, "instrument_name": "BTC-31MAR23-29000-C", "index_price": 28023.66, "direction": "sell", "amount": 0.9}, {"trade_seq": 4850, "trade_id": "249083357", "timestamp": 1680220415601, "tick_direction": 2, "price": 0.0005, "mark_price": 0.00072906, "iv": 70.58, "instrument_name": "BTC-31MAR23-29000-C", "index_price": 28023.66, "direction": "sell", "amount": 0.1}, {"trade_seq": 4849, "trade_id": "249082159", "timestamp": 1680218845254, "tick_direction": 1, "price": 0.001, "mark_price": 0.00079676, "iv": 81.89, "instrument_name": "BTC-31MAR23-29000-C", "index_price": 28000.17, "direction": "buy", "amount": 0.8}, {"trade_seq": 4848, "trade_id": "249081996", "timestamp": 1680218622483, "tick_direction": 1, "price": 0.001, "mark_price": 0.0008139, "iv": 81.67, "instrument_name": "BTC-31MAR23-29000-C", "index_price": 27999.98, "direction": "buy", "amount": 0.2}, {"trade_seq": 4847, "trade_id": "249081995", "timestamp": 1680218622483, "tick_direction": 1, "price": 0.001, "mark_price": 0.0008139, "iv": 81.67, "instrument_name": "BTC-31MAR23-29000-C", "index_price": 27999.98, "direction": "buy", "amount": 0.2}, {"trade_seq": 4846, "trade_id": "249075774", "timestamp": 1680216494132, "tick_direction": 0, "price": 0.001, "mark_price": 0.00076121, "iv": 78.77, "instrument_name": "BTC-31MAR23-29000-C", "index_price": 27997.97, "direction": "buy", "amount": 0.2}, {"trade_seq": 4845, "trade_id": "249072314", "timestamp": 1680214752941, "tick_direction": 2, "price": 0.0005, "mark_price": 0.00122774, "iv": 59.75, "instrument_name": "BTC-31MAR23-29000-C", "index_price": 28111.42, "direction": "sell", "amount": 1.0}, {"trade_seq": 4844, "trade_id": "249070940", "timestamp": 1680213700842, "tick_direction": 2, "price": 0.001, "mark_price": 0.00129583, "iv": 69.2, "instrument_name": "BTC-31MAR23-29000-C", "index_price": 28113.33, "direction": "sell", "amount": 0.3}, {"trade_seq": 4843, "trade_id": "249065118", "timestamp": 1680209599149, "tick_direction": 0, "price": 0.0015, "mark_price": 0.00145347, "iv": 72.08, "instrument_name": "BTC-31MAR23-29000-C", "index_price": 28144.78, "direction": "buy", "amount": 0.5}, {"trade_seq": 4842, "trade_id": "249059622", "timestamp": 1680207156082, "tick_direction": 3, "price": 0.001, "mark_price": 0.00114802, "iv": 71.97, "instrument_name": "BTC-31MAR23-29000-C", "index_price": 27949.46, "direction": "sell", "amount": 0.2}, {"trade_seq": 4841, "trade_id": "249059621", "timestamp": 1680207155021, "tick_direction": 3, "price": 0.001, "mark_price": 0.0011448, "iv": 72.02, "instrument_name": "BTC-31MAR23-29000-C", "index_price": 27949.98, "direction": "sell", "amount": 0.4}, {"trade_seq": 4840, "trade_id": "249059619", "timestamp": 1680207154029, "tick_direction": 2, "price": 0.001, "mark_price": 0.00113639, "iv": 72.14, "instrument_name": "BTC-31MAR23-29000-C", "index_price": 27948.86, "direction": "sell", "amount": 0.4}, {"trade_seq": 4839, "trade_id": "249057158", "timestamp": 1680206456588, "tick_direction": 1, "price": 0.0015, "mark_price": 0.00114765, "iv": 78.17, "instrument_name": "BTC-31MAR23-29000-C", "index_price": 27967.82, "direction": "sell", "amount": 5.4}, {"trade_seq": 4838, "trade_id": "249057157", "timestamp": 1680206456584, "tick_direction": 1, "price": 0.0015, "mark_price": 0.00114765, "iv": 78.17, "instrument_name": "BTC-31MAR23-29000-C", "index_price": 27967.82, "direction": "buy", "amount": 2.4}, {"trade_seq": 4837, "trade_id": "249057156", "timestamp": 1680206456584, "tick_direction": 1, "price": 0.0015, "mark_price": 0.00114765, "iv": 78.17, "instrument_name": "BTC-31MAR23-29000-C", "index_price": 27967.82, "direction": "buy", "amount": 0.2}, {"trade_seq": 4836, "trade_id": "249057155", "timestamp": 1680206456584, "tick_direction": 1, "price": 0.0015, "mark_price": 0.00114765, "iv": 78.17, "instrument_name": "BTC-31MAR23-29000-C", "index_price": 27967.82, "direction": "buy", "amount": 4.0}, {"trade_seq": 4835, "trade_id": "249055682", "timestamp": 1680205649137, "tick_direction": 1, "price": 0.0015, "mark_price": 0.00132733, "iv": 76.24, "instrument_name": "BTC-31MAR23-29000-C", "index_price": 28015.54, "direction": "buy", "amount": 0.3}, {"trade_seq": 4834, "trade_id": "249051192", "timestamp": 1680203811120, "tick_direction": 1, "price": 0.0015, "mark_price": 0.00141784, "iv": 78.65, "instrument_name": "BTC-31MAR23-29000-C", "index_price": 27939.65, "direction": "sell", "amount": 0.5}, {"trade_seq": 4833, "trade_id": "249049337", "timestamp": 1680203416173, "tick_direction": 1, "price": 0.0015, "mark_price": 0.00141249, "iv": 78.28, "instrument_name": "BTC-31MAR23-29000-C", "index_price": 27935.07, "direction": "sell", "amount": 2.0}, {"trade_seq": 4832, "trade_id": "249049336", "timestamp": 1680203416161, "tick_direction": 0, "price": 0.0015, "mark_price": 0.00141249, "iv": 78.28, "instrument_name": "BTC-31MAR23-29000-C", "index_price": 27935.07, "direction": "buy", "amount": 0.2}, {"trade_seq": 4831, "trade_id": "249047964", "timestamp": 1680203092846, "tick_direction": 3, "price": 0.001, "mark_price": 0.00138493, "iv": 71.03, "instrument_name": "BTC-31MAR23-29000-C", "index_price": 27925.29, "direction": "sell", "amount": 0.1}, {"trade_seq": 4830, "trade_id": "249047573", "timestamp": 1680202989827, "tick_direction": 2, "price": 0.001, "mark_price": 0.00139435, "iv": 70.7, "instrument_name": "BTC-31MAR23-29000-C", "index_price": 27927.94, "direction": "sell", "amount": 3.0}, {"trade_seq": 4829, "trade_id": "249046065", "timestamp": 1680202378783, "tick_direction": 1, "price": 0.0015, "mark_price": 0.00101657, "iv": 80.49, "instrument_name": "BTC-31MAR23-29000-C", "index_price": 27884.03, "direction": "sell", "amount": 3.6}, {"trade_seq": 4828, "trade_id": "249045994", "timestamp": 1680202355466, "tick_direction": 1, "price": 0.0015, "mark_price": 0.00100303, "iv": 80.58, "instrument_name": "BTC-31MAR23-29000-C", "index_price": 27884.23, "direction": "sell", "amount": 3.0}, {"trade_seq": 4827, "trade_id": "249045884", "timestamp": 1680202319671, "tick_direction": 1, "price": 0.0015, "mark_price": 0.00097123, "iv": 81.07, "instrument_name": "BTC-31MAR23-29000-C", "index_price": 27872.49, "direction": "buy", "amount": 20.0}, {"trade_seq": 4826, "trade_id": "249045883", "timestamp": 1680202319671, "tick_direction": 1, "price": 0.0015, "mark_price": 0.00097123, "iv": 81.07, "instrument_name": "BTC-31MAR23-29000-C", "index_price": 27872.49, "direction": "buy", "amount": 8.9}, {"trade_seq": 4825, "trade_id": "249045869", "timestamp": 1680202312534, "tick_direction": 1, "price": 0.0015, "mark_price": 0.00094379, "iv": 81.15, "instrument_name": "BTC-31MAR23-29000-C", "index_price": 27871.29, "direction": "buy", "amount": 2.0}, {"trade_seq": 4824, "trade_id": "249045868", "timestamp": 1680202312534, "tick_direction": 1, "price": 0.0015, "mark_price": 0.00094379, "iv": 81.15, "instrument_name": "BTC-31MAR23-29000-C", "index_price": 27871.29, "direction": "buy", "amount": 20.0}, {"trade_seq": 4823, "trade_id": "249045867", "timestamp": 1680202306213, "tick_direction": 1, "price": 0.0015, "mark_price": 0.00092338, "iv": 81.17, "instrument_name": "BTC-31MAR23-29000-C", "index_price": 27871.79, "direction": "buy", "amount": 12.8}, {"trade_seq": 4822, "trade_id": "249045866", "timestamp": 1680202306213, "tick_direction": 1, "price": 0.0015, "mark_price": 0.00092338, "iv": 81.17, "instrument_name": "BTC-31MAR23-29000-C", "index_price": 27871.79, "direction": "buy", "amount": 20.0}, {"trade_seq": 4821, "trade_id": "249045865", "timestamp": 1680202306213, "tick_direction": 1, "price": 0.0015, "mark_price": 0.00092338, "iv": 81.17, "instrument_name": "BTC-31MAR23-29000-C", "index_price": 27871.79, "direction": "buy", "amount": 13.9}, {"trade_seq": 4820, "trade_id": "249045864", "timestamp": 1680202306213, "tick_direction": 1, "price": 0.0015, "mark_price": 0.00092338, "iv": 81.17, "instrument_name": "BTC-31MAR23-29000-C", "index_price": 27871.79, "direction": "buy", "amount": 21.0}, {"trade_seq": 4819, "trade_id": "249045863", "timestamp": 1680202306213, "tick_direction": 0, "price": 0.0015, "mark_price": 0.00092338, "iv": 81.17, "instrument_name": "BTC-31MAR23-29000-C", "index_price": 27871.79, "direction": "buy", "amount": 0.3}, {"trade_seq": 4818, "trade_id": "249045029", "timestamp": 1680201989218, "tick_direction": 1, "price": 0.001, "mark_price": 0.00098725, "iv": 72.12, "instrument_name": "BTC-31MAR23-29000-C", "index_price": 27885.82, "direction": "buy", "amount": 7.8}, {"trade_seq": 4817, "trade_id": "249044817", "timestamp": 1680201812119, "tick_direction": 1, "price": 0.001, "mark_price": 0.00111187, "iv": 72.47, "instrument_name": "BTC-31MAR23-29000-C", "index_price": 27877.39, "direction": "buy", "amount": 0.2}, {"trade_seq": 4816, "trade_id": "249044035", "timestamp": 1680201649103, "tick_direction": 1, "price": 0.001, "mark_price": 0.00121117, "iv": 71.72, "instrument_name": "BTC-31MAR23-29000-C", "index_price": 27890.19, "direction": "buy", "amount": 1.3}, {"trade_seq": 4815, "trade_id": "249044034", "timestamp": 1680201649101, "tick_direction": 1, "price": 0.001, "mark_price": 0.00121117, "iv": 71.72, "instrument_name": "BTC-31MAR23-29000-C", "index_price": 27890.19, "direction": "buy", "amount": 2.0}, {"trade_seq": 4814, "trade_id": "249044033", "timestamp": 1680201649065, "tick_direction": 0, "price": 0.001, "mark_price": 0.00121117, "iv": 71.72, "instrument_name": "BTC-31MAR23-29000-C", "index_price": 27890.19, "direction": "buy", "amount": 3.0}, {"trade_seq": 4813, "trade_id": "249041845", "timestamp": 1680200875186, "tick_direction": 2, "price": 0.0005, "mark_price": 0.00120527, "iv": 61.91, "instrument_name": "BTC-31MAR23-29000-C", "index_price": 27876.22, "direction": "sell", "amount": 0.1}, {"trade_seq": 4812, "trade_id": "249039897", "timestamp": 1680199937496, "tick_direction": 3, "price": 0.001, "mark_price": 0.0009564, "iv": 76.37, "instrument_name": "BTC-31MAR23-29000-C", "index_price": 27774.99, "direction": "sell", "amount": 0.3}, {"trade_seq": 4811, "trade_id": "249039891", "timestamp": 1680199936555, "tick_direction": 3, "price": 0.001, "mark_price": 0.00095357, "iv": 76.42, "instrument_name": "BTC-31MAR23-29000-C", "index_price": 27768.06, "direction": "sell", "amount": 0.3}, {"trade_seq": 4810, "trade_id": "249038599", "timestamp": 1680199676200, "tick_direction": 3, "price": 0.001, "mark_price": 0.00102967, "iv": 75.59, "instrument_name": "BTC-31MAR23-29000-C", "index_price": 27776.4, "direction": "buy", "amount": 0.1}, {"trade_seq": 4809, "trade_id": "249038594", "timestamp": 1680199676142, "tick_direction": 3, "price": 0.001, "mark_price": 0.00102967, "iv": 75.59, "instrument_name": "BTC-31MAR23-29000-C", "index_price": 27776.4, "direction": "buy", "amount": 0.1}, {"trade_seq": 4808, "trade_id": "249038579", "timestamp": 1680199672445, "tick_direction": 3, "price": 0.001, "mark_price": 0.00100957, "iv": 76.0, "instrument_name": "BTC-31MAR23-29000-C", "index_price": 27774.87, "direction": "buy", "amount": 0.6}, {"trade_seq": 4807, "trade_id": "249038532", "timestamp": 1680199664740, "tick_direction": 3, "price": 0.001, "mark_price": 0.00104095, "iv": 75.45, "instrument_name": "BTC-31MAR23-29000-C", "index_price": 27780.68, "direction": "buy", "amount": 2.0}, {"trade_seq": 4806, "trade_id": "249038496", "timestamp": 1680199644169, "tick_direction": 3, "price": 0.001, "mark_price": 0.00112495, "iv": 74.17, "instrument_name": "BTC-31MAR23-29000-C", "index_price": 27805.11, "direction": "buy", "amount": 2.0}, {"trade_seq": 4805, "trade_id": "249038491", "timestamp": 1680199621289, "tick_direction": 3, "price": 0.001, "mark_price": 0.00112996, "iv": 74.22, "instrument_name": "BTC-31MAR23-29000-C", "index_price": 27803.6, "direction": "buy", "amount": 1.0}, {"trade_seq": 4804, "trade_id": "249038457", "timestamp": 1680199584014, "tick_direction": 3, "price": 0.001, "mark_price": 0.00114812, "iv": 74.14, "instrument_name": "BTC-31MAR23-29000-C", "index_price": 27806.76, "direction": "sell", "amount": 1.6}, {"trade_seq": 4803, "trade_id": "249038450", "timestamp": 1680199580386, "tick_direction": 3, "price": 0.001, "mark_price": 0.00115472, "iv": 74.04, "instrument_name": "BTC-31MAR23-29000-C", "index_price": 27808.62, "direction": "sell", "amount": 1.7}, {"trade_seq": 4802, "trade_id": "249038343", "timestamp": 1680199534675, "tick_direction": 3, "price": 0.001, "mark_price": 0.00107943, "iv": 75.23, "instrument_name": "BTC-31MAR23-29000-C", "index_price": 27783.48, "direction": "buy", "amount": 1.2}, {"trade_seq": 4801, "trade_id": "249038336", "timestamp": 1680199530435, "tick_direction": 3, "price": 0.001, "mark_price": 0.00108213, "iv": 75.07, "instrument_name": "BTC-31MAR23-29000-C", "index_price": 27783.27, "direction": "buy", "amount": 0.2}, {"trade_seq": 4800, "trade_id": "249038335", "timestamp": 1680199530424, "tick_direction": 3, "price": 0.001, "mark_price": 0.00108213, "iv": 75.07, "instrument_name": "BTC-31MAR23-29000-C", "index_price": 27783.27, "direction": "buy", "amount": 0.3}, {"trade_seq": 4799, "trade_id": "249038334", "timestamp": 1680199530413, "tick_direction": 3, "price": 0.001, "mark_price": 0.00108213, "iv": 75.07, "instrument_name": "BTC-31MAR23-29000-C", "index_price": 27783.27, "direction": "buy", "amount": 0.1}, {"trade_seq": 4798, "trade_id": "249038333", "timestamp": 1680199529624, "tick_direction": 3, "price": 0.001, "mark_price": 0.00109122, "iv": 75.04, "instrument_name": "BTC-31MAR23-29000-C", "index_price": 27785.59, "direction": "buy", "amount": 0.2}, {"trade_seq": 4797, "trade_id": "249038332", "timestamp": 1680199529362, "tick_direction": 3, "price": 0.001, "mark_price": 0.00109122, "iv": 75.04, "instrument_name": "BTC-31MAR23-29000-C", "index_price": 27785.59, "direction": "buy", "amount": 0.3}, {"trade_seq": 4796, "trade_id": "249038330", "timestamp": 1680199527150, "tick_direction": 3, "price": 0.001, "mark_price": 0.00110437, "iv": 74.88, "instrument_name": "BTC-31MAR23-29000-C", "index_price": 27787.2, "direction": "buy", "amount": 0.1}, {"trade_seq": 4795, "trade_id": "249038326", "timestamp": 1680199525150, "tick_direction": 3, "price": 0.001, "mark_price": 0.00109416, "iv": 75.01, "instrument_name": "BTC-31MAR23-29000-C", "index_price": 27790.15, "direction": "buy", "amount": 0.2}, {"trade_seq": 4794, "trade_id": "249038323", "timestamp": 1680199524972, "tick_direction": 3, "price": 0.001, "mark_price": 0.00109416, "iv": 74.91, "instrument_name": "BTC-31MAR23-29000-C", "index_price": 27786.25, "direction": "buy", "amount": 0.1}, {"trade_seq": 4793, "trade_id": "249038321", "timestamp": 1680199524955, "tick_direction": 3, "price": 0.001, "mark_price": 0.00109416, "iv": 74.91, "instrument_name": "BTC-31MAR23-29000-C", "index_price": 27786.25, "direction": "buy", "amount": 0.1}, {"trade_seq": 4792, "trade_id": "249038318", "timestamp": 1680199524950, "tick_direction": 3, "price": 0.001, "mark_price": 0.00109416, "iv": 74.91, "instrument_name": "BTC-31MAR23-29000-C", "index_price": 27786.25, "direction": "buy", "amount": 0.1}, {"trade_seq": 4791, "trade_id": "249038309", "timestamp": 1680199524034, "tick_direction": 3, "price": 0.001, "mark_price": 0.00110147, "iv": 74.9, "instrument_name": "BTC-31MAR23-29000-C", "index_price": 27788.62, "direction": "buy", "amount": 0.2}, {"trade_seq": 4790, "trade_id": "249038306", "timestamp": 1680199523943, "tick_direction": 3, "price": 0.001, "mark_price": 0.00110147, "iv": 74.9, "instrument_name": "BTC-31MAR23-29000-C", "index_price": 27788.62, "direction": "buy", "amount": 1.1}, {"trade_seq": 4789, "trade_id": "249038304", "timestamp": 1680199522038, "tick_direction": 3, "price": 0.001, "mark_price": 0.00112507, "iv": 74.51, "instrument_name": "BTC-31MAR23-29000-C", "index_price": 27795.79, "direction": "buy", "amount": 0.1}, {"trade_seq": 4788, "trade_id": "249038303", "timestamp": 1680199522032, "tick_direction": 3, "price": 0.001, "mark_price": 0.00112507, "iv": 74.51, "instrument_name": "BTC-31MAR23-29000-C", "index_price": 27795.79, "direction": "buy", "amount": 0.1}, {"trade_seq": 4787, "trade_id": "249038301", "timestamp": 1680199521995, "tick_direction": 3, "price": 0.001, "mark_price": 0.00112507, "iv": 74.51, "instrument_name": "BTC-31MAR23-29000-C", "index_price": 27795.79, "direction": "buy", "amount": 0.2}, {"trade_seq": 4786, "trade_id": "249038300", "timestamp": 1680199521993, "tick_direction": 3, "price": 0.001, "mark_price": 0.00112507, "iv": 74.51, "instrument_name": "BTC-31MAR23-29000-C", "index_price": 27795.79, "direction": "buy", "amount": 0.4}, {"trade_seq": 4785, "trade_id": "249038277", "timestamp": 1680199513676, "tick_direction": 3, "price": 0.001, "mark_price": 0.00113303, "iv": 74.44, "instrument_name": "BTC-31MAR23-29000-C", "index_price": 27799.08, "direction": "sell", "amount": 1.6}, {"trade_seq": 4784, "trade_id": "249038243", "timestamp": 1680199497923, "tick_direction": 3, "price": 0.001, "mark_price": 0.00113876, "iv": 74.26, "instrument_name": "BTC-31MAR23-29000-C", "index_price": 27803.36, "direction": "sell", "amount": 1.9}, {"trade_seq": 4783, "trade_id": "249038242", "timestamp": 1680199497923, "tick_direction": 3, "price": 0.001, "mark_price": 0.00113876, "iv": 74.26, "instrument_name": "BTC-31MAR23-29000-C", "index_price": 27803.36, "direction": "sell", "amount": 1.0}, {"trade_seq": 4782, "trade_id": "249037306", "timestamp": 1680199343127, "tick_direction": 3, "price": 0.001, "mark_price": 0.0012531, "iv": 72.42, "instrument_name": "BTC-31MAR23-29000-C", "index_price": 27847.67, "direction": "sell", "amount": 0.5}, {"trade_seq": 4781, "trade_id": "249036152", "timestamp": 1680199015260, "tick_direction": 3, "price": 0.001, "mark_price": 0.00111781, "iv": 74.07, "instrument_name": "BTC-31MAR23-29000-C", "index_price": 27806.59, "direction": "sell", "amount": 1.6}, {"trade_seq": 4780, "trade_id": "249036003", "timestamp": 1680198969787, "tick_direction": 3, "price": 0.001, "mark_price": 0.00101526, "iv": 75.68, "instrument_name": "BTC-31MAR23-29000-C", "index_price": 27778.62, "direction": "sell", "amount": 1.8}, {"trade_seq": 4779, "trade_id": "249036002", "timestamp": 1680198969787, "tick_direction": 3, "price": 0.001, "mark_price": 0.00101526, "iv": 75.68, "instrument_name": "BTC-31MAR23-29000-C", "index_price": 27778.62, "direction": "sell", "amount": 2.2}, {"trade_seq": 4778, "trade_id": "249035176", "timestamp": 1680198845451, "tick_direction": 3, "price": 0.001, "mark_price": 0.0010713, "iv": 74.04, "instrument_name": "BTC-31MAR23-29000-C", "index_price": 27802.78, "direction": "sell", "amount": 1.9}, {"trade_seq": 4777, "trade_id": "249035130", "timestamp": 1680198828544, "tick_direction": 3, "price": 0.001, "mark_price": 0.00107896, "iv": 73.86, "instrument_name": "BTC-31MAR23-29000-C", "index_price": 27807.81, "direction": "sell", "amount": 1.9}, {"trade_seq": 4776, "trade_id": "249034759", "timestamp": 1680198731104, "tick_direction": 3, "price": 0.001, "mark_price": 0.00108307, "iv": 73.49, "instrument_name": "BTC-31MAR23-29000-C", "index_price": 27809.88, "direction": "sell", "amount": 2.4}, {"trade_seq": 4775, "trade_id": "249034758", "timestamp": 1680198731104, "tick_direction": 3, "price": 0.001, "mark_price": 0.00108307, "iv": 73.49, "instrument_name": "BTC-31MAR23-29000-C", "index_price": 27809.88, "direction": "sell", "amount": 1.9}, {"trade_seq": 4774, "trade_id": "249033893", "timestamp": 1680198460936, "tick_direction": 3, "price": 0.001, "mark_price": 0.00108326, "iv": 72.85, "instrument_name": "BTC-31MAR23-29000-C", "index_price": 27836.16, "direction": "buy", "amount": 3.0}, {"trade_seq": 4773, "trade_id": "249033849", "timestamp": 1680198455269, "tick_direction": 3, "price": 0.001, "mark_price": 0.00110657, "iv": 72.49, "instrument_name": "BTC-31MAR23-29000-C", "index_price": 27841.53, "direction": "buy", "amount": 1.1}, {"trade_seq": 4772, "trade_id": "249033848", "timestamp": 1680198455260, "tick_direction": 3, "price": 0.001, "mark_price": 0.00110657, "iv": 72.49, "instrument_name": "BTC-31MAR23-29000-C", "index_price": 27841.53, "direction": "sell", "amount": 1.9}, {"trade_seq": 4771, "trade_id": "249033790", "timestamp": 1680198433651, "tick_direction": 3, "price": 0.001, "mark_price": 0.00105769, "iv": 73.16, "instrument_name": "BTC-31MAR23-29000-C", "index_price": 27821.12, "direction": "sell", "amount": 1.0}, {"trade_seq": 4770, "trade_id": "249033789", "timestamp": 1680198431073, "tick_direction": 2, "price": 0.001, "mark_price": 0.00105908, "iv": 73.13, "instrument_name": "BTC-31MAR23-29000-C", "index_price": 27822.17, "direction": "sell", "amount": 1.0}, {"trade_seq": 4769, "trade_id": "249030927", "timestamp": 1680197972388, "tick_direction": 0, "price": 0.0015, "mark_price": 0.001209, "iv": 75.73, "instrument_name": "BTC-31MAR23-29000-C", "index_price": 27939.0, "direction": "buy", "amount": 0.5}, {"trade_seq": 4768, "trade_id": "249028677", "timestamp": 1680197727476, "tick_direction": 3, "price": 0.001, "mark_price": 0.00101427, "iv": 70.79, "instrument_name": "BTC-31MAR23-29000-C", "index_price": 27857.14, "direction": "sell", "amount": 1.7}, {"trade_seq": 4767, "trade_id": "249028560", "timestamp": 1680197705988, "tick_direction": 3, "price": 0.001, "mark_price": 0.00098691, "iv": 70.89, "instrument_name": "BTC-31MAR23-29000-C", "index_price": 27856.44, "direction": "sell", "amount": 1.8}, {"trade_seq": 4766, "trade_id": "249028403", "timestamp": 1680197682005, "tick_direction": 2, "price": 0.001, "mark_price": 0.00099244, "iv": 71.0, "instrument_name": "BTC-31MAR23-29000-C", "index_price": 27853.99, "direction": "sell", "amount": 1.6}, {"trade_seq": 4765, "trade_id": "249028283", "timestamp": 1680197655507, "tick_direction": 1, "price": 0.0015, "mark_price": 0.00100707, "iv": 78.17, "instrument_name": "BTC-31MAR23-29000-C", "index_price": 27862.82, "direction": "buy", "amount": 0.1}, {"trade_seq": 4764, "trade_id": "249028256", "timestamp": 1680197648171, "tick_direction": 0, "price": 0.0015, "mark_price": 0.00099741, "iv": 78.21, "instrument_name": "BTC-31MAR23-29000-C", "index_price": 27862.6, "direction": "buy", "amount": 1.9}, {"trade_seq": 4763, "trade_id": "249028078", "timestamp": 1680197623829, "tick_direction": 3, "price": 0.001, "mark_price": 0.00092827, "iv": 71.63, "instrument_name": "BTC-31MAR23-29000-C", "index_price": 27841.0, "direction": "buy", "amount": 0.4}, {"trade_seq": 4762, "trade_id": "249028077", "timestamp": 1680197623827, "tick_direction": 3, "price": 0.001, "mark_price": 0.00092827, "iv": 71.63, "instrument_name": "BTC-31MAR23-29000-C", "index_price": 27841.0, "direction": "sell", "amount": 1.6}, {"trade_seq": 4761, "trade_id": "249027948", "timestamp": 1680197617017, "tick_direction": 3, "price": 0.001, "mark_price": 0.00092595, "iv": 71.65, "instrument_name": "BTC-31MAR23-29000-C", "index_price": 27839.3, "direction": "sell", "amount": 0.8}, {"trade_seq": 4760, "trade_id": "249027947", "timestamp": 1680197617017, "tick_direction": 3, "price": 0.001, "mark_price": 0.00092595, "iv": 71.65, "instrument_name": "BTC-31MAR23-29000-C", "index_price": 27839.3, "direction": "sell", "amount": 0.2}, {"trade_seq": 4759, "trade_id": "249026796", "timestamp": 1680197522688, "tick_direction": 3, "price": 0.001, "mark_price": 0.00097846, "iv": 69.26, "instrument_name": "BTC-31MAR23-29000-C", "index_price": 27887.22, "direction": "sell", "amount": 0.8}, {"trade_seq": 4758, "trade_id": "249026795", "timestamp": 1680197522688, "tick_direction": 2, "price": 0.001, "mark_price": 0.00097846, "iv": 69.26, "instrument_name": "BTC-31MAR23-29000-C", "index_price": 27887.22, "direction": "sell", "amount": 0.2}, {"trade_seq": 4757, "trade_id": "249023541", "timestamp": 1680197453383, "tick_direction": 3, "price": 0.0015, "mark_price": 0.00148969, "iv": 70.35, "instrument_name": "BTC-31MAR23-29000-C", "index_price": 28028.44, "direction": "sell", "amount": 1.8}, {"trade_seq": 4756, "trade_id": "249023540", "timestamp": 1680197453383, "tick_direction": 3, "price": 0.0015, "mark_price": 0.00148969, "iv": 70.35, "instrument_name": "BTC-31MAR23-29000-C", "index_price": 28028.44, "direction": "sell", "amount": 0.4}, {"trade_seq": 4755, "trade_id": "249023285", "timestamp": 1680197444464, "tick_direction": 3, "price": 0.0015, "mark_price": 0.00150875, "iv": 68.34, "instrument_name": "BTC-31MAR23-29000-C", "index_price": 28064.32, "direction": "sell", "amount": 0.8}, {"trade_seq": 4754, "trade_id": "249022570", "timestamp": 1680197320847, "tick_direction": 3, "price": 0.0015, "mark_price": 0.00153462, "iv": 66.03, "instrument_name": "BTC-31MAR23-29000-C", "index_price": 28116.46, "direction": "sell", "amount": 1.0}, {"trade_seq": 4753, "trade_id": "249020812", "timestamp": 1680196743496, "tick_direction": 3, "price": 0.0015, "mark_price": 0.00176901, "iv": 63.28, "instrument_name": "BTC-31MAR23-29000-C", "index_price": 28163.28, "direction": "sell", "amount": 15.8}, {"trade_seq": 4752, "trade_id": "249020811", "timestamp": 1680196743496, "tick_direction": 2, "price": 0.0015, "mark_price": 0.00176901, "iv": 63.28, "instrument_name": "BTC-31MAR23-29000-C", "index_price": 28163.28, "direction": "sell", "amount": 4.2}, {"trade_seq": 4751, "trade_id": "249020786", "timestamp": 1680196742535, "tick_direction": 2, "price": 0.002, "mark_price": 0.00176901, "iv": 69.07, "instrument_name": "BTC-31MAR23-29000-C", "index_price": 28167.92, "direction": "sell", "amount": 0.3}, {"trade_seq": 4750, "trade_id": "249016612", "timestamp": 1680194592827, "tick_direction": 0, "price": 0.003, "mark_price": 0.0025205, "iv": 70.63, "instrument_name": "BTC-31MAR23-29000-C", "index_price": 28282.0, "direction": "buy", "amount": 0.1}, {"trade_seq": 4749, "trade_id": "249016588", "timestamp": 1680194582634, "tick_direction": 0, "price": 0.0024, "mark_price": 0.0025596, "iv": 64.77, "instrument_name": "BTC-31MAR23-29000-C", "index_price": 28287.05, "direction": "sell", "combo_id": "BTC-CCAL-7APR23_31MAR23-29000", "block_trade_id": "70712", "amount": 50.0}, {"trade_seq": 4748, "trade_id": "249009982", "timestamp": 1680193148494, "tick_direction": 3, "price": 0.002, "mark_price": 0.00186843, "iv": 69.0, "instrument_name": "BTC-31MAR23-29000-C", "index_price": 28088.3, "direction": "sell", "amount": 0.1}, {"trade_seq": 4747, "trade_id": "249009974", "timestamp": 1680193148430, "tick_direction": 3, "price": 0.002, "mark_price": 0.00186843, "iv": 68.56, "instrument_name": "BTC-31MAR23-29000-C", "index_price": 28107.97, "direction": "sell", "amount": 0.7}, {"trade_seq": 4746, "trade_id": "249009953", "timestamp": 1680193147650, "tick_direction": 3, "price": 0.002, "mark_price": 0.00191191, "iv": 68.56, "instrument_name": "BTC-31MAR23-29000-C", "index_price": 28107.97, "direction": "sell", "amount": 0.2}, {"trade_seq": 4745, "trade_id": "249009952", "timestamp": 1680193147650, "tick_direction": 3, "price": 0.002, "mark_price": 0.00191191, "iv": 68.56, "instrument_name": "BTC-31MAR23-29000-C", "index_price": 28107.97, "direction": "sell", "amount": 0.5}, {"trade_seq": 4744, "trade_id": "249007953", "timestamp": 1680192846874, "tick_direction": 3, "price": 0.002, "mark_price": 0.00213611, "iv": 65.11, "instrument_name": "BTC-31MAR23-29000-C", "index_price": 28175.15, "direction": "sell", "amount": 0.7}, {"trade_seq": 4743, "trade_id": "249007757", "timestamp": 1680192819958, "tick_direction": 2, "price": 0.002, "mark_price": 0.00221337, "iv": 64.12, "instrument_name": "BTC-31MAR23-29000-C", "index_price": 28194.28, "direction": "sell", "amount": 1.0}, {"trade_seq": 4742, "trade_id": "249007644", "timestamp": 1680192756227, "tick_direction": 3, "price": 0.0025, "mark_price": 0.00214062, "iv": 69.58, "instrument_name": "BTC-31MAR23-29000-C", "index_price": 28180.6, "direction": "buy", "amount": 10.6}, {"trade_seq": 4741, "trade_id": "249007477", "timestamp": 1680192720566, "tick_direction": 3, "price": 0.0025, "mark_price": 0.00236759, "iv": 67.23, "instrument_name": "BTC-31MAR23-29000-C", "index_price": 28220.32, "direction": "buy", "amount": 10.6}, {"trade_seq": 4740, "trade_id": "249006977", "timestamp": 1680192544796, "tick_direction": 3, "price": 0.0025, "mark_price": 0.00231108, "iv": 66.63, "instrument_name": "BTC-31MAR23-29000-C", "index_price": 28220.92, "direction": "buy", "amount": 0.2}, {"trade_seq": 4739, "trade_id": "249006967", "timestamp": 1680192544347, "tick_direction": 3, "price": 0.0025, "mark_price": 0.00231108, "iv": 67.5, "instrument_name": "BTC-31MAR23-29000-C", "index_price": 28211.82, "direction": "buy", "amount": 0.2}, {"trade_seq": 4738, "trade_id": "249006966", "timestamp": 1680192544281, "tick_direction": 3, "price": 0.0025, "mark_price": 0.00231108, "iv": 67.5, "instrument_name": "BTC-31MAR23-29000-C", "index_price": 28211.82, "direction": "buy", "amount": 0.1}, {"trade_seq": 4737, "trade_id": "249006963", "timestamp": 1680192543851, "tick_direction": 3, "price": 0.0025, "mark_price": 0.0023051, "iv": 67.5, "instrument_name": "BTC-31MAR23-29000-C", "index_price": 28211.82, "direction": "buy", "amount": 0.1}, {"trade_seq": 4736, "trade_id": "249006958", "timestamp": 1680192543171, "tick_direction": 3, "price": 0.0025, "mark_price": 0.0023051, "iv": 67.5, "instrument_name": "BTC-31MAR23-29000-C", "index_price": 28204.83, "direction": "buy", "amount": 0.1}, {"trade_seq": 4735, "trade_id": "249006957", "timestamp": 1680192543066, "tick_direction": 3, "price": 0.0025, "mark_price": 0.0023051, "iv": 67.5, "instrument_name": "BTC-31MAR23-29000-C", "index_price": 28204.83, "direction": "buy", "amount": 0.1}, {"trade_seq": 4734, "trade_id": "249006910", "timestamp": 1680192521694, "tick_direction": 3, "price": 0.0025, "mark_price": 0.00235795, "iv": 67.19, "instrument_name": "BTC-31MAR23-29000-C", "index_price": 28214.86, "direction": "buy", "amount": 0.1}, {"trade_seq": 4733, "trade_id": "249006886", "timestamp": 1680192517359, "tick_direction": 3, "price": 0.0025, "mark_price": 0.0023836, "iv": 66.96, "instrument_name": "BTC-31MAR23-29000-C", "index_price": 28220.74, "direction": "buy", "amount": 0.3}, {"trade_seq": 4732, "trade_id": "249006882", "timestamp": 1680192516489, "tick_direction": 3, "price": 0.0025, "mark_price": 0.00236994, "iv": 66.96, "instrument_name": "BTC-31MAR23-29000-C", "index_price": 28220.74, "direction": "buy", "amount": 0.1}, {"trade_seq": 4731, "trade_id": "249006873", "timestamp": 1680192514286, "tick_direction": 3, "price": 0.0025, "mark_price": 0.00235165, "iv": 67.14, "instrument_name": "BTC-31MAR23-29000-C", "index_price": 28214.8, "direction": "buy", "amount": 0.1}, {"trade_seq": 4730, "trade_id": "249006854", "timestamp": 1680192514114, "tick_direction": 3, "price": 0.0025, "mark_price": 0.00235165, "iv": 67.14, "instrument_name": "BTC-31MAR23-29000-C", "index_price": 28214.8, "direction": "buy", "amount": 0.2}, {"trade_seq": 4729, "trade_id": "249004206", "timestamp": 1680191818588, "tick_direction": 3, "price": 0.0025, "mark_price": 0.00252233, "iv": 65.29, "instrument_name": "BTC-31MAR23-29000-C", "index_price": 28261.43, "direction": "buy", "amount": 0.1}, {"trade_seq": 4728, "trade_id": "249004203", "timestamp": 1680191818500, "tick_direction": 3, "price": 0.0025, "mark_price": 0.00252233, "iv": 65.29, "instrument_name": "BTC-31MAR23-29000-C", "index_price": 28261.43, "direction": "buy", "amount": 0.2}, {"trade_seq": 4727, "trade_id": "249004202", "timestamp": 1680191818492, "tick_direction": 3, "price": 0.0025, "mark_price": 0.00252233, "iv": 65.29, "instrument_name": "BTC-31MAR23-29000-C", "index_price": 28261.43, "direction": "buy", "amount": 0.2}, {"trade_seq": 4726, "trade_id": "249004201", "timestamp": 1680191818482, "tick_direction": 3, "price": 0.0025, "mark_price": 0.00252233, "iv": 65.29, "instrument_name": "BTC-31MAR23-29000-C", "index_price": 28261.43, "direction": "buy", "amount": 0.1}, {"trade_seq": 4725, "trade_id": "249004197", "timestamp": 1680191818434, "tick_direction": 3, "price": 0.0025, "mark_price": 0.00252233, "iv": 65.29, "instrument_name": "BTC-31MAR23-29000-C", "index_price": 28261.43, "direction": "buy", "amount": 0.1}, {"trade_seq": 4724, "trade_id": "249004196", "timestamp": 1680191818413, "tick_direction": 3, "price": 0.0025, "mark_price": 0.00252233, "iv": 65.29, "instrument_name": "BTC-31MAR23-29000-C", "index_price": 28261.43, "direction": "buy", "amount": 0.2}, {"trade_seq": 4723, "trade_id": "249004184", "timestamp": 1680191818222, "tick_direction": 3, "price": 0.0025, "mark_price": 0.00252233, "iv": 65.29, "instrument_name": "BTC-31MAR23-29000-C", "index_price": 28261.43, "direction": "buy", "amount": 0.2}, {"trade_seq": 4722, "trade_id": "249004161", "timestamp": 1680191815429, "tick_direction": 3, "price": 0.0025, "mark_price": 0.00251128, "iv": 65.38, "instrument_name": "BTC-31MAR23-29000-C", "index_price": 28259.21, "direction": "buy", "amount": 0.2}, {"trade_seq": 4721, "trade_id": "249004160", "timestamp": 1680191813692, "tick_direction": 3, "price": 0.0025, "mark_price": 0.00246913, "iv": 65.65, "instrument_name": "BTC-31MAR23-29000-C", "index_price": 28253.97, "direction": "buy", "amount": 0.2}, {"trade_seq": 4720, "trade_id": "249004159", "timestamp": 1680191813284, "tick_direction": 3, "price": 0.0025, "mark_price": 0.00246913, "iv": 65.78, "instrument_name": "BTC-31MAR23-29000-C", "index_price": 28253.97, "direction": "buy", "amount": 0.2}, {"trade_seq": 4719, "trade_id": "249001832", "timestamp": 1680191418270, "tick_direction": 3, "price": 0.0025, "mark_price": 0.00216988, "iv": 68.61, "instrument_name": "BTC-31MAR23-29000-C", "index_price": 28203.41, "direction": "buy", "amount": 0.1}, {"trade_seq": 4718, "trade_id": "249001592", "timestamp": 1680191409915, "tick_direction": 3, "price": 0.0025, "mark_price": 0.00222885, "iv": 68.12, "instrument_name": "BTC-31MAR23-29000-C", "index_price": 28209.55, "direction": "sell", "amount": 0.1}, {"trade_seq": 4717, "trade_id": "249001591", "timestamp": 1680191409915, "tick_direction": 3, "price": 0.0025, "mark_price": 0.00222885, "iv": 68.12, "instrument_name": "BTC-31MAR23-29000-C", "index_price": 28209.55, "direction": "sell", "amount": 0.1}, {"trade_seq": 4716, "trade_id": "249001590", "timestamp": 1680191409915, "tick_direction": 3, "price": 0.0025, "mark_price": 0.00222885, "iv": 68.12, "instrument_name": "BTC-31MAR23-29000-C", "index_price": 28209.55, "direction": "sell", "amount": 0.5}, {"trade_seq": 4715, "trade_id": "249001589", "timestamp": 1680191409915, "tick_direction": 3, "price": 0.0025, "mark_price": 0.00222885, "iv": 68.12, "instrument_name": "BTC-31MAR23-29000-C", "index_price": 28209.55, "direction": "sell", "amount": 0.9}, {"trade_seq": 4714, "trade_id": "249001588", "timestamp": 1680191409908, "tick_direction": 3, "price": 0.0025, "mark_price": 0.00222885, "iv": 68.12, "instrument_name": "BTC-31MAR23-29000-C", "index_price": 28209.55, "direction": "sell", "amount": 2.5}, {"trade_seq": 4713, "trade_id": "249001587", "timestamp": 1680191409901, "tick_direction": 3, "price": 0.0025, "mark_price": 0.00222885, "iv": 68.12, "instrument_name": "BTC-31MAR23-29000-C", "index_price": 28209.55, "direction": "sell", "amount": 2.5}, {"trade_seq": 4712, "trade_id": "249001586", "timestamp": 1680191409899, "tick_direction": 3, "price": 0.0025, "mark_price": 0.00222885, "iv": 68.12, "instrument_name": "BTC-31MAR23-29000-C", "index_price": 28209.55, "direction": "sell", "amount": 0.3}, {"trade_seq": 4711, "trade_id": "249001585", "timestamp": 1680191409892, "tick_direction": 3, "price": 0.0025, "mark_price": 0.00222885, "iv": 68.12, "instrument_name": "BTC-31MAR23-29000-C", "index_price": 28209.55, "direction": "sell", "amount": 0.6}, {"trade_seq": 4710, "trade_id": "249001584", "timestamp": 1680191409886, "tick_direction": 3, "price": 0.0025, "mark_price": 0.00222885, "iv": 68.12, "instrument_name": "BTC-31MAR23-29000-C", "index_price": 28209.55, "direction": "sell", "amount": 2.5}, {"trade_seq": 4709, "trade_id": "249001566", "timestamp": 1680191409045, "tick_direction": 3, "price": 0.0025, "mark_price": 0.00231242, "iv": 67.65, "instrument_name": "BTC-31MAR23-29000-C", "index_price": 28212.44, "direction": "sell", "amount": 2.5}, {"trade_seq": 4708, "trade_id": "249001565", "timestamp": 1680191409035, "tick_direction": 2, "price": 0.0025, "mark_price": 0.00231242, "iv": 67.65, "instrument_name": "BTC-31MAR23-29000-C", "index_price": 28212.44, "direction": "sell", "amount": 2.5}, {"trade_seq": 4707, "trade_id": "248999897", "timestamp": 1680191212633, "tick_direction": 3, "price": 0.003, "mark_price": 0.00302927, "iv": 63.59, "instrument_name": "BTC-31MAR23-29000-C", "index_price": 28358.38, "direction": "sell", "amount": 1.5}, {"trade_seq": 4706, "trade_id": "248999518", "timestamp": 1680191159615, "tick_direction": 3, "price": 0.003, "mark_price": 0.00293336, "iv": 64.46, "instrument_name": "BTC-31MAR23-29000-C", "index_price": 28334.08, "direction": "buy", "amount": 0.3}, {"trade_seq": 4705, "trade_id": "248999276", "timestamp": 1680191045256, "tick_direction": 3, "price": 0.003, "mark_price": 0.00300314, "iv": 64.02, "instrument_name": "BTC-31MAR23-29000-C", "index_price": 28343.85, "direction": "buy", "amount": 2.1}, {"trade_seq": 4704, "trade_id": "248999263", "timestamp": 1680191035298, "tick_direction": 3, "price": 0.003, "mark_price": 0.00300934, "iv": 64.03, "instrument_name": "BTC-31MAR23-29000-C", "index_price": 28345.04, "direction": "buy", "amount": 0.2}, {"trade_seq": 4703, "trade_id": "248999259", "timestamp": 1680191035085, "tick_direction": 3, "price": 0.003, "mark_price": 0.00300934, "iv": 64.02, "instrument_name": "BTC-31MAR23-29000-C", "index_price": 28344.57, "direction": "buy", "amount": 0.1}, {"trade_seq": 4702, "trade_id": "248999211", "timestamp": 1680191014399, "tick_direction": 3, "price": 0.003, "mark_price": 0.00301688, "iv": 64.55, "instrument_name": "BTC-31MAR23-29000-C", "index_price": 28332.87, "direction": "buy", "amount": 0.7}, {"trade_seq": 4701, "trade_id": "248999203", "timestamp": 1680191011399, "tick_direction": 3, "price": 0.003, "mark_price": 0.00304706, "iv": 64.46, "instrument_name": "BTC-31MAR23-29000-C", "index_price": 28334.02, "direction": "buy", "amount": 1.9}, {"trade_seq": 4700, "trade_id": "248998481", "timestamp": 1680190872582, "tick_direction": 3, "price": 0.003, "mark_price": 0.0028753, "iv": 64.78, "instrument_name": "BTC-31MAR23-29000-C", "index_price": 28324.59, "direction": "buy", "amount": 0.1}, {"trade_seq": 4699, "trade_id": "248998441", "timestamp": 1680190872187, "tick_direction": 3, "price": 0.003, "mark_price": 0.0028753, "iv": 64.78, "instrument_name": "BTC-31MAR23-29000-C", "index_price": 28324.59, "direction": "buy", "amount": 0.1}, {"trade_seq": 4698, "trade_id": "248998434", "timestamp": 1680190872018, "tick_direction": 3, "price": 0.003, "mark_price": 0.00288039, "iv": 64.78, "instrument_name": "BTC-31MAR23-29000-C", "index_price": 28324.59, "direction": "buy", "amount": 0.1}, {"trade_seq": 4697, "trade_id": "248998433", "timestamp": 1680190871924, "tick_direction": 3, "price": 0.003, "mark_price": 0.00288039, "iv": 64.78, "instrument_name": "BTC-31MAR23-29000-C", "index_price": 28324.59, "direction": "buy", "amount": 0.1}, {"trade_seq": 4696, "trade_id": "248998432", "timestamp": 1680190871920, "tick_direction": 3, "price": 0.003, "mark_price": 0.00288039, "iv": 64.78, "instrument_name": "BTC-31MAR23-29000-C", "index_price": 28324.59, "direction": "buy", "amount": 0.1}, {"trade_seq": 4695, "trade_id": "248998431", "timestamp": 1680190871913, "tick_direction": 3, "price": 0.003, "mark_price": 0.00288039, "iv": 64.78, "instrument_name": "BTC-31MAR23-29000-C", "index_price": 28324.59, "direction": "buy", "amount": 0.2}, {"trade_seq": 4694, "trade_id": "248998430", "timestamp": 1680190871912, "tick_direction": 3, "price": 0.003, "mark_price": 0.00288039, "iv": 64.78, "instrument_name": "BTC-31MAR23-29000-C", "index_price": 28324.59, "direction": "buy", "amount": 2.5}, {"trade_seq": 4693, "trade_id": "248998426", "timestamp": 1680190871742, "tick_direction": 3, "price": 0.003, "mark_price": 0.00288039, "iv": 64.78, "instrument_name": "BTC-31MAR23-29000-C", "index_price": 28324.59, "direction": "buy", "amount": 0.2}, {"trade_seq": 4692, "trade_id": "248998419", "timestamp": 1680190870989, "tick_direction": 3, "price": 0.003, "mark_price": 0.00300243, "iv": 63.69, "instrument_name": "BTC-31MAR23-29000-C", "index_price": 28328.86, "direction": "buy", "amount": 0.6}, {"trade_seq": 4691, "trade_id": "248998095", "timestamp": 1680190782939, "tick_direction": 3, "price": 0.003, "mark_price": 0.00288803, "iv": 63.79, "instrument_name": "BTC-31MAR23-29000-C", "index_price": 28346.02, "direction": "buy", "amount": 0.1}, {"trade_seq": 4690, "trade_id": "248998091", "timestamp": 1680190780609, "tick_direction": 3, "price": 0.003, "mark_price": 0.00289301, "iv": 63.75, "instrument_name": "BTC-31MAR23-29000-C", "index_price": 28345.72, "direction": "buy", "amount": 0.5}, {"trade_seq": 4689, "trade_id": "248998087", "timestamp": 1680190776953, "tick_direction": 3, "price": 0.003, "mark_price": 0.00288281, "iv": 63.86, "instrument_name": "BTC-31MAR23-29000-C", "index_price": 28342.02, "direction": "buy", "amount": 0.1}, {"trade_seq": 4688, "trade_id": "248998086", "timestamp": 1680190776941, "tick_direction": 3, "price": 0.003, "mark_price": 0.00288281, "iv": 63.86, "instrument_name": "BTC-31MAR23-29000-C", "index_price": 28342.02, "direction": "buy", "amount": 0.1}, {"trade_seq": 4687, "trade_id": "248997965", "timestamp": 1680190729862, "tick_direction": 3, "price": 0.003, "mark_price": 0.00275566, "iv": 64.39, "instrument_name": "BTC-31MAR23-29000-C", "index_price": 28327.9, "direction": "buy", "amount": 0.2}, {"trade_seq": 4686, "trade_id": "248997961", "timestamp": 1680190729503, "tick_direction": 3, "price": 0.003, "mark_price": 0.00275566, "iv": 65.04, "instrument_name": "BTC-31MAR23-29000-C", "index_price": 28316.05, "direction": "buy", "amount": 0.1}, {"trade_seq": 4685, "trade_id": "248996479", "timestamp": 1680190259155, "tick_direction": 3, "price": 0.003, "mark_price": 0.00286302, "iv": 64.33, "instrument_name": "BTC-31MAR23-29000-C", "index_price": 28330.87, "direction": "buy", "amount": 0.3}, {"trade_seq": 4684, "trade_id": "248996478", "timestamp": 1680190259147, "tick_direction": 3, "price": 0.003, "mark_price": 0.00286302, "iv": 64.33, "instrument_name": "BTC-31MAR23-29000-C", "index_price": 28330.87, "direction": "buy", "amount": 0.1}, {"trade_seq": 4683, "trade_id": "248996475", "timestamp": 1680190257421, "tick_direction": 3, "price": 0.003, "mark_price": 0.00285313, "iv": 64.44, "instrument_name": "BTC-31MAR23-29000-C", "index_price": 28332.99, "direction": "buy", "amount": 0.2}, {"trade_seq": 4682, "trade_id": "248996470", "timestamp": 1680190255879, "tick_direction": 2, "price": 0.003, "mark_price": 0.00290138, "iv": 64.43, "instrument_name": "BTC-31MAR23-29000-C", "index_price": 28328.83, "direction": "buy", "amount": 0.1}, {"trade_seq": 4681, "trade_id": "248995499", "timestamp": 1680190002793, "tick_direction": 3, "price": 0.0035, "mark_price": 0.00318944, "iv": 65.28, "instrument_name": "BTC-31MAR23-29000-C", "index_price": 28381.87, "direction": "buy", "amount": 0.1}, {"trade_seq": 4680, "trade_id": "248995498", "timestamp": 1680190002514, "tick_direction": 3, "price": 0.0035, "mark_price": 0.00318944, "iv": 65.28, "instrument_name": "BTC-31MAR23-29000-C", "index_price": 28377.24, "direction": "buy", "amount": 0.3}, {"trade_seq": 4679, "trade_id": "248995493", "timestamp": 1680190001527, "tick_direction": 3, "price": 0.0035, "mark_price": 0.00323551, "iv": 64.89, "instrument_name": "BTC-31MAR23-29000-C", "index_price": 28379.85, "direction": "buy", "amount": 0.1}, {"trade_seq": 4678, "trade_id": "248995492", "timestamp": 1680190001468, "tick_direction": 3, "price": 0.0035, "mark_price": 0.00323551, "iv": 64.89, "instrument_name": "BTC-31MAR23-29000-C", "index_price": 28379.85, "direction": "buy", "amount": 0.3}, {"trade_seq": 4677, "trade_id": "248995487", "timestamp": 1680190001334, "tick_direction": 3, "price": 0.0035, "mark_price": 0.00323551, "iv": 64.89, "instrument_name": "BTC-31MAR23-29000-C", "index_price": 28379.85, "direction": "buy", "amount": 0.1}, {"trade_seq": 4676, "trade_id": "248995486", "timestamp": 1680190001269, "tick_direction": 3, "price": 0.0035, "mark_price": 0.00323551, "iv": 64.89, "instrument_name": "BTC-31MAR23-29000-C", "index_price": 28379.85, "direction": "buy", "amount": 0.1}, {"trade_seq": 4675, "trade_id": "248995481", "timestamp": 1680190001197, "tick_direction": 3, "price": 0.0035, "mark_price": 0.00323551, "iv": 64.89, "instrument_name": "BTC-31MAR23-29000-C", "index_price": 28379.85, "direction": "buy", "amount": 0.2}, {"trade_seq": 4674, "trade_id": "248995477", "timestamp": 1680190001074, "tick_direction": 3, "price": 0.0035, "mark_price": 0.00323551, "iv": 64.89, "instrument_name": "BTC-31MAR23-29000-C", "index_price": 28379.85, "direction": "buy", "amount": 0.2}, {"trade_seq": 4673, "trade_id": "248995476", "timestamp": 1680190001055, "tick_direction": 3, "price": 0.0035, "mark_price": 0.00323551, "iv": 64.89, "instrument_name": "BTC-31MAR23-29000-C", "index_price": 28379.85, "direction": "buy", "amount": 0.1}, {"trade_seq": 4672, "trade_id": "248995473", "timestamp": 1680190000813, "tick_direction": 3, "price": 0.0035, "mark_price": 0.00332669, "iv": 64.89, "instrument_name": "BTC-31MAR23-29000-C", "index_price": 28379.85, "direction": "buy", "amount": 0.1}, {"trade_seq": 4671, "trade_id": "248995472", "timestamp": 1680190000804, "tick_direction": 3, "price": 0.0035, "mark_price": 0.00332669, "iv": 64.89, "instrument_name": "BTC-31MAR23-29000-C", "index_price": 28379.85, "direction": "buy", "amount": 0.2}, {"trade_seq": 4670, "trade_id": "248995471", "timestamp": 1680190000790, "tick_direction": 3, "price": 0.0035, "mark_price": 0.00332669, "iv": 64.89, "instrument_name": "BTC-31MAR23-29000-C", "index_price": 28379.85, "direction": "buy", "amount": 0.1}, {"trade_seq": 4669, "trade_id": "248995221", "timestamp": 1680189972084, "tick_direction": 3, "price": 0.0035, "mark_price": 0.00350179, "iv": 62.6, "instrument_name": "BTC-31MAR23-29000-C", "index_price": 28414.64, "direction": "sell", "amount": 0.1}, {"trade_seq": 4668, "trade_id": "248995185", "timestamp": 1680189947077, "tick_direction": 3, "price": 0.0035, "mark_price": 0.00360811, "iv": 61.75, "instrument_name": "BTC-31MAR23-29000-C", "index_price": 28428.43, "direction": "sell", "amount": 0.1}, {"trade_seq": 4667, "trade_id": "248995002", "timestamp": 1680189912067, "tick_direction": 2, "price": 0.0035, "mark_price": 0.00365029, "iv": 61.45, "instrument_name": "BTC-31MAR23-29000-C", "index_price": 28433.55, "direction": "sell", "amount": 0.1}, {"trade_seq": 4666, "trade_id": "248994234", "timestamp": 1680189363261, "tick_direction": 1, "price": 0.004, "mark_price": 0.00354603, "iv": 65.43, "instrument_name": "BTC-31MAR23-29000-C", "index_price": 28426.18, "direction": "buy", "amount": 0.2}, {"trade_seq": 4665, "trade_id": "248994233", "timestamp": 1680189363233, "tick_direction": 1, "price": 0.004, "mark_price": 0.00354603, "iv": 65.43, "instrument_name": "BTC-31MAR23-29000-C", "index_price": 28426.18, "direction": "buy", "amount": 0.1}, {"trade_seq": 4664, "trade_id": "248994232", "timestamp": 1680189363221, "tick_direction": 1, "price": 0.004, "mark_price": 0.00354603, "iv": 65.43, "instrument_name": "BTC-31MAR23-29000-C", "index_price": 28426.18, "direction": "buy", "amount": 0.1}, {"trade_seq": 4663, "trade_id": "248994159", "timestamp": 1680189330367, "tick_direction": 1, "price": 0.004, "mark_price": 0.00367307, "iv": 64.34, "instrument_name": "BTC-31MAR23-29000-C", "index_price": 28439.7, "direction": "buy", "amount": 0.1}, {"trade_seq": 4662, "trade_id": "248994083", "timestamp": 1680189259858, "tick_direction": 1, "price": 0.004, "mark_price": 0.0037559, "iv": 63.75, "instrument_name": "BTC-31MAR23-29000-C", "index_price": 28451.99, "direction": "buy", "amount": 0.1}, {"trade_seq": 4661, "trade_id": "248993921", "timestamp": 1680189202509, "tick_direction": 1, "price": 0.004, "mark_price": 0.00353853, "iv": 65.4, "instrument_name": "BTC-31MAR23-29000-C", "index_price": 28425.66, "direction": "buy", "amount": 0.1}, {"trade_seq": 4660, "trade_id": "248993915", "timestamp": 1680189199863, "tick_direction": 1, "price": 0.004, "mark_price": 0.00353208, "iv": 65.28, "instrument_name": "BTC-31MAR23-29000-C", "index_price": 28425.61, "direction": "buy", "amount": 0.9}, {"trade_seq": 4659, "trade_id": "248993328", "timestamp": 1680189052376, "tick_direction": 1, "price": 0.004, "mark_price": 0.0037346, "iv": 63.67, "instrument_name": "BTC-31MAR23-29000-C", "index_price": 28452.87, "direction": "buy", "amount": 0.1}, {"trade_seq": 4658, "trade_id": "248993202", "timestamp": 1680188992500, "tick_direction": 1, "price": 0.004, "mark_price": 0.00384615, "iv": 62.92, "instrument_name": "BTC-31MAR23-29000-C", "index_price": 28467.24, "direction": "buy", "amount": 0.2}, {"trade_seq": 4657, "trade_id": "248993201", "timestamp": 1680188992188, "tick_direction": 1, "price": 0.004, "mark_price": 0.00384615, "iv": 62.92, "instrument_name": "BTC-31MAR23-29000-C", "index_price": 28467.24, "direction": "buy", "amount": 0.2}, {"trade_seq": 4656, "trade_id": "248993200", "timestamp": 1680188992188, "tick_direction": 1, "price": 0.004, "mark_price": 0.00384615, "iv": 62.92, "instrument_name": "BTC-31MAR23-29000-C", "index_price": 28467.24, "direction": "buy", "amount": 0.2}, {"trade_seq": 4655, "trade_id": "248993199", "timestamp": 1680188992188, "tick_direction": 1, "price": 0.004, "mark_price": 0.00384615, "iv": 62.92, "instrument_name": "BTC-31MAR23-29000-C", "index_price": 28467.24, "direction": "buy", "amount": 0.2}, {"trade_seq": 4654, "trade_id": "248993198", "timestamp": 1680188991757, "tick_direction": 1, "price": 0.004, "mark_price": 0.00384155, "iv": 62.92, "instrument_name": "BTC-31MAR23-29000-C", "index_price": 28467.24, "direction": "buy", "amount": 0.6}, {"trade_seq": 4653, "trade_id": "248993197", "timestamp": 1680188991426, "tick_direction": 0, "price": 0.004, "mark_price": 0.00384155, "iv": 62.92, "instrument_name": "BTC-31MAR23-29000-C", "index_price": 28466.99, "direction": "buy", "amount": 0.6}, {"trade_seq": 4652, "trade_id": "248992982", "timestamp": 1680188916862, "tick_direction": 1, "price": 0.0035, "mark_price": 0.0037665, "iv": 59.92, "instrument_name": "BTC-31MAR23-29000-C", "index_price": 28459.33, "direction": "sell", "amount": 0.2}, {"trade_seq": 4651, "trade_id": "248992483", "timestamp": 1680188706641, "tick_direction": 0, "price": 0.0035, "mark_price": 0.00359419, "iv": 61.53, "instrument_name": "BTC-31MAR23-29000-C", "index_price": 28426.75, "direction": "buy", "amount": 0.3}, {"trade_seq": 4650, "trade_id": "248992342", "timestamp": 1680188607706, "tick_direction": 2, "price": 0.003, "mark_price": 0.0034781, "iv": 58.6, "instrument_name": "BTC-31MAR23-29000-C", "index_price": 28407.37, "direction": "sell", "amount": 0.3}, {"trade_seq": 4649, "trade_id": "248990474", "timestamp": 1680187759890, "tick_direction": 2, "price": 0.0035, "mark_price": 0.00351699, "iv": 64.08, "instrument_name": "BTC-31MAR23-29000-C", "index_price": 28404.99, "direction": "buy", "amount": 9.7}, {"trade_seq": 4648, "trade_id": "248989709", "timestamp": 1680187349577, "tick_direction": 1, "price": 0.004, "mark_price": 0.00378174, "iv": 64.06, "instrument_name": "BTC-31MAR23-29000-C", "index_price": 28457.12, "direction": "buy", "amount": 2.1}, {"trade_seq": 4647, "trade_id": "248989708", "timestamp": 1680187349577, "tick_direction": 0, "price": 0.004, "mark_price": 0.00378174, "iv": 64.06, "instrument_name": "BTC-31MAR23-29000-C", "index_price": 28457.12, "direction": "buy", "amount": 1.9}, {"trade_seq": 4646, "trade_id": "248989007", "timestamp": 1680187090101, "tick_direction": 2, "price": 0.0035, "mark_price": 0.00344736, "iv": 63.06, "instrument_name": "BTC-31MAR23-29000-C", "index_price": 28418.21, "direction": "buy", "amount": 2.1}, {"trade_seq": 4645, "trade_id": "248987792", "timestamp": 1680186820817, "tick_direction": 1, "price": 0.004, "mark_price": 0.00373609, "iv": 64.53, "instrument_name": "BTC-31MAR23-29000-C", "index_price": 28444.33, "direction": "buy", "amount": 0.2}, {"trade_seq": 4644, "trade_id": "248987724", "timestamp": 1680186815119, "tick_direction": 1, "price": 0.004, "mark_price": 0.00383673, "iv": 63.78, "instrument_name": "BTC-31MAR23-29000-C", "index_price": 28452.63, "direction": "buy", "amount": 0.2}, {"trade_seq": 4643, "trade_id": "248987698", "timestamp": 1680186806012, "tick_direction": 1, "price": 0.004, "mark_price": 0.00382523, "iv": 63.87, "instrument_name": "BTC-31MAR23-29000-C", "index_price": 28455.49, "direction": "buy", "amount": 0.2}, {"trade_seq": 4642, "trade_id": "248987697", "timestamp": 1680186800820, "tick_direction": 1, "price": 0.004, "mark_price": 0.00377937, "iv": 64.19, "instrument_name": "BTC-31MAR23-29000-C", "index_price": 28450.1, "direction": "buy", "amount": 0.2}, {"trade_seq": 4641, "trade_id": "248987324", "timestamp": 1680186712217, "tick_direction": 0, "price": 0.004, "mark_price": 0.0040676, "iv": 62.73, "instrument_name": "BTC-31MAR23-29000-C", "index_price": 28473.17, "direction": "buy", "amount": 2.6}, {"trade_seq": 4640, "trade_id": "248986921", "timestamp": 1680186652198, "tick_direction": 1, "price": 0.0035, "mark_price": 0.00390343, "iv": 60.78, "instrument_name": "BTC-31MAR23-29000-C", "index_price": 28445.55, "direction": "sell", "amount": 1.1}, {"trade_seq": 4639, "trade_id": "248986436", "timestamp": 1680186565058, "tick_direction": 1, "price": 0.0035, "mark_price": 0.00355526, "iv": 63.74, "instrument_name": "BTC-31MAR23-29000-C", "index_price": 28397.63, "direction": "buy", "amount": 0.2}, {"trade_seq": 4638, "trade_id": "248986172", "timestamp": 1680186424794, "tick_direction": 1, "price": 0.0035, "mark_price": 0.00348785, "iv": 64.19, "instrument_name": "BTC-31MAR23-29000-C", "index_price": 28377.46, "direction": "buy", "amount": 1.9}, {"trade_seq": 4637, "trade_id": "248986171", "timestamp": 1680186424794, "tick_direction": 1, "price": 0.0035, "mark_price": 0.00348785, "iv": 64.19, "instrument_name": "BTC-31MAR23-29000-C", "index_price": 28377.46, "direction": "buy", "amount": 4.0}, {"trade_seq": 4636, "trade_id": "248985516", "timestamp": 1680186280239, "tick_direction": 1, "price": 0.0035, "mark_price": 0.00374573, "iv": 62.36, "instrument_name": "BTC-31MAR23-29000-C", "index_price": 28408.95, "direction": "sell", "amount": 0.2}, {"trade_seq": 4635, "trade_id": "248985470", "timestamp": 1680186272414, "tick_direction": 1, "price": 0.0035, "mark_price": 0.00372089, "iv": 62.79, "instrument_name": "BTC-31MAR23-29000-C", "index_price": 28401.07, "direction": "sell", "amount": 0.4}, {"trade_seq": 4634, "trade_id": "248985469", "timestamp": 1680186269838, "tick_direction": 1, "price": 0.0035, "mark_price": 0.00372678, "iv": 62.73, "instrument_name": "BTC-31MAR23-29000-C", "index_price": 28400.97, "direction": "sell", "amount": 0.8}, {"trade_seq": 4633, "trade_id": "248985467", "timestamp": 1680186267209, "tick_direction": 1, "price": 0.0035, "mark_price": 0.00373112, "iv": 62.71, "instrument_name": "BTC-31MAR23-29000-C", "index_price": 28400.64, "direction": "sell", "amount": 0.8}, {"trade_seq": 4632, "trade_id": "248985466", "timestamp": 1680186262530, "tick_direction": 1, "price": 0.0035, "mark_price": 0.00372581, "iv": 62.6, "instrument_name": "BTC-31MAR23-29000-C", "index_price": 28401.36, "direction": "sell", "amount": 1.0}, {"trade_seq": 4631, "trade_id": "248984019", "timestamp": 1680185904366, "tick_direction": 1, "price": 0.0035, "mark_price": 0.00351009, "iv": 64.94, "instrument_name": "BTC-31MAR23-29000-C", "index_price": 28358.87, "direction": "buy", "amount": 16.0}, {"trade_seq": 4630, "trade_id": "248983800", "timestamp": 1680185804371, "tick_direction": 0, "price": 0.0035, "mark_price": 0.00341468, "iv": 65.57, "instrument_name": "BTC-31MAR23-29000-C", "index_price": 28344.98, "direction": "buy", "amount": 16.0}, {"trade_seq": 4629, "trade_id": "248983743", "timestamp": 1680185785217, "tick_direction": 2, "price": 0.003, "mark_price": 0.00335907, "iv": 62.57, "instrument_name": "BTC-31MAR23-29000-C", "index_price": 28334.9, "direction": "sell", "amount": 0.1}, {"trade_seq": 4628, "trade_id": "248982561", "timestamp": 1680185611435, "tick_direction": 3, "price": 0.0035, "mark_price": 0.00344842, "iv": 66.52, "instrument_name": "BTC-31MAR23-29000-C", "index_price": 28327.12, "direction": "buy", "amount": 2.2}, {"trade_seq": 4627, "trade_id": "248982359", "timestamp": 1680185608290, "tick_direction": 3, "price": 0.0035, "mark_price": 0.00368493, "iv": 66.37, "instrument_name": "BTC-31MAR23-29000-C", "index_price": 28322.06, "direction": "sell", "amount": 0.8}, {"trade_seq": 4626, "trade_id": "248982325", "timestamp": 1680185607920, "tick_direction": 3, "price": 0.0035, "mark_price": 0.00369583, "iv": 66.37, "instrument_name": "BTC-31MAR23-29000-C", "index_price": 28322.06, "direction": "sell", "amount": 0.8}, {"trade_seq": 4625, "trade_id": "248982324", "timestamp": 1680185607920, "tick_direction": 2, "price": 0.0035, "mark_price": 0.00369583, "iv": 66.37, "instrument_name": "BTC-31MAR23-29000-C", "index_price": 28322.06, "direction": "sell", "amount": 2.3}, {"trade_seq": 4624, "trade_id": "248982069", "timestamp": 1680185584459, "tick_direction": 3, "price": 0.004, "mark_price": 0.00388895, "iv": 66.79, "instrument_name": "BTC-31MAR23-29000-C", "index_price": 28381.41, "direction": "sell", "amount": 0.1}, {"trade_seq": 4623, "trade_id": "248981731", "timestamp": 1680185552288, "tick_direction": 2, "price": 0.004, "mark_price": 0.00400494, "iv": 67.21, "instrument_name": "BTC-31MAR23-29000-C", "index_price": 28366.57, "direction": "sell", "amount": 0.1}, {"trade_seq": 4622, "trade_id": "248981429", "timestamp": 1680185541313, "tick_direction": 3, "price": 0.0045, "mark_price": 0.004487, "iv": 66.99, "instrument_name": "BTC-31MAR23-29000-C", "index_price": 28425.21, "direction": "sell", "amount": 0.4}, {"trade_seq": 4621, "trade_id": "248981416", "timestamp": 1680185541181, "tick_direction": 3, "price": 0.0045, "mark_price": 0.004487, "iv": 66.99, "instrument_name": "BTC-31MAR23-29000-C", "index_price": 28425.21, "direction": "sell", "amount": 0.1}, {"trade_seq": 4620, "trade_id": "248981414", "timestamp": 1680185541165, "tick_direction": 3, "price": 0.0045, "mark_price": 0.004487, "iv": 66.99, "instrument_name": "BTC-31MAR23-29000-C", "index_price": 28425.21, "direction": "sell", "amount": 0.5}, {"trade_seq": 4619, "trade_id": "248981070", "timestamp": 1680185459973, "tick_direction": 3, "price": 0.0045, "mark_price": 0.00478733, "iv": 63.84, "instrument_name": "BTC-31MAR23-29000-C", "index_price": 28472.25, "direction": "sell", "amount": 1.0}, {"trade_seq": 4618, "trade_id": "248981029", "timestamp": 1680185410623, "tick_direction": 3, "price": 0.0045, "mark_price": 0.0048569, "iv": 63.46, "instrument_name": "BTC-31MAR23-29000-C", "index_price": 28478.13, "direction": "sell", "amount": 1.0}, {"trade_seq": 4617, "trade_id": "248979417", "timestamp": 1680184887786, "tick_direction": 2, "price": 0.0045, "mark_price": 0.00521266, "iv": 61.38, "instrument_name": "BTC-31MAR23-29000-C", "index_price": 28506.97, "direction": "sell", "amount": 0.1}, {"trade_seq": 4616, "trade_id": "248979318", "timestamp": 1680184825627, "tick_direction": 0, "price": 0.0055, "mark_price": 0.00543519, "iv": 66.1, "instrument_name": "BTC-31MAR23-29000-C", "index_price": 28543.64, "direction": "buy", "amount": 1.0}, {"trade_seq": 4615, "trade_id": "248979157", "timestamp": 1680184800264, "tick_direction": 3, "price": 0.005, "mark_price": 0.00523691, "iv": 64.65, "instrument_name": "BTC-31MAR23-29000-C", "index_price": 28519.14, "direction": "buy", "amount": 16.0}, {"trade_seq": 4614, "trade_id": "248978979", "timestamp": 1680184751407, "tick_direction": 3, "price": 0.005, "mark_price": 0.00530281, "iv": 64.49, "instrument_name": "BTC-31MAR23-29000-C", "index_price": 28511.23, "direction": "sell", "amount": 1.0}, {"trade_seq": 4613, "trade_id": "248978978", "timestamp": 1680184751407, "tick_direction": 3, "price": 0.005, "mark_price": 0.00530281, "iv": 64.49, "instrument_name": "BTC-31MAR23-29000-C", "index_price": 28511.23, "direction": "sell", "amount": 5.0}, {"trade_seq": 4612, "trade_id": "248978977", "timestamp": 1680184751407, "tick_direction": 3, "price": 0.005, "mark_price": 0.00530281, "iv": 64.49, "instrument_name": "BTC-31MAR23-29000-C", "index_price": 28511.23, "direction": "sell", "amount": 0.1}, {"trade_seq": 4611, "trade_id": "248978976", "timestamp": 1680184751407, "tick_direction": 3, "price": 0.005, "mark_price": 0.00530281, "iv": 64.49, "instrument_name": "BTC-31MAR23-29000-C", "index_price": 28511.23, "direction": "sell", "amount": 0.4}, {"trade_seq": 4610, "trade_id": "248978975", "timestamp": 1680184751407, "tick_direction": 2, "price": 0.005, "mark_price": 0.00530281, "iv": 64.49, "instrument_name": "BTC-31MAR23-29000-C", "index_price": 28511.23, "direction": "sell", "amount": 14.7}, {"trade_seq": 4609, "trade_id": "248978553", "timestamp": 1680184616030, "tick_direction": 1, "price": 0.0055, "mark_price": 0.0055797, "iv": 67.16, "instrument_name": "BTC-31MAR23-29000-C", "index_price": 28535.46, "direction": "sell", "amount": 5.0}, {"trade_seq": 4608, "trade_id": "248978552", "timestamp": 1680184616030, "tick_direction": 0, "price": 0.0055, "mark_price": 0.0055797, "iv": 67.16, "instrument_name": "BTC-31MAR23-29000-C", "index_price": 28535.46, "direction": "sell", "amount": 1.7}, {"trade_seq": 4607, "trade_id": "248976897", "timestamp": 1680184333906, "tick_direction": 3, "price": 0.005, "mark_price": 0.00483132, "iv": 67.98, "instrument_name": "BTC-31MAR23-29000-C", "index_price": 28442.41, "direction": "sell", "amount": 0.1}, {"trade_seq": 4606, "trade_id": "248976895", "timestamp": 1680184333760, "tick_direction": 3, "price": 0.005, "mark_price": 0.00483132, "iv": 67.31, "instrument_name": "BTC-31MAR23-29000-C", "index_price": 28462.03, "direction": "sell", "amount": 2.9}, {"trade_seq": 4605, "trade_id": "248976611", "timestamp": 1680184331232, "tick_direction": 3, "price": 0.005, "mark_price": 0.00494942, "iv": 66.46, "instrument_name": "BTC-31MAR23-29000-C", "index_price": 28456.63, "direction": "sell", "amount": 0.6}, {"trade_seq": 4604, "trade_id": "248976609", "timestamp": 1680184331216, "tick_direction": 3, "price": 0.005, "mark_price": 0.00496653, "iv": 66.46, "instrument_name": "BTC-31MAR23-29000-C", "index_price": 28456.63, "direction": "sell", "amount": 0.5}, {"trade_seq": 4603, "trade_id": "248976586", "timestamp": 1680184331104, "tick_direction": 3, "price": 0.005, "mark_price": 0.00496653, "iv": 66.46, "instrument_name": "BTC-31MAR23-29000-C", "index_price": 28456.63, "direction": "sell", "amount": 1.2}, {"trade_seq": 4602, "trade_id": "248976585", "timestamp": 1680184331104, "tick_direction": 2, "price": 0.005, "mark_price": 0.00496653, "iv": 66.46, "instrument_name": "BTC-31MAR23-29000-C", "index_price": 28456.63, "direction": "sell", "amount": 0.3}, {"trade_seq": 4601, "trade_id": "248975951", "timestamp": 1680184311842, "tick_direction": 2, "price": 0.0055, "mark_price": 0.00540382, "iv": 66.53, "instrument_name": "BTC-31MAR23-29000-C", "index_price": 28530.87, "direction": "sell", "amount": 0.1}, {"trade_seq": 4600, "trade_id": "248975433", "timestamp": 1680183964531, "tick_direction": 0, "price": 0.006, "mark_price": 0.00568042, "iv": 67.67, "instrument_name": "BTC-31MAR23-29000-C", "index_price": 28559.06, "direction": "buy", "amount": 5.0}, {"trade_seq": 4599, "trade_id": "248972904", "timestamp": 1680182815680, "tick_direction": 2, "price": 0.0055, "mark_price": 0.00584949, "iv": 63.09, "instrument_name": "BTC-31MAR23-29000-C", "index_price": 28565.63, "direction": "sell", "amount": 0.1}, {"trade_seq": 4598, "trade_id": "248970825", "timestamp": 1680181722275, "tick_direction": 3, "price": 0.006, "mark_price": 0.00628298, "iv": 63.38, "instrument_name": "BTC-31MAR23-29000-C", "index_price": 28606.71, "direction": "sell", "amount": 1.0}, {"trade_seq": 4597, "trade_id": "248970762", "timestamp": 1680181670618, "tick_direction": 3, "price": 0.006, "mark_price": 0.00629398, "iv": 63.42, "instrument_name": "BTC-31MAR23-29000-C", "index_price": 28599.5, "direction": "sell", "amount": 2.1}, {"trade_seq": 4596, "trade_id": "248970761", "timestamp": 1680181670618, "tick_direction": 3, "price": 0.006, "mark_price": 0.00629398, "iv": 63.42, "instrument_name": "BTC-31MAR23-29000-C", "index_price": 28599.5, "direction": "sell", "amount": 2.9}, {"trade_seq": 4595, "trade_id": "248970760", "timestamp": 1680181670618, "tick_direction": 2, "price": 0.006, "mark_price": 0.00629398, "iv": 63.42, "instrument_name": "BTC-31MAR23-29000-C", "index_price": 28599.5, "direction": "sell", "amount": 0.5}, {"trade_seq": 4594, "trade_id": "248970071", "timestamp": 1680181293779, "tick_direction": 3, "price": 0.0065, "mark_price": 0.00663136, "iv": 64.19, "instrument_name": "BTC-31MAR23-29000-C", "index_price": 28636.21, "direction": "buy", "amount": 7.7}, {"trade_seq": 4593, "trade_id": "248970070", "timestamp": 1680181293743, "tick_direction": 3, "price": 0.0065, "mark_price": 0.00663136, "iv": 64.19, "instrument_name": "BTC-31MAR23-29000-C", "index_price": 28636.21, "direction": "sell", "amount": 0.7}, {"trade_seq": 4592, "trade_id": "248970069", "timestamp": 1680181293743, "tick_direction": 3, "price": 0.0065, "mark_price": 0.00663136, "iv": 64.19, "instrument_name": "BTC-31MAR23-29000-C", "index_price": 28636.21, "direction": "sell", "amount": 0.2}, {"trade_seq": 4591, "trade_id": "248970068", "timestamp": 1680181293743, "tick_direction": 3, "price": 0.0065, "mark_price": 0.00663136, "iv": 64.19, "instrument_name": "BTC-31MAR23-29000-C", "index_price": 28636.21, "direction": "sell", "amount": 1.4}, {"trade_seq": 4590, "trade_id": "248969980", "timestamp": 1680181203214, "tick_direction": 2, "price": 0.0065, "mark_price": 0.00670844, "iv": 63.52, "instrument_name": "BTC-31MAR23-29000-C", "index_price": 28650.61, "direction": "sell", "amount": 2.6}, {"trade_seq": 4589, "trade_id": "248968732", "timestamp": 1680180444528, "tick_direction": 0, "price": 0.0075, "mark_price": 0.00713484, "iv": 66.62, "instrument_name": "BTC-31MAR23-29000-C", "index_price": 28681.08, "direction": "buy", "amount": 0.5}, {"trade_seq": 4588, "trade_id": "248968243", "timestamp": 1680180119208, "tick_direction": 2, "price": 0.0065, "mark_price": 0.0068617, "iv": 62.65, "instrument_name": "BTC-31MAR23-29000-C", "index_price": 28659.61, "direction": "sell", "amount": 0.1}, {"trade_seq": 4587, "trade_id": "248968114", "timestamp": 1680180048064, "tick_direction": 1, "price": 0.007, "mark_price": 0.00684515, "iv": 65.56, "instrument_name": "BTC-31MAR23-29000-C", "index_price": 28655.09, "direction": "sell", "amount": 1.6}, {"trade_seq": 4586, "trade_id": "248968113", "timestamp": 1680180048061, "tick_direction": 1, "price": 0.007, "mark_price": 0.00684515, "iv": 65.56, "instrument_name": "BTC-31MAR23-29000-C", "index_price": 28655.09, "direction": "buy", "amount": 9.8}, {"trade_seq": 4585, "trade_id": "248968112", "timestamp": 1680180048061, "tick_direction": 1, "price": 0.007, "mark_price": 0.00684515, "iv": 65.56, "instrument_name": "BTC-31MAR23-29000-C", "index_price": 28655.09, "direction": "buy", "amount": 8.3}, {"trade_seq": 4584, "trade_id": "248967927", "timestamp": 1680179901227, "tick_direction": 1, "price": 0.007, "mark_price": 0.0069372, "iv": 65.28, "instrument_name": "BTC-31MAR23-29000-C", "index_price": 28665.79, "direction": "buy", "amount": 0.7}, {"trade_seq": 4583, "trade_id": "248967923", "timestamp": 1680179900158, "tick_direction": 1, "price": 0.007, "mark_price": 0.00693261, "iv": 65.28, "instrument_name": "BTC-31MAR23-29000-C", "index_price": 28662.85, "direction": "buy", "amount": 0.4}, {"trade_seq": 4582, "trade_id": "248967888", "timestamp": 1680179894123, "tick_direction": 1, "price": 0.007, "mark_price": 0.00691229, "iv": 65.38, "instrument_name": "BTC-31MAR23-29000-C", "index_price": 28663.54, "direction": "buy", "amount": 5.5}, {"trade_seq": 4581, "trade_id": "248967870", "timestamp": 1680179878586, "tick_direction": 1, "price": 0.007, "mark_price": 0.00694147, "iv": 65.94, "instrument_name": "BTC-31MAR23-29000-C", "index_price": 28667.04, "direction": "buy", "amount": 6.1}, {"trade_seq": 4580, "trade_id": "248967726", "timestamp": 1680179805756, "tick_direction": 0, "price": 0.007, "mark_price": 0.00728994, "iv": 63.37, "instrument_name": "BTC-31MAR23-29000-C", "index_price": 28695.25, "direction": "buy", "amount": 0.6}, {"trade_seq": 4579, "trade_id": "248966911", "timestamp": 1680179522239, "tick_direction": 1, "price": 0.0065, "mark_price": 0.00686977, "iv": 64.3, "instrument_name": "BTC-31MAR23-29000-C", "index_price": 28631.45, "direction": "buy", "amount": 1.3}, {"trade_seq": 4578, "trade_id": "248966910", "timestamp": 1680179522225, "tick_direction": 1, "price": 0.0065, "mark_price": 0.00686977, "iv": 64.3, "instrument_name": "BTC-31MAR23-29000-C", "index_price": 28631.45, "direction": "buy", "amount": 0.5}, {"trade_seq": 4577, "trade_id": "248966909", "timestamp": 1680179522223, "tick_direction": 1, "price": 0.0065, "mark_price": 0.00686977, "iv": 64.3, "instrument_name": "BTC-31MAR23-29000-C", "index_price": 28631.45, "direction": "buy", "amount": 0.4}, {"trade_seq": 4576, "trade_id": "248966908", "timestamp": 1680179522219, "tick_direction": 1, "price": 0.0065, "mark_price": 0.00686977, "iv": 64.3, "instrument_name": "BTC-31MAR23-29000-C", "index_price": 28631.45, "direction": "buy", "amount": 0.4}, {"trade_seq": 4575, "trade_id": "248966906", "timestamp": 1680179521158, "tick_direction": 0, "price": 0.0065, "mark_price": 0.00686027, "iv": 63.94, "instrument_name": "BTC-31MAR23-29000-C", "index_price": 28631.15, "direction": "buy", "amount": 3.8}, {"trade_seq": 4574, "trade_id": "248966340", "timestamp": 1680179390889, "tick_direction": 2, "price": 0.006, "mark_price": 0.00620975, "iv": 64.82, "instrument_name": "BTC-31MAR23-29000-C", "index_price": 28587.93, "direction": "sell", "amount": 0.2}, {"trade_seq": 4573, "trade_id": "248965921", "timestamp": 1680179267183, "tick_direction": 1, "price": 0.007, "mark_price": 0.00694772, "iv": 66.63, "instrument_name": "BTC-31MAR23-29000-C", "index_price": 28652.94, "direction": "buy", "amount": 0.1}, {"trade_seq": 4572, "trade_id": "248965920", "timestamp": 1680179267178, "tick_direction": 0, "price": 0.007, "mark_price": 0.00694772, "iv": 66.63, "instrument_name": "BTC-31MAR23-29000-C", "index_price": 28652.94, "direction": "buy", "amount": 0.2}, {"trade_seq": 4571, "trade_id": "248965411", "timestamp": 1680179085824, "tick_direction": 1, "price": 0.0065, "mark_price": 0.00661326, "iv": 65.75, "instrument_name": "BTC-31MAR23-29000-C", "index_price": 28622.2, "direction": "buy", "amount": 1.2}, {"trade_seq": 4570, "trade_id": "248965410", "timestamp": 1680179085824, "tick_direction": 0, "price": 0.0065, "mark_price": 0.00661326, "iv": 65.75, "instrument_name": "BTC-31MAR23-29000-C", "index_price": 28622.2, "direction": "buy", "amount": 0.1}, {"trade_seq": 4569, "trade_id": "248964371", "timestamp": 1680178621978, "tick_direction": 3, "price": 0.006, "mark_price": 0.00657364, "iv": 63.71, "instrument_name": "BTC-31MAR23-29000-C", "index_price": 28622.45, "direction": "sell", "amount": 0.1}, {"trade_seq": 4568, "trade_id": "248964354", "timestamp": 1680178618762, "tick_direction": 2, "price": 0.006, "mark_price": 0.00659744, "iv": 63.58, "instrument_name": "BTC-31MAR23-29000-C", "index_price": 28623.75, "direction": "sell", "amount": 0.1}, {"trade_seq": 4567, "trade_id": "248962594", "timestamp": 1680178167707, "tick_direction": 3, "price": 0.0065, "mark_price": 0.00631045, "iv": 68.55, "instrument_name": "BTC-31MAR23-29000-C", "index_price": 28594.01, "direction": "buy", "amount": 0.1}, {"trade_seq": 4566, "trade_id": "248962593", "timestamp": 1680178167351, "tick_direction": 3, "price": 0.0065, "mark_price": 0.00631045, "iv": 68.54, "instrument_name": "BTC-31MAR23-29000-C", "index_price": 28594.12, "direction": "buy", "amount": 0.6}, {"trade_seq": 4565, "trade_id": "248962461", "timestamp": 1680178122209, "tick_direction": 3, "price": 0.0065, "mark_price": 0.00639898, "iv": 68.12, "instrument_name": "BTC-31MAR23-29000-C", "index_price": 28598.28, "direction": "buy", "amount": 0.1}, {"trade_seq": 4564, "trade_id": "248962460", "timestamp": 1680178121496, "tick_direction": 3, "price": 0.0065, "mark_price": 0.00639997, "iv": 68.12, "instrument_name": "BTC-31MAR23-29000-C", "index_price": 28598.28, "direction": "buy", "amount": 0.4}, {"trade_seq": 4563, "trade_id": "248962175", "timestamp": 1680178010529, "tick_direction": 2, "price": 0.0065, "mark_price": 0.00646385, "iv": 67.44, "instrument_name": "BTC-31MAR23-29000-C", "index_price": 28602.72, "direction": "buy", "amount": 0.5}, {"trade_seq": 4562, "trade_id": "248960984", "timestamp": 1680177701705, "tick_direction": 3, "price": 0.007, "mark_price": 0.00697858, "iv": 67.22, "instrument_name": "BTC-31MAR23-29000-C", "index_price": 28655.49, "direction": "buy", "amount": 1.0}, {"trade_seq": 4561, "trade_id": "248960386", "timestamp": 1680177418326, "tick_direction": 2, "price": 0.007, "mark_price": 0.00693339, "iv": 66.5, "instrument_name": "BTC-31MAR23-29000-C", "index_price": 28660.84, "direction": "buy", "amount": 1.0}, {"trade_seq": 4560, "trade_id": "248958481", "timestamp": 1680176735630, "tick_direction": 1, "price": 0.0075, "mark_price": 0.00728995, "iv": 67.08, "instrument_name": "BTC-31MAR23-29000-C", "index_price": 28680.43, "direction": "sell", "amount": 0.1}, {"trade_seq": 4559, "trade_id": "248953799", "timestamp": 1680175634117, "tick_direction": 0, "price": 0.0075, "mark_price": 0.00713559, "iv": 67.86, "instrument_name": "BTC-31MAR23-29000-C", "index_price": 28650.31, "direction": "buy", "amount": 0.4}, {"trade_seq": 4558, "trade_id": "248953608", "timestamp": 1680175615967, "tick_direction": 1, "price": 0.007, "mark_price": 0.00678725, "iv": 67.03, "instrument_name": "BTC-31MAR23-29000-C", "index_price": 28627.98, "direction": "buy", "amount": 0.3}, {"trade_seq": 4557, "trade_id": "248953607", "timestamp": 1680175615946, "tick_direction": 0, "price": 0.007, "mark_price": 0.00678725, "iv": 67.03, "instrument_name": "BTC-31MAR23-29000-C", "index_price": 28627.98, "direction": "buy", "amount": 0.5}, {"trade_seq": 4556, "trade_id": "248951069", "timestamp": 1680174728872, "tick_direction": 1, "price": 0.0065, "mark_price": 0.00662552, "iv": 65.02, "instrument_name": "BTC-31MAR23-29000-C", "index_price": 28604.6, "direction": "sell", "amount": 0.1}, {"trade_seq": 4555, "trade_id": "248951065", "timestamp": 1680174728714, "tick_direction": 1, "price": 0.0065, "mark_price": 0.00662552, "iv": 65.02, "instrument_name": "BTC-31MAR23-29000-C", "index_price": 28604.6, "direction": "sell", "amount": 0.1}, {"trade_seq": 4554, "trade_id": "248951064", "timestamp": 1680174728694, "tick_direction": 1, "price": 0.0065, "mark_price": 0.00662552, "iv": 65.02, "instrument_name": "BTC-31MAR23-29000-C", "index_price": 28604.6, "direction": "sell", "amount": 0.1}, {"trade_seq": 4553, "trade_id": "248951058", "timestamp": 1680174728600, "tick_direction": 1, "price": 0.0065, "mark_price": 0.00662552, "iv": 65.02, "instrument_name": "BTC-31MAR23-29000-C", "index_price": 28604.6, "direction": "sell", "amount": 0.1}, {"trade_seq": 4552, "trade_id": "248951024", "timestamp": 1680174716076, "tick_direction": 1, "price": 0.0065, "mark_price": 0.00661141, "iv": 65.08, "instrument_name": "BTC-31MAR23-29000-C", "index_price": 28605.36, "direction": "sell", "amount": 0.1}, {"trade_seq": 4551, "trade_id": "248951017", "timestamp": 1680174708449, "tick_direction": 1, "price": 0.0065, "mark_price": 0.00662062, "iv": 65.0, "instrument_name": "BTC-31MAR23-29000-C", "index_price": 28606.35, "direction": "sell", "amount": 0.1}, {"trade_seq": 4550, "trade_id": "248951000", "timestamp": 1680174703347, "tick_direction": 1, "price": 0.0065, "mark_price": 0.00661854, "iv": 65.03, "instrument_name": "BTC-31MAR23-29000-C", "index_price": 28605.76, "direction": "sell", "amount": 0.2}, {"trade_seq": 4549, "trade_id": "248950992", "timestamp": 1680174700769, "tick_direction": 1, "price": 0.0065, "mark_price": 0.00662386, "iv": 65.0, "instrument_name": "BTC-31MAR23-29000-C", "index_price": 28605.62, "direction": "sell", "amount": 0.2}, {"trade_seq": 4548, "trade_id": "248950163", "timestamp": 1680174444654, "tick_direction": 0, "price": 0.0065, "mark_price": 0.00679204, "iv": 63.2, "instrument_name": "BTC-31MAR23-29000-C", "index_price": 28624.39, "direction": "sell", "amount": 0.5}, {"trade_seq": 4547, "trade_id": "248946263", "timestamp": 1680173247259, "tick_direction": 2, "price": 0.006, "mark_price": 0.00642105, "iv": 62.34, "instrument_name": "BTC-31MAR23-29000-C", "index_price": 28570.85, "direction": "sell", "amount": 0.1}, {"trade_seq": 4546, "trade_id": "248945343", "timestamp": 1680173006402, "tick_direction": 3, "price": 0.0065, "mark_price": 0.00665944, "iv": 64.48, "instrument_name": "BTC-31MAR23-29000-C", "index_price": 28577.06, "direction": "buy", "amount": 0.5}, {"trade_seq": 4545, "trade_id": "248941885", "timestamp": 1680172058974, "tick_direction": 3, "price": 0.0065, "mark_price": 0.00661501, "iv": 64.33, "instrument_name": "BTC-31MAR23-29000-C", "index_price": 28571.59, "direction": "sell", "amount": 0.1}, {"trade_seq": 4544, "trade_id": "248941552", "timestamp": 1680171976409, "tick_direction": 2, "price": 0.0065, "mark_price": 0.00646571, "iv": 65.14, "instrument_name": "BTC-31MAR23-29000-C", "index_price": 28556.02, "direction": "buy", "amount": 10.0}, {"trade_seq": 4543, "trade_id": "248938234", "timestamp": 1680171222112, "tick_direction": 1, "price": 0.007, "mark_price": 0.00693246, "iv": 63.83, "instrument_name": "BTC-31MAR23-29000-C", "index_price": 28615.1, "direction": "buy", "amount": 0.3}, {"trade_seq": 4542, "trade_id": "248938048", "timestamp": 1680171166134, "tick_direction": 0, "price": 0.007, "mark_price": 0.00686958, "iv": 64.21, "instrument_name": "BTC-31MAR23-29000-C", "index_price": 28607.86, "direction": "buy", "amount": 0.3}, {"trade_seq": 4541, "trade_id": "248937045", "timestamp": 1680170901832, "tick_direction": 3, "price": 0.0065, "mark_price": 0.00659033, "iv": 63.27, "instrument_name": "BTC-31MAR23-29000-C", "index_price": 28575.33, "direction": "sell", "amount": 0.5}, {"trade_seq": 4540, "trade_id": "248937032", "timestamp": 1680170900461, "tick_direction": 3, "price": 0.0065, "mark_price": 0.00659181, "iv": 63.28, "instrument_name": "BTC-31MAR23-29000-C", "index_price": 28575.06, "direction": "sell", "amount": 4.2}, {"trade_seq": 4539, "trade_id": "248936170", "timestamp": 1680170617460, "tick_direction": 2, "price": 0.0065, "mark_price": 0.00685287, "iv": 61.9, "instrument_name": "BTC-31MAR23-29000-C", "index_price": 28594.49, "direction": "sell", "amount": 0.1}, {"trade_seq": 4538, "trade_id": "248935350", "timestamp": 1680170289974, "tick_direction": 1, "price": 0.007, "mark_price": 0.00700678, "iv": 64.39, "instrument_name": "BTC-31MAR23-29000-C", "index_price": 28594.53, "direction": "sell", "amount": 0.2}, {"trade_seq": 4537, "trade_id": "248935339", "timestamp": 1680170281318, "tick_direction": 0, "price": 0.007, "mark_price": 0.00700983, "iv": 64.34, "instrument_name": "BTC-31MAR23-29000-C", "index_price": 28595.8, "direction": "sell", "amount": 0.8}, {"trade_seq": 4536, "trade_id": "248930119", "timestamp": 1680168410866, "tick_direction": 2, "price": 0.0065, "mark_price": 0.00677399, "iv": 63.16, "instrument_name": "BTC-31MAR23-29000-C", "index_price": 28548.64, "direction": "sell", "amount": 0.2}, {"trade_seq": 4535, "trade_id": "248929969", "timestamp": 1680168306154, "tick_direction": 1, "price": 0.007, "mark_price": 0.00680993, "iv": 65.62, "instrument_name": "BTC-31MAR23-29000-C", "index_price": 28548.25, "direction": "sell", "amount": 0.1}, {"trade_seq": 4534, "trade_id": "248929959", "timestamp": 1680168302642, "tick_direction": 0, "price": 0.007, "mark_price": 0.00678794, "iv": 65.74, "instrument_name": "BTC-31MAR23-29000-C", "index_price": 28547.3, "direction": "sell", "amount": 0.1}, {"trade_seq": 4533, "trade_id": "248929935", "timestamp": 1680168288957, "tick_direction": 3, "price": 0.0065, "mark_price": 0.00678657, "iv": 62.95, "instrument_name": "BTC-31MAR23-29000-C", "index_price": 28546.45, "direction": "sell", "amount": 0.1}, {"trade_seq": 4532, "trade_id": "248929146", "timestamp": 1680167960683, "tick_direction": 2, "price": 0.0065, "mark_price": 0.0069423, "iv": 61.6, "instrument_name": "BTC-31MAR23-29000-C", "index_price": 28557.44, "direction": "sell", "amount": 0.2}, {"trade_seq": 4531, "trade_id": "248929113", "timestamp": 1680167909070, "tick_direction": 3, "price": 0.007, "mark_price": 0.0069615, "iv": 64.22, "instrument_name": "BTC-31MAR23-29000-C", "index_price": 28559.67, "direction": "sell", "amount": 0.2}, {"trade_seq": 4530, "trade_id": "248928881", "timestamp": 1680167804740, "tick_direction": 2, "price": 0.007, "mark_price": 0.0069435, "iv": 64.25, "instrument_name": "BTC-31MAR23-29000-C", "index_price": 28559.33, "direction": "buy", "amount": 0.1}, {"trade_seq": 4529, "trade_id": "248926919", "timestamp": 1680166941599, "tick_direction": 0, "price": 0.0075, "mark_price": 0.00770647, "iv": 64.61, "instrument_name": "BTC-31MAR23-29000-C", "index_price": 28595.05, "direction": "sell", "amount": 0.2}, {"trade_seq": 4528, "trade_id": "248926839", "timestamp": 1680166922524, "tick_direction": 2, "price": 0.007, "mark_price": 0.00751168, "iv": 63.21, "instrument_name": "BTC-31MAR23-29000-C", "index_price": 28576.02, "direction": "sell", "block_trade_id": "70637", "amount": 100.0}, {"trade_seq": 4527, "trade_id": "248925971", "timestamp": 1680166619254, "tick_direction": 0, "price": 0.0077, "mark_price": 0.00794479, "iv": 63.71, "instrument_name": "BTC-31MAR23-29000-C", "index_price": 28621.45, "direction": "sell", "block_trade_id": "70635", "amount": 100.0}, {"trade_seq": 4526, "trade_id": "248925631", "timestamp": 1680166391087, "tick_direction": 3, "price": 0.0075, "mark_price": 0.00758904, "iv": 62.34, "instrument_name": "BTC-31MAR23-29000-C", "index_price": 28623.19, "direction": "buy", "amount": 1.9}, {"trade_seq": 4525, "trade_id": "248925630", "timestamp": 1680166390341, "tick_direction": 3, "price": 0.0075, "mark_price": 0.00755881, "iv": 62.52, "instrument_name": "BTC-31MAR23-29000-C", "index_price": 28618.02, "direction": "buy", "amount": 0.1}, {"trade_seq": 4524, "trade_id": "248925626", "timestamp": 1680166390300, "tick_direction": 3, "price": 0.0075, "mark_price": 0.00755881, "iv": 62.52, "instrument_name": "BTC-31MAR23-29000-C", "index_price": 28618.02, "direction": "buy", "amount": 0.3}, {"trade_seq": 4523, "trade_id": "248925617", "timestamp": 1680166390024, "tick_direction": 3, "price": 0.0075, "mark_price": 0.00755881, "iv": 62.52, "instrument_name": "BTC-31MAR23-29000-C", "index_price": 28618.02, "direction": "buy", "amount": 0.1}, {"trade_seq": 4522, "trade_id": "248925616", "timestamp": 1680166389973, "tick_direction": 3, "price": 0.0075, "mark_price": 0.00755881, "iv": 62.52, "instrument_name": "BTC-31MAR23-29000-C", "index_price": 28618.02, "direction": "buy", "amount": 0.4}, {"trade_seq": 4521, "trade_id": "248925615", "timestamp": 1680166389969, "tick_direction": 3, "price": 0.0075, "mark_price": 0.00755881, "iv": 62.52, "instrument_name": "BTC-31MAR23-29000-C", "index_price": 28618.02, "direction": "buy", "amount": 0.1}, {"trade_seq": 4520, "trade_id": "248925610", "timestamp": 1680166389036, "tick_direction": 3, "price": 0.0075, "mark_price": 0.00756181, "iv": 62.54, "instrument_name": "BTC-31MAR23-29000-C", "index_price": 28614.84, "direction": "buy", "amount": 0.1}, {"trade_seq": 4519, "trade_id": "248925609", "timestamp": 1680166389034, "tick_direction": 3, "price": 0.0075, "mark_price": 0.00756181, "iv": 62.54, "instrument_name": "BTC-31MAR23-29000-C", "index_price": 28614.84, "direction": "buy", "amount": 0.1}, {"trade_seq": 4518, "trade_id": "248925608", "timestamp": 1680166389031, "tick_direction": 3, "price": 0.0075, "mark_price": 0.00756181, "iv": 62.54, "instrument_name": "BTC-31MAR23-29000-C", "index_price": 28614.84, "direction": "buy", "amount": 0.5}, {"trade_seq": 4517, "trade_id": "248925601", "timestamp": 1680166388925, "tick_direction": 3, "price": 0.0075, "mark_price": 0.00756181, "iv": 62.54, "instrument_name": "BTC-31MAR23-29000-C", "index_price": 28614.84, "direction": "buy", "amount": 0.1}, {"trade_seq": 4516, "trade_id": "248925600", "timestamp": 1680166388920, "tick_direction": 3, "price": 0.0075, "mark_price": 0.00756181, "iv": 62.54, "instrument_name": "BTC-31MAR23-29000-C", "index_price": 28614.84, "direction": "buy", "amount": 0.1}, {"trade_seq": 4515, "trade_id": "248925595", "timestamp": 1680166388899, "tick_direction": 3, "price": 0.0075, "mark_price": 0.00756181, "iv": 62.54, "instrument_name": "BTC-31MAR23-29000-C", "index_price": 28614.84, "direction": "buy", "amount": 0.1}, {"trade_seq": 4514, "trade_id": "248925587", "timestamp": 1680166388797, "tick_direction": 3, "price": 0.0075, "mark_price": 0.00756181, "iv": 62.54, "instrument_name": "BTC-31MAR23-29000-C", "index_price": 28614.84, "direction": "buy", "amount": 0.3}, {"trade_seq": 4513, "trade_id": "248925586", "timestamp": 1680166387809, "tick_direction": 3, "price": 0.0075, "mark_price": 0.00751625, "iv": 62.54, "instrument_name": "BTC-31MAR23-29000-C", "index_price": 28614.48, "direction": "buy", "amount": 0.5}, {"trade_seq": 4512, "trade_id": "248925585", "timestamp": 1680166387221, "tick_direction": 3, "price": 0.0075, "mark_price": 0.00751643, "iv": 62.52, "instrument_name": "BTC-31MAR23-29000-C", "index_price": 28614.37, "direction": "buy", "amount": 0.1}, {"trade_seq": 4511, "trade_id": "248925584", "timestamp": 1680166386461, "tick_direction": 3, "price": 0.0075, "mark_price": 0.00751643, "iv": 62.81, "instrument_name": "BTC-31MAR23-29000-C", "index_price": 28609.9, "direction": "buy", "amount": 0.5}, {"trade_seq": 4510, "trade_id": "248925573", "timestamp": 1680166385857, "tick_direction": 3, "price": 0.0075, "mark_price": 0.00751691, "iv": 62.81, "instrument_name": "BTC-31MAR23-29000-C", "index_price": 28609.9, "direction": "buy", "amount": 0.2}, {"trade_seq": 4509, "trade_id": "248925572", "timestamp": 1680166385840, "tick_direction": 3, "price": 0.0075, "mark_price": 0.00751691, "iv": 62.81, "instrument_name": "BTC-31MAR23-29000-C", "index_price": 28609.9, "direction": "buy", "amount": 2.0}, {"trade_seq": 4508, "trade_id": "248925569", "timestamp": 1680166385781, "tick_direction": 3, "price": 0.0075, "mark_price": 0.00751691, "iv": 62.81, "instrument_name": "BTC-31MAR23-29000-C", "index_price": 28609.9, "direction": "buy", "amount": 0.5}, {"trade_seq": 4507, "trade_id": "248925558", "timestamp": 1680166381975, "tick_direction": 3, "price": 0.0075, "mark_price": 0.00752838, "iv": 62.86, "instrument_name": "BTC-31MAR23-29000-C", "index_price": 28609.34, "direction": "buy", "amount": 0.5}, {"trade_seq": 4506, "trade_id": "248925555", "timestamp": 1680166373819, "tick_direction": 3, "price": 0.0075, "mark_price": 0.00757296, "iv": 62.88, "instrument_name": "BTC-31MAR23-29000-C", "index_price": 28609.77, "direction": "buy", "amount": 0.3}, {"trade_seq": 4505, "trade_id": "248925554", "timestamp": 1680166373817, "tick_direction": 3, "price": 0.0075, "mark_price": 0.00757296, "iv": 62.88, "instrument_name": "BTC-31MAR23-29000-C", "index_price": 28609.77, "direction": "buy", "amount": 0.5}, {"trade_seq": 4504, "trade_id": "248925553", "timestamp": 1680166373815, "tick_direction": 2, "price": 0.0075, "mark_price": 0.00757296, "iv": 62.88, "instrument_name": "BTC-31MAR23-29000-C", "index_price": 28609.77, "direction": "buy", "amount": 0.7}, {"trade_seq": 4503, "trade_id": "248924803", "timestamp": 1680165715908, "tick_direction": 3, "price": 0.008, "mark_price": 0.00793434, "iv": 65.01, "instrument_name": "BTC-31MAR23-29000-C", "index_price": 28614.01, "direction": "buy", "amount": 0.3}, {"trade_seq": 4502, "trade_id": "248924802", "timestamp": 1680165715906, "tick_direction": 3, "price": 0.008, "mark_price": 0.00793434, "iv": 65.01, "instrument_name": "BTC-31MAR23-29000-C", "index_price": 28614.01, "direction": "sell", "amount": 0.2}, {"trade_seq": 4501, "trade_id": "248924377", "timestamp": 1680165505008, "tick_direction": 2, "price": 0.008, "mark_price": 0.00869989, "iv": 60.86, "instrument_name": "BTC-31MAR23-29000-C", "index_price": 28662.5, "direction": "sell", "amount": 0.6}, {"trade_seq": 4500, "trade_id": "248924014", "timestamp": 1680165387453, "tick_direction": 3, "price": 0.0085, "mark_price": 0.00847857, "iv": 64.46, "instrument_name": "BTC-31MAR23-29000-C", "index_price": 28644.06, "direction": "sell", "amount": 0.1}, {"trade_seq": 4499, "trade_id": "248924013", "timestamp": 1680165387420, "tick_direction": 3, "price": 0.0085, "mark_price": 0.00847857, "iv": 64.46, "instrument_name": "BTC-31MAR23-29000-C", "index_price": 28644.06, "direction": "sell", "amount": 0.1}, {"trade_seq": 4498, "trade_id": "248924012", "timestamp": 1680165387413, "tick_direction": 3, "price": 0.0085, "mark_price": 0.00847857, "iv": 64.46, "instrument_name": "BTC-31MAR23-29000-C", "index_price": 28644.06, "direction": "sell", "amount": 0.1}, {"trade_seq": 4497, "trade_id": "248924011", "timestamp": 1680165387379, "tick_direction": 3, "price": 0.0085, "mark_price": 0.00847857, "iv": 64.46, "instrument_name": "BTC-31MAR23-29000-C", "index_price": 28644.06, "direction": "sell", "amount": 0.5}, {"trade_seq": 4496, "trade_id": "248923616", "timestamp": 1680165268924, "tick_direction": 2, "price": 0.0085, "mark_price": 0.00888139, "iv": 62.2, "instrument_name": "BTC-31MAR23-29000-C", "index_price": 28682.15, "direction": "sell", "amount": 0.1}, {"trade_seq": 4495, "trade_id": "248923403", "timestamp": 1680165205044, "tick_direction": 3, "price": 0.009, "mark_price": 0.00909163, "iv": 63.33, "instrument_name": "BTC-31MAR23-29000-C", "index_price": 28703.24, "direction": "sell", "amount": 0.1}, {"trade_seq": 4494, "trade_id": "248923229", "timestamp": 1680165051884, "tick_direction": 2, "price": 0.009, "mark_price": 0.00921744, "iv": 62.56, "instrument_name": "BTC-31MAR23-29000-C", "index_price": 28713.21, "direction": "sell", "amount": 0.1}, {"trade_seq": 4493, "trade_id": "248923190", "timestamp": 1680164979679, "tick_direction": 1, "price": 0.0095, "mark_price": 0.00923685, "iv": 65.02, "instrument_name": "BTC-31MAR23-29000-C", "index_price": 28713.22, "direction": "buy", "amount": 0.9}, {"trade_seq": 4492, "trade_id": "248923189", "timestamp": 1680164979679, "tick_direction": 1, "price": 0.0095, "mark_price": 0.00923685, "iv": 65.02, "instrument_name": "BTC-31MAR23-29000-C", "index_price": 28713.22, "direction": "buy", "amount": 2.4}, {"trade_seq": 4491, "trade_id": "248923009", "timestamp": 1680164871619, "tick_direction": 0, "price": 0.0095, "mark_price": 0.00922815, "iv": 65.28, "instrument_name": "BTC-31MAR23-29000-C", "index_price": 28708.05, "direction": "buy", "amount": 0.3}, {"trade_seq": 4490, "trade_id": "248923002", "timestamp": 1680164862892, "tick_direction": 3, "price": 0.009, "mark_price": 0.00920957, "iv": 63.16, "instrument_name": "BTC-31MAR23-29000-C", "index_price": 28706.1, "direction": "buy", "amount": 0.9}, {"trade_seq": 4489, "trade_id": "248922997", "timestamp": 1680164861242, "tick_direction": 3, "price": 0.009, "mark_price": 0.00911263, "iv": 63.36, "instrument_name": "BTC-31MAR23-29000-C", "index_price": 28702.25, "direction": "buy", "amount": 2.1}, {"trade_seq": 4488, "trade_id": "248922994", "timestamp": 1680164861155, "tick_direction": 3, "price": 0.009, "mark_price": 0.00911263, "iv": 63.36, "instrument_name": "BTC-31MAR23-29000-C", "index_price": 28702.25, "direction": "buy", "amount": 0.1}, {"trade_seq": 4487, "trade_id": "248922993", "timestamp": 1680164861133, "tick_direction": 3, "price": 0.009, "mark_price": 0.00911263, "iv": 63.36, "instrument_name": "BTC-31MAR23-29000-C", "index_price": 28702.25, "direction": "buy", "amount": 0.5}, {"trade_seq": 4486, "trade_id": "248922902", "timestamp": 1680164845273, "tick_direction": 2, "price": 0.009, "mark_price": 0.00903964, "iv": 64.1, "instrument_name": "BTC-31MAR23-29000-C", "index_price": 28690.25, "direction": "buy", "amount": 2.3}, {"trade_seq": 4485, "trade_id": "248922391", "timestamp": 1680164387378, "tick_direction": 2, "price": 0.0095, "mark_price": 0.00960326, "iv": 65.28, "instrument_name": "BTC-31MAR23-29000-C", "index_price": 28705.22, "direction": "sell", "amount": 3.3}, {"trade_seq": 4484, "trade_id": "248921791", "timestamp": 1680164024639, "tick_direction": 1, "price": 0.01, "mark_price": 0.00980707, "iv": 66.49, "instrument_name": "BTC-31MAR23-29000-C", "index_price": 28711.74, "direction": "buy", "amount": 1.0}, {"trade_seq": 4483, "trade_id": "248921790", "timestamp": 1680164024639, "tick_direction": 0, "price": 0.01, "mark_price": 0.00980707, "iv": 66.49, "instrument_name": "BTC-31MAR23-29000-C", "index_price": 28711.74, "direction": "buy", "amount": 5.0}, {"trade_seq": 4482, "trade_id": "248921563", "timestamp": 1680163898113, "tick_direction": 3, "price": 0.0095, "mark_price": 0.00952212, "iv": 65.22, "instrument_name": "BTC-31MAR23-29000-C", "index_price": 28691.73, "direction": "sell", "amount": 0.5}, {"trade_seq": 4481, "trade_id": "248921487", "timestamp": 1680163860360, "tick_direction": 3, "price": 0.0095, "mark_price": 0.00964838, "iv": 64.47, "instrument_name": "BTC-31MAR23-29000-C", "index_price": 28703.54, "direction": "sell", "amount": 0.2}, {"trade_seq": 4480, "trade_id": "248921486", "timestamp": 1680163860360, "tick_direction": 3, "price": 0.0095, "mark_price": 0.00964838, "iv": 64.47, "instrument_name": "BTC-31MAR23-29000-C", "index_price": 28703.54, "direction": "sell", "amount": 0.8}, {"trade_seq": 4479, "trade_id": "248921449", "timestamp": 1680163827917, "tick_direction": 2, "price": 0.0095, "mark_price": 0.00966388, "liquidation": "T", "iv": 64.36, "instrument_name": "BTC-31MAR23-29000-C", "index_price": 28704.47, "direction": "sell", "amount": 0.1}, {"trade_seq": 4478, "trade_id": "248921157", "timestamp": 1680163731584, "tick_direction": 1, "price": 0.01, "mark_price": 0.00971111, "iv": 66.11, "instrument_name": "BTC-31MAR23-29000-C", "index_price": 28713.07, "direction": "buy", "amount": 8.3}, {"trade_seq": 4477, "trade_id": "248921156", "timestamp": 1680163731584, "tick_direction": 1, "price": 0.01, "mark_price": 0.00971111, "iv": 66.11, "instrument_name": "BTC-31MAR23-29000-C", "index_price": 28713.07, "direction": "buy", "amount": 5.0}, {"trade_seq": 4476, "trade_id": "248921155", "timestamp": 1680163731584, "tick_direction": 1, "price": 0.01, "mark_price": 0.00971111, "iv": 66.11, "instrument_name": "BTC-31MAR23-29000-C", "index_price": 28713.07, "direction": "buy", "amount": 1.4}, {"trade_seq": 4475, "trade_id": "248921154", "timestamp": 1680163731584, "tick_direction": 1, "price": 0.01, "mark_price": 0.00971111, "iv": 66.11, "instrument_name": "BTC-31MAR23-29000-C", "index_price": 28713.07, "direction": "buy", "amount": 0.3}, {"trade_seq": 4474, "trade_id": "248921153", "timestamp": 1680163731584, "tick_direction": 0, "price": 0.01, "mark_price": 0.00971111, "iv": 66.11, "instrument_name": "BTC-31MAR23-29000-C", "index_price": 28713.07, "direction": "buy", "amount": 5.0}, {"trade_seq": 4473, "trade_id": "248920937", "timestamp": 1680163637452, "tick_direction": 3, "price": 0.0095, "mark_price": 0.00991543, "iv": 63.47, "instrument_name": "BTC-31MAR23-29000-C", "index_price": 28719.24, "direction": "sell", "amount": 0.1}, {"trade_seq": 4472, "trade_id": "248920936", "timestamp": 1680163637452, "tick_direction": 2, "price": 0.0095, "mark_price": 0.00991543, "iv": 63.47, "instrument_name": "BTC-31MAR23-29000-C", "index_price": 28719.24, "direction": "sell", "amount": 0.3}, {"trade_seq": 4471, "trade_id": "248920297", "timestamp": 1680163561617, "tick_direction": 3, "price": 0.01, "mark_price": 0.00984557, "iv": 65.97, "instrument_name": "BTC-31MAR23-29000-C", "index_price": 28721.64, "direction": "buy", "amount": 7.6}