{"trades": [{"trade_seq": 1270, "trade_id": "138187327", "timestamp": 1616572630870, "tick_direction": 0, "price": 0.766, "mark_price": 0.76609698, "iv": 0.0, "instrument_name": "BTC-26MAR21-13000-C", "index_price": 55572.08, "direction": "buy", "amount": 0.1}, {"trade_seq": 1269, "trade_id": "138079922", "timestamp": 1616542742426, "tick_direction": 2, "price": 0.761, "mark_price": 0.76181036, "iv": 0.0, "instrument_name": "BTC-26MAR21-13000-C", "index_price": 54514.23, "direction": "sell", "amount": 0.1}, {"trade_seq": 1268, "trade_id": "136818609", "timestamp": 1616025649457, "tick_direction": 0, "price": 0.7825, "mark_price": 0.7811832, "iv": 448.27, "instrument_name": "BTC-26MAR21-13000-C", "index_price": 59171.7, "direction": "buy", "amount": 0.8}, {"trade_seq": 1267, "trade_id": "135046417", "timestamp": 1615474845182, "tick_direction": 2, "price": 0.767, "mark_price": 0.77423654, "iv": 0.0, "instrument_name": "BTC-26MAR21-13000-C", "index_price": 56884.13, "direction": "sell", "amount": 0.1}, {"trade_seq": 1266, "trade_id": "129591028", "timestamp": 1613933279972, "tick_direction": 0, "price": 0.784, "mark_price": 0.7841322, "iv": 161.88, "instrument_name": "BTC-26MAR21-13000-C", "index_price": 58006.11, "direction": "buy", "amount": 5.0}, {"trade_seq": 1265, "trade_id": "128574655", "timestamp": 1613571372905, "tick_direction": 0, "price": 0.7525, "mark_price": 0.75805231, "iv": 0.0, "instrument_name": "BTC-26MAR21-13000-C", "index_price": 51123.84, "direction": "sell", "amount": 0.1}, {"trade_seq": 1264, "trade_id": "128366020", "timestamp": 1613520083916, "tick_direction": 0, "price": 0.7455, "mark_price": 0.74622613, "iv": 161.78, "instrument_name": "BTC-26MAR21-13000-C", "index_price": 49311.05, "direction": "buy", "amount": 2.8}, {"trade_seq": 1263, "trade_id": "128363648", "timestamp": 1613518971071, "tick_direction": 0, "price": 0.7445, "mark_price": 0.74554183, "iv": 128.16, "instrument_name": "BTC-26MAR21-13000-C", "index_price": 49204.85, "direction": "buy", "amount": 0.1}, {"trade_seq": 1262, "trade_id": "127821595", "timestamp": 1613362243277, "tick_direction": 2, "price": 0.7315, "mark_price": 0.73242789, "iv": 162.54, "instrument_name": "BTC-26MAR21-13000-C", "index_price": 46748.31, "direction": "buy", "amount": 0.4}, {"trade_seq": 1261, "trade_id": "126925231", "timestamp": 1613063673681, "tick_direction": 2, "price": 0.736, "mark_price": 0.73622636, "iv": 172.79, "instrument_name": "BTC-26MAR21-13000-C", "index_price": 47085.36, "direction": "sell", "amount": 0.3}, {"trade_seq": 1260, "trade_id": "126921576", "timestamp": 1613063290517, "tick_direction": 2, "price": 0.739, "mark_price": 0.73854811, "iv": 183.61, "instrument_name": "BTC-26MAR21-13000-C", "index_price": 47504.88, "direction": "sell", "amount": 0.1}, {"trade_seq": 1259, "trade_id": "126921276", "timestamp": 1613063031726, "tick_direction": 2, "price": 0.7395, "mark_price": 0.73916292, "iv": 181.4, "instrument_name": "BTC-26MAR21-13000-C", "index_price": 47625.53, "direction": "sell", "amount": 0.1}, {"trade_seq": 1258, "trade_id": "126920533", "timestamp": 1613062677949, "tick_direction": 1, "price": 0.74, "mark_price": 0.73949487, "iv": 183.74, "instrument_name": "BTC-26MAR21-13000-C", "index_price": 47688.09, "direction": "sell", "amount": 0.1}, {"trade_seq": 1257, "trade_id": "126920277", "timestamp": 1613062473526, "tick_direction": 0, "price": 0.74, "mark_price": 0.73944533, "iv": 184.46, "instrument_name": "BTC-26MAR21-13000-C", "index_price": 47652.81, "direction": "sell", "amount": 0.4}, {"trade_seq": 1256, "trade_id": "126918538", "timestamp": 1613062116999, "tick_direction": 2, "price": 0.739, "mark_price": 0.73885569, "iv": 178.79, "instrument_name": "BTC-26MAR21-13000-C", "index_price": 47525.4, "direction": "sell", "amount": 1.0}, {"trade_seq": 1255, "trade_id": "126912557", "timestamp": 1613059978516, "tick_direction": 2, "price": 0.74, "mark_price": 0.74029175, "iv": 169.96, "instrument_name": "BTC-26MAR21-13000-C", "index_price": 47818.5, "direction": "sell", "amount": 1.0}, {"trade_seq": 1254, "trade_id": "126912332", "timestamp": 1613059908260, "tick_direction": 1, "price": 0.7405, "mark_price": 0.74037328, "iv": 177.54, "instrument_name": "BTC-26MAR21-13000-C", "index_price": 47861.66, "direction": "sell", "amount": 0.1}, {"trade_seq": 1253, "trade_id": "126912331", "timestamp": 1613059908260, "tick_direction": 1, "price": 0.7405, "mark_price": 0.74037328, "iv": 177.54, "instrument_name": "BTC-26MAR21-13000-C", "index_price": 47861.66, "direction": "sell", "amount": 0.1}, {"trade_seq": 1252, "trade_id": "126912054", "timestamp": 1613059785471, "tick_direction": 1, "price": 0.7405, "mark_price": 0.74015104, "iv": 181.4, "instrument_name": "BTC-26MAR21-13000-C", "index_price": 47815.32, "direction": "sell", "amount": 0.1}, {"trade_seq": 1251, "trade_id": "126911960", "timestamp": 1613059762765, "tick_direction": 1, "price": 0.7405, "mark_price": 0.74014551, "iv": 181.76, "instrument_name": "BTC-26MAR21-13000-C", "index_price": 47799.12, "direction": "sell", "amount": 0.1}, {"trade_seq": 1250, "trade_id": "126911931", "timestamp": 1613059757835, "tick_direction": 1, "price": 0.7405, "mark_price": 0.74022866, "iv": 180.45, "instrument_name": "BTC-26MAR21-13000-C", "index_price": 47817.28, "direction": "sell", "amount": 0.1}, {"trade_seq": 1249, "trade_id": "126911921", "timestamp": 1613059748688, "tick_direction": 1, "price": 0.7405, "mark_price": 0.74027233, "iv": 179.75, "instrument_name": "BTC-26MAR21-13000-C", "index_price": 47821.55, "direction": "sell", "amount": 0.1}, {"trade_seq": 1248, "trade_id": "126911878", "timestamp": 1613059729787, "tick_direction": 1, "price": 0.7405, "mark_price": 0.74022737, "iv": 180.57, "instrument_name": "BTC-26MAR21-13000-C", "index_price": 47819.38, "direction": "sell", "amount": 0.1}, {"trade_seq": 1247, "trade_id": "126911860", "timestamp": 1613059718110, "tick_direction": 0, "price": 0.7405, "mark_price": 0.74032283, "iv": 179.35, "instrument_name": "BTC-26MAR21-13000-C", "index_price": 47835.35, "direction": "sell", "amount": 0.1}, {"trade_seq": 1246, "trade_id": "126548507", "timestamp": 1612960673452, "tick_direction": 0, "price": 0.728, "mark_price": 0.72739584, "iv": 180.74, "instrument_name": "BTC-26MAR21-13000-C", "index_price": 45470.45, "direction": "sell", "amount": 0.1}, {"trade_seq": 1245, "trade_id": "126330336", "timestamp": 1612875722305, "tick_direction": 3, "price": 0.726, "mark_price": 0.72563732, "iv": 172.86, "instrument_name": "BTC-26MAR21-13000-C", "index_price": 45081.63, "direction": "sell", "amount": 0.2}, {"trade_seq": 1244, "trade_id": "126330335", "timestamp": 1612875722305, "tick_direction": 2, "price": 0.726, "mark_price": 0.72563732, "iv": 172.86, "instrument_name": "BTC-26MAR21-13000-C", "index_price": 45081.63, "direction": "sell", "amount": 0.1}, {"trade_seq": 1243, "trade_id": "126322417", "timestamp": 1612874903572, "tick_direction": 2, "price": 0.729, "mark_price": 0.72891654, "iv": 169.24, "instrument_name": "BTC-26MAR21-13000-C", "index_price": 45552.82, "direction": "sell", "amount": 0.1}, {"trade_seq": 1242, "trade_id": "126313997", "timestamp": 1612872380636, "tick_direction": 0, "price": 0.7345, "mark_price": 0.73581244, "iv": 121.27, "instrument_name": "BTC-26MAR21-13000-C", "index_price": 46645.24, "direction": "buy", "amount": 0.1}, {"trade_seq": 1241, "trade_id": "124924147", "timestamp": 1612468561007, "tick_direction": 0, "price": 0.669, "mark_price": 0.66881357, "iv": 156.73, "instrument_name": "BTC-26MAR21-13000-C", "index_price": 37458.99, "direction": "buy", "amount": 0.1}, {"trade_seq": 1240, "trade_id": "124673913", "timestamp": 1612377551473, "tick_direction": 1, "price": 0.6685, "mark_price": 0.66767387, "iv": 159.35, "instrument_name": "BTC-26MAR21-13000-C", "index_price": 37193.89, "direction": "sell", "amount": 6.6}, {"trade_seq": 1239, "trade_id": "124673912", "timestamp": 1612377550120, "tick_direction": 1, "price": 0.6685, "mark_price": 0.6677071, "iv": 159.12, "instrument_name": "BTC-26MAR21-13000-C", "index_price": 37196.84, "direction": "sell", "amount": 10.0}, {"trade_seq": 1238, "trade_id": "124673911", "timestamp": 1612377549361, "tick_direction": 1, "price": 0.6685, "mark_price": 0.66773359, "iv": 159.1, "instrument_name": "BTC-26MAR21-13000-C", "index_price": 37200.61, "direction": "sell", "amount": 10.0}, {"trade_seq": 1237, "trade_id": "124673908", "timestamp": 1612377548970, "tick_direction": 1, "price": 0.6685, "mark_price": 0.66773359, "iv": 158.95, "instrument_name": "BTC-26MAR21-13000-C", "index_price": 37200.61, "direction": "sell", "amount": 0.1}, {"trade_seq": 1236, "trade_id": "124673517", "timestamp": 1612377473138, "tick_direction": 1, "price": 0.6685, "mark_price": 0.66776416, "iv": 158.31, "instrument_name": "BTC-26MAR21-13000-C", "index_price": 37202.03, "direction": "sell", "amount": 4.8}, {"trade_seq": 1235, "trade_id": "124673516", "timestamp": 1612377472788, "tick_direction": 1, "price": 0.6685, "mark_price": 0.66776416, "iv": 158.37, "instrument_name": "BTC-26MAR21-13000-C", "index_price": 37202.44, "direction": "sell", "amount": 0.1}, {"trade_seq": 1234, "trade_id": "124673514", "timestamp": 1612377470686, "tick_direction": 1, "price": 0.6685, "mark_price": 0.66775847, "iv": 158.39, "instrument_name": "BTC-26MAR21-13000-C", "index_price": 37201.11, "direction": "sell", "amount": 0.1}, {"trade_seq": 1233, "trade_id": "124673488", "timestamp": 1612377462583, "tick_direction": 1, "price": 0.6685, "mark_price": 0.66782961, "iv": 157.81, "instrument_name": "BTC-26MAR21-13000-C", "index_price": 37210.23, "direction": "sell", "amount": 5.0}, {"trade_seq": 1232, "trade_id": "124673431", "timestamp": 1612377444371, "tick_direction": 1, "price": 0.6685, "mark_price": 0.66782849, "iv": 157.64, "instrument_name": "BTC-26MAR21-13000-C", "index_price": 37207.83, "direction": "sell", "amount": 4.5}, {"trade_seq": 1231, "trade_id": "124673360", "timestamp": 1612377439974, "tick_direction": 1, "price": 0.6685, "mark_price": 0.66793301, "iv": 157.87, "instrument_name": "BTC-26MAR21-13000-C", "index_price": 37203.83, "direction": "sell", "amount": 0.4}, {"trade_seq": 1230, "trade_id": "124673339", "timestamp": 1612377439196, "tick_direction": 0, "price": 0.6685, "mark_price": 0.66793239, "iv": 157.06, "instrument_name": "BTC-26MAR21-13000-C", "index_price": 37207.96, "direction": "sell", "amount": 0.1}, {"trade_seq": 1229, "trade_id": "124672657", "timestamp": 1612377367897, "tick_direction": 1, "price": 0.668, "mark_price": 0.66735967, "iv": 157.1, "instrument_name": "BTC-26MAR21-13000-C", "index_price": 37161.96, "direction": "sell", "amount": 0.1}, {"trade_seq": 1228, "trade_id": "124672602", "timestamp": 1612377347202, "tick_direction": 1, "price": 0.668, "mark_price": 0.66734798, "iv": 157.12, "instrument_name": "BTC-26MAR21-13000-C", "index_price": 37159.14, "direction": "sell", "amount": 0.2}, {"trade_seq": 1227, "trade_id": "124672585", "timestamp": 1612377344274, "tick_direction": 1, "price": 0.668, "mark_price": 0.66732746, "iv": 157.25, "instrument_name": "BTC-26MAR21-13000-C", "index_price": 37157.56, "direction": "sell", "amount": 0.1}, {"trade_seq": 1226, "trade_id": "124672577", "timestamp": 1612377343981, "tick_direction": 1, "price": 0.668, "mark_price": 0.66730779, "iv": 157.38, "instrument_name": "BTC-26MAR21-13000-C", "index_price": 37154.61, "direction": "sell", "amount": 0.1}, {"trade_seq": 1225, "trade_id": "124672576", "timestamp": 1612377343915, "tick_direction": 1, "price": 0.668, "mark_price": 0.66730779, "iv": 157.38, "instrument_name": "BTC-26MAR21-13000-C", "index_price": 37154.61, "direction": "sell", "amount": 0.2}, {"trade_seq": 1224, "trade_id": "124672575", "timestamp": 1612377343871, "tick_direction": 0, "price": 0.668, "mark_price": 0.66730779, "iv": 157.38, "instrument_name": "BTC-26MAR21-13000-C", "index_price": 37154.61, "direction": "sell", "amount": 0.4}, {"trade_seq": 1223, "trade_id": "124672338", "timestamp": 1612377299538, "tick_direction": 1, "price": 0.6675, "mark_price": 0.66701155, "iv": 155.71, "instrument_name": "BTC-26MAR21-13000-C", "index_price": 37120.57, "direction": "sell", "amount": 0.1}, {"trade_seq": 1222, "trade_id": "124672337", "timestamp": 1612377299489, "tick_direction": 1, "price": 0.6675, "mark_price": 0.66701155, "iv": 155.71, "instrument_name": "BTC-26MAR21-13000-C", "index_price": 37120.57, "direction": "sell", "amount": 0.1}, {"trade_seq": 1221, "trade_id": "124672336", "timestamp": 1612377299449, "tick_direction": 0, "price": 0.6675, "mark_price": 0.66701155, "iv": 155.71, "instrument_name": "BTC-26MAR21-13000-C", "index_price": 37120.57, "direction": "sell", "amount": 0.5}, {"trade_seq": 1220, "trade_id": "122151221", "timestamp": 1611695959323, "tick_direction": 1, "price": 0.6075, "mark_price": 0.60659871, "iv": 132.39, "instrument_name": "BTC-26MAR21-13000-C", "index_price": 32003.04, "direction": "sell", "amount": 0.1}, {"trade_seq": 1219, "trade_id": "122151219", "timestamp": 1611695957381, "tick_direction": 0, "price": 0.6075, "mark_price": 0.60662701, "iv": 132.36, "instrument_name": "BTC-26MAR21-13000-C", "index_price": 32003.82, "direction": "sell", "amount": 0.1}, {"trade_seq": 1218, "trade_id": "122148269", "timestamp": 1611694522429, "tick_direction": 1, "price": 0.607, "mark_price": 0.60550825, "iv": 132.56, "instrument_name": "BTC-26MAR21-13000-C", "index_price": 31935.8, "direction": "sell", "amount": 0.1}, {"trade_seq": 1217, "trade_id": "122148265", "timestamp": 1611694522141, "tick_direction": 1, "price": 0.607, "mark_price": 0.60550825, "iv": 132.56, "instrument_name": "BTC-26MAR21-13000-C", "index_price": 31935.8, "direction": "sell", "amount": 0.1}, {"trade_seq": 1216, "trade_id": "122148263", "timestamp": 1611694522000, "tick_direction": 1, "price": 0.607, "mark_price": 0.60550825, "iv": 132.56, "instrument_name": "BTC-26MAR21-13000-C", "index_price": 31935.8, "direction": "sell", "amount": 0.1}, {"trade_seq": 1215, "trade_id": "122148259", "timestamp": 1611694521827, "tick_direction": 1, "price": 0.607, "mark_price": 0.60550825, "iv": 132.53, "instrument_name": "BTC-26MAR21-13000-C", "index_price": 31939.08, "direction": "sell", "amount": 0.3}, {"trade_seq": 1214, "trade_id": "122148258", "timestamp": 1611694521733, "tick_direction": 1, "price": 0.607, "mark_price": 0.60564375, "iv": 132.53, "instrument_name": "BTC-26MAR21-13000-C", "index_price": 31939.08, "direction": "sell", "amount": 0.3}, {"trade_seq": 1213, "trade_id": "122148247", "timestamp": 1611694520108, "tick_direction": 1, "price": 0.607, "mark_price": 0.60564761, "iv": 131.9, "instrument_name": "BTC-26MAR21-13000-C", "index_price": 31944.99, "direction": "sell", "amount": 0.1}, {"trade_seq": 1212, "trade_id": "122148241", "timestamp": 1611694519753, "tick_direction": 1, "price": 0.607, "mark_price": 0.6056684, "iv": 131.88, "instrument_name": "BTC-26MAR21-13000-C", "index_price": 31949.97, "direction": "sell", "amount": 10.7}, {"trade_seq": 1211, "trade_id": "122148239", "timestamp": 1611694519690, "tick_direction": 1, "price": 0.607, "mark_price": 0.6056684, "iv": 131.88, "instrument_name": "BTC-26MAR21-13000-C", "index_price": 31949.97, "direction": "sell", "amount": 0.1}, {"trade_seq": 1210, "trade_id": "122148238", "timestamp": 1611694519635, "tick_direction": 1, "price": 0.607, "mark_price": 0.6056684, "iv": 131.88, "instrument_name": "BTC-26MAR21-13000-C", "index_price": 31949.97, "direction": "sell", "amount": 0.3}, {"trade_seq": 1209, "trade_id": "122148199", "timestamp": 1611694500283, "tick_direction": 1, "price": 0.607, "mark_price": 0.60549182, "iv": 132.53, "instrument_name": "BTC-26MAR21-13000-C", "index_price": 31940.63, "direction": "sell", "amount": 0.1}, {"trade_seq": 1208, "trade_id": "122148198", "timestamp": 1611694498824, "tick_direction": 1, "price": 0.607, "mark_price": 0.60553682, "iv": 132.51, "instrument_name": "BTC-26MAR21-13000-C", "index_price": 31941.19, "direction": "sell", "amount": 0.1}, {"trade_seq": 1207, "trade_id": "122148195", "timestamp": 1611694498467, "tick_direction": 1, "price": 0.607, "mark_price": 0.60553581, "iv": 132.3, "instrument_name": "BTC-26MAR21-13000-C", "index_price": 31945.26, "direction": "sell", "amount": 0.1}, {"trade_seq": 1206, "trade_id": "122148193", "timestamp": 1611694498356, "tick_direction": 1, "price": 0.607, "mark_price": 0.60553581, "iv": 132.3, "instrument_name": "BTC-26MAR21-13000-C", "index_price": 31945.26, "direction": "sell", "amount": 0.1}, {"trade_seq": 1205, "trade_id": "122148192", "timestamp": 1611694498225, "tick_direction": 1, "price": 0.607, "mark_price": 0.60553581, "iv": 132.3, "instrument_name": "BTC-26MAR21-13000-C", "index_price": 31945.26, "direction": "sell", "amount": 0.2}, {"trade_seq": 1204, "trade_id": "122148191", "timestamp": 1611694497861, "tick_direction": 1, "price": 0.607, "mark_price": 0.60553581, "iv": 132.3, "instrument_name": "BTC-26MAR21-13000-C", "index_price": 31945.26, "direction": "sell", "amount": 0.4}, {"trade_seq": 1203, "trade_id": "122148190", "timestamp": 1611694496406, "tick_direction": 1, "price": 0.607, "mark_price": 0.60555683, "iv": 132.19, "instrument_name": "BTC-26MAR21-13000-C", "index_price": 31946.48, "direction": "sell", "amount": 0.1}, {"trade_seq": 1202, "trade_id": "122148189", "timestamp": 1611694496163, "tick_direction": 1, "price": 0.607, "mark_price": 0.60555683, "iv": 132.19, "instrument_name": "BTC-26MAR21-13000-C", "index_price": 31946.48, "direction": "sell", "amount": 0.1}, {"trade_seq": 1201, "trade_id": "122148188", "timestamp": 1611694495979, "tick_direction": 1, "price": 0.607, "mark_price": 0.60555683, "iv": 132.19, "instrument_name": "BTC-26MAR21-13000-C", "index_price": 31946.48, "direction": "sell", "amount": 0.1}, {"trade_seq": 1200, "trade_id": "122148187", "timestamp": 1611694495828, "tick_direction": 1, "price": 0.607, "mark_price": 0.60555683, "iv": 132.19, "instrument_name": "BTC-26MAR21-13000-C", "index_price": 31946.48, "direction": "sell", "amount": 0.2}, {"trade_seq": 1199, "trade_id": "122148186", "timestamp": 1611694495685, "tick_direction": 1, "price": 0.607, "mark_price": 0.60550196, "iv": 132.19, "instrument_name": "BTC-26MAR21-13000-C", "index_price": 31946.48, "direction": "sell", "amount": 0.1}, {"trade_seq": 1198, "trade_id": "122148173", "timestamp": 1611694493106, "tick_direction": 1, "price": 0.607, "mark_price": 0.60552505, "iv": 132.32, "instrument_name": "BTC-26MAR21-13000-C", "index_price": 31946.98, "direction": "sell", "amount": 0.2}, {"trade_seq": 1197, "trade_id": "122148172", "timestamp": 1611694490980, "tick_direction": 1, "price": 0.607, "mark_price": 0.6054996, "iv": 132.43, "instrument_name": "BTC-26MAR21-13000-C", "index_price": 31945.33, "direction": "sell", "amount": 0.1}, {"trade_seq": 1196, "trade_id": "122148171", "timestamp": 1611694490884, "tick_direction": 1, "price": 0.607, "mark_price": 0.6054996, "iv": 132.43, "instrument_name": "BTC-26MAR21-13000-C", "index_price": 31945.33, "direction": "sell", "amount": 0.1}, {"trade_seq": 1195, "trade_id": "122148162", "timestamp": 1611694489598, "tick_direction": 1, "price": 0.607, "mark_price": 0.60552499, "iv": 132.31, "instrument_name": "BTC-26MAR21-13000-C", "index_price": 31946.11, "direction": "sell", "amount": 0.1}, {"trade_seq": 1194, "trade_id": "122148160", "timestamp": 1611694488458, "tick_direction": 1, "price": 0.607, "mark_price": 0.60552293, "iv": 132.31, "instrument_name": "BTC-26MAR21-13000-C", "index_price": 31948.21, "direction": "sell", "amount": 0.1}, {"trade_seq": 1193, "trade_id": "122148159", "timestamp": 1611694488335, "tick_direction": 1, "price": 0.607, "mark_price": 0.60552293, "iv": 132.31, "instrument_name": "BTC-26MAR21-13000-C", "index_price": 31948.21, "direction": "sell", "amount": 0.2}, {"trade_seq": 1192, "trade_id": "122148158", "timestamp": 1611694487258, "tick_direction": 1, "price": 0.607, "mark_price": 0.60556697, "iv": 132.1, "instrument_name": "BTC-26MAR21-13000-C", "index_price": 31951.67, "direction": "sell", "amount": 0.1}, {"trade_seq": 1191, "trade_id": "122148157", "timestamp": 1611694487130, "tick_direction": 1, "price": 0.607, "mark_price": 0.60556697, "iv": 132.1, "instrument_name": "BTC-26MAR21-13000-C", "index_price": 31951.67, "direction": "sell", "amount": 0.2}, {"trade_seq": 1190, "trade_id": "122148142", "timestamp": 1611694484400, "tick_direction": 1, "price": 0.607, "mark_price": 0.60558759, "iv": 131.99, "instrument_name": "BTC-26MAR21-13000-C", "index_price": 31954.94, "direction": "sell", "amount": 0.2}, {"trade_seq": 1189, "trade_id": "122148140", "timestamp": 1611694484298, "tick_direction": 1, "price": 0.607, "mark_price": 0.60558759, "iv": 131.99, "instrument_name": "BTC-26MAR21-13000-C", "index_price": 31954.94, "direction": "sell", "amount": 0.1}, {"trade_seq": 1188, "trade_id": "122148138", "timestamp": 1611694483586, "tick_direction": 1, "price": 0.607, "mark_price": 0.60558424, "iv": 131.99, "instrument_name": "BTC-26MAR21-13000-C", "index_price": 31954.94, "direction": "sell", "amount": 0.2}, {"trade_seq": 1187, "trade_id": "122148135", "timestamp": 1611694482697, "tick_direction": 1, "price": 0.607, "mark_price": 0.60558424, "iv": 132.0, "instrument_name": "BTC-26MAR21-13000-C", "index_price": 31955.08, "direction": "sell", "amount": 0.1}, {"trade_seq": 1186, "trade_id": "122148088", "timestamp": 1611694475225, "tick_direction": 1, "price": 0.607, "mark_price": 0.60568136, "iv": 131.51, "instrument_name": "BTC-26MAR21-13000-C", "index_price": 31960.62, "direction": "sell", "amount": 0.1}, {"trade_seq": 1185, "trade_id": "122148086", "timestamp": 1611694475122, "tick_direction": 1, "price": 0.607, "mark_price": 0.60568136, "iv": 131.51, "instrument_name": "BTC-26MAR21-13000-C", "index_price": 31960.62, "direction": "sell", "amount": 0.1}, {"trade_seq": 1184, "trade_id": "122148084", "timestamp": 1611694474882, "tick_direction": 1, "price": 0.607, "mark_price": 0.60568136, "iv": 131.51, "instrument_name": "BTC-26MAR21-13000-C", "index_price": 31960.62, "direction": "sell", "amount": 0.1}, {"trade_seq": 1183, "trade_id": "122148082", "timestamp": 1611694474832, "tick_direction": 1, "price": 0.607, "mark_price": 0.60568136, "iv": 131.51, "instrument_name": "BTC-26MAR21-13000-C", "index_price": 31960.62, "direction": "sell", "amount": 0.5}, {"trade_seq": 1182, "trade_id": "122148068", "timestamp": 1611694473855, "tick_direction": 1, "price": 0.607, "mark_price": 0.60580586, "iv": 130.92, "instrument_name": "BTC-26MAR21-13000-C", "index_price": 31964.55, "direction": "sell", "amount": 0.1}, {"trade_seq": 1181, "trade_id": "122148066", "timestamp": 1611694473720, "tick_direction": 1, "price": 0.607, "mark_price": 0.60580586, "iv": 130.92, "instrument_name": "BTC-26MAR21-13000-C", "index_price": 31964.55, "direction": "sell", "amount": 0.1}, {"trade_seq": 1180, "trade_id": "122148064", "timestamp": 1611694473660, "tick_direction": 1, "price": 0.607, "mark_price": 0.60580586, "iv": 130.92, "instrument_name": "BTC-26MAR21-13000-C", "index_price": 31964.55, "direction": "sell", "amount": 0.1}, {"trade_seq": 1179, "trade_id": "122148063", "timestamp": 1611694473586, "tick_direction": 1, "price": 0.607, "mark_price": 0.60581777, "iv": 130.92, "instrument_name": "BTC-26MAR21-13000-C", "index_price": 31964.55, "direction": "sell", "amount": 0.3}, {"trade_seq": 1178, "trade_id": "122148061", "timestamp": 1611694473553, "tick_direction": 1, "price": 0.607, "mark_price": 0.60581777, "iv": 130.92, "instrument_name": "BTC-26MAR21-13000-C", "index_price": 31964.55, "direction": "sell", "amount": 0.1}, {"trade_seq": 1177, "trade_id": "122148060", "timestamp": 1611694473433, "tick_direction": 1, "price": 0.607, "mark_price": 0.60581777, "iv": 130.86, "instrument_name": "BTC-26MAR21-13000-C", "index_price": 31975.12, "direction": "sell", "amount": 0.2}, {"trade_seq": 1176, "trade_id": "122148053", "timestamp": 1611694473215, "tick_direction": 1, "price": 0.607, "mark_price": 0.60581777, "iv": 130.86, "instrument_name": "BTC-26MAR21-13000-C", "index_price": 31975.12, "direction": "sell", "amount": 0.2}, {"trade_seq": 1175, "trade_id": "122148021", "timestamp": 1611694469904, "tick_direction": 1, "price": 0.607, "mark_price": 0.60585084, "iv": 130.69, "instrument_name": "BTC-26MAR21-13000-C", "index_price": 31977.8, "direction": "sell", "amount": 0.1}, {"trade_seq": 1174, "trade_id": "122147933", "timestamp": 1611694393667, "tick_direction": 1, "price": 0.607, "mark_price": 0.60580707, "iv": 130.77, "instrument_name": "BTC-26MAR21-13000-C", "index_price": 31970.99, "direction": "sell", "amount": 0.1}, {"trade_seq": 1173, "trade_id": "122147931", "timestamp": 1611694392448, "tick_direction": 1, "price": 0.607, "mark_price": 0.60591682, "iv": 130.65, "instrument_name": "BTC-26MAR21-13000-C", "index_price": 31972.75, "direction": "sell", "amount": 0.1}, {"trade_seq": 1172, "trade_id": "122147928", "timestamp": 1611694392240, "tick_direction": 1, "price": 0.607, "mark_price": 0.60591682, "iv": 130.65, "instrument_name": "BTC-26MAR21-13000-C", "index_price": 31972.75, "direction": "sell", "amount": 0.1}, {"trade_seq": 1171, "trade_id": "122147927", "timestamp": 1611694391996, "tick_direction": 1, "price": 0.607, "mark_price": 0.60591682, "iv": 130.61, "instrument_name": "BTC-26MAR21-13000-C", "index_price": 31972.75, "direction": "sell", "amount": 0.2}, {"trade_seq": 1170, "trade_id": "122147926", "timestamp": 1611694391111, "tick_direction": 1, "price": 0.607, "mark_price": 0.60592123, "iv": 130.11, "instrument_name": "BTC-26MAR21-13000-C", "index_price": 31973.06, "direction": "sell", "amount": 0.2}, {"trade_seq": 1169, "trade_id": "122147925", "timestamp": 1611694390796, "tick_direction": 1, "price": 0.607, "mark_price": 0.60592123, "iv": 130.11, "instrument_name": "BTC-26MAR21-13000-C", "index_price": 31973.06, "direction": "sell", "amount": 0.3}, {"trade_seq": 1168, "trade_id": "122147922", "timestamp": 1611694390656, "tick_direction": 1, "price": 0.607, "mark_price": 0.60592123, "iv": 130.11, "instrument_name": "BTC-26MAR21-13000-C", "index_price": 31973.06, "direction": "sell", "amount": 0.2}, {"trade_seq": 1167, "trade_id": "122147911", "timestamp": 1611694388745, "tick_direction": 1, "price": 0.607, "mark_price": 0.60596792, "iv": 129.87, "instrument_name": "BTC-26MAR21-13000-C", "index_price": 31980.86, "direction": "sell", "amount": 0.1}, {"trade_seq": 1166, "trade_id": "122147910", "timestamp": 1611694388605, "tick_direction": 1, "price": 0.607, "mark_price": 0.60596792, "iv": 129.85, "instrument_name": "BTC-26MAR21-13000-C", "index_price": 31983.95, "direction": "sell", "amount": 0.1}, {"trade_seq": 1165, "trade_id": "122147905", "timestamp": 1611694388332, "tick_direction": 1, "price": 0.607, "mark_price": 0.60598326, "iv": 129.85, "instrument_name": "BTC-26MAR21-13000-C", "index_price": 31983.95, "direction": "sell", "amount": 0.1}, {"trade_seq": 1164, "trade_id": "122147904", "timestamp": 1611694388301, "tick_direction": 0, "price": 0.607, "mark_price": 0.60598326, "iv": 129.85, "instrument_name": "BTC-26MAR21-13000-C", "index_price": 31983.95, "direction": "sell", "amount": 0.1}, {"trade_seq": 1163, "trade_id": "122147693", "timestamp": 1611694271546, "tick_direction": 1, "price": 0.6065, "mark_price": 0.60548789, "iv": 129.24, "instrument_name": "BTC-26MAR21-13000-C", "index_price": 31954.93, "direction": "sell", "amount": 0.1}, {"trade_seq": 1162, "trade_id": "122147692", "timestamp": 1611694271416, "tick_direction": 1, "price": 0.6065, "mark_price": 0.60548789, "iv": 129.24, "instrument_name": "BTC-26MAR21-13000-C", "index_price": 31954.93, "direction": "sell", "amount": 0.1}, {"trade_seq": 1161, "trade_id": "122147691", "timestamp": 1611694271319, "tick_direction": 1, "price": 0.6065, "mark_price": 0.60548747, "iv": 129.24, "instrument_name": "BTC-26MAR21-13000-C", "index_price": 31954.93, "direction": "sell", "amount": 0.1}, {"trade_seq": 1160, "trade_id": "122147690", "timestamp": 1611694271188, "tick_direction": 1, "price": 0.6065, "mark_price": 0.60548747, "iv": 129.24, "instrument_name": "BTC-26MAR21-13000-C", "index_price": 31954.93, "direction": "sell", "amount": 0.1}, {"trade_seq": 1159, "trade_id": "122147677", "timestamp": 1611694265568, "tick_direction": 1, "price": 0.6065, "mark_price": 0.60549619, "iv": 129.19, "instrument_name": "BTC-26MAR21-13000-C", "index_price": 31957.61, "direction": "sell", "amount": 0.1}, {"trade_seq": 1158, "trade_id": "122147676", "timestamp": 1611694265056, "tick_direction": 1, "price": 0.6065, "mark_price": 0.60551077, "iv": 129.19, "instrument_name": "BTC-26MAR21-13000-C", "index_price": 31957.61, "direction": "sell", "amount": 0.1}, {"trade_seq": 1157, "trade_id": "122147660", "timestamp": 1611694258716, "tick_direction": 1, "price": 0.6065, "mark_price": 0.60552228, "iv": 128.99, "instrument_name": "BTC-26MAR21-13000-C", "index_price": 31959.24, "direction": "sell", "amount": 0.2}, {"trade_seq": 1156, "trade_id": "122147659", "timestamp": 1611694258580, "tick_direction": 1, "price": 0.6065, "mark_price": 0.60552228, "iv": 128.99, "instrument_name": "BTC-26MAR21-13000-C", "index_price": 31959.24, "direction": "sell", "amount": 0.1}, {"trade_seq": 1155, "trade_id": "122147645", "timestamp": 1611694252411, "tick_direction": 1, "price": 0.6065, "mark_price": 0.60551503, "iv": 129.06, "instrument_name": "BTC-26MAR21-13000-C", "index_price": 31962.23, "direction": "sell", "amount": 0.1}, {"trade_seq": 1154, "trade_id": "122147644", "timestamp": 1611694252269, "tick_direction": 1, "price": 0.6065, "mark_price": 0.60551503, "iv": 129.06, "instrument_name": "BTC-26MAR21-13000-C", "index_price": 31962.23, "direction": "sell", "amount": 0.3}, {"trade_seq": 1153, "trade_id": "122147625", "timestamp": 1611694247285, "tick_direction": 1, "price": 0.6065, "mark_price": 0.60551869, "iv": 129.04, "instrument_name": "BTC-26MAR21-13000-C", "index_price": 31962.94, "direction": "sell", "amount": 0.1}, {"trade_seq": 1152, "trade_id": "122147624", "timestamp": 1611694242506, "tick_direction": 1, "price": 0.6065, "mark_price": 0.60558363, "iv": 128.76, "instrument_name": "BTC-26MAR21-13000-C", "index_price": 31964.85, "direction": "sell", "amount": 0.2}, {"trade_seq": 1151, "trade_id": "122147622", "timestamp": 1611694242341, "tick_direction": 1, "price": 0.6065, "mark_price": 0.60558363, "iv": 128.74, "instrument_name": "BTC-26MAR21-13000-C", "index_price": 31966.87, "direction": "sell", "amount": 0.2}, {"trade_seq": 1150, "trade_id": "122147621", "timestamp": 1611694242217, "tick_direction": 1, "price": 0.6065, "mark_price": 0.60558363, "iv": 128.74, "instrument_name": "BTC-26MAR21-13000-C", "index_price": 31966.87, "direction": "sell", "amount": 0.1}, {"trade_seq": 1149, "trade_id": "122147619", "timestamp": 1611694242064, "tick_direction": 1, "price": 0.6065, "mark_price": 0.60558363, "iv": 128.69, "instrument_name": "BTC-26MAR21-13000-C", "index_price": 31966.87, "direction": "sell", "amount": 0.1}, {"trade_seq": 1148, "trade_id": "122147590", "timestamp": 1611694231145, "tick_direction": 1, "price": 0.6065, "mark_price": 0.60555575, "iv": 128.88, "instrument_name": "BTC-26MAR21-13000-C", "index_price": 31958.45, "direction": "sell", "amount": 0.2}, {"trade_seq": 1147, "trade_id": "122147588", "timestamp": 1611694230996, "tick_direction": 1, "price": 0.6065, "mark_price": 0.60555575, "iv": 128.88, "instrument_name": "BTC-26MAR21-13000-C", "index_price": 31958.45, "direction": "sell", "amount": 0.2}, {"trade_seq": 1146, "trade_id": "122147587", "timestamp": 1611694230952, "tick_direction": 0, "price": 0.6065, "mark_price": 0.60555575, "iv": 128.88, "instrument_name": "BTC-26MAR21-13000-C", "index_price": 31958.45, "direction": "sell", "amount": 0.5}, {"trade_seq": 1145, "trade_id": "122147475", "timestamp": 1611694181916, "tick_direction": 1, "price": 0.606, "mark_price": 0.60534017, "iv": 127.33, "instrument_name": "BTC-26MAR21-13000-C", "index_price": 31944.59, "direction": "sell", "amount": 0.1}, {"trade_seq": 1144, "trade_id": "122147474", "timestamp": 1611694181866, "tick_direction": 1, "price": 0.606, "mark_price": 0.60534017, "iv": 127.33, "instrument_name": "BTC-26MAR21-13000-C", "index_price": 31944.59, "direction": "sell", "amount": 0.2}, {"trade_seq": 1143, "trade_id": "122147473", "timestamp": 1611694181813, "tick_direction": 1, "price": 0.606, "mark_price": 0.60534017, "iv": 127.33, "instrument_name": "BTC-26MAR21-13000-C", "index_price": 31944.59, "direction": "sell", "amount": 0.1}, {"trade_seq": 1142, "trade_id": "122147472", "timestamp": 1611694181661, "tick_direction": 1, "price": 0.606, "mark_price": 0.60534296, "iv": 127.33, "instrument_name": "BTC-26MAR21-13000-C", "index_price": 31944.59, "direction": "sell", "amount": 0.2}, {"trade_seq": 1141, "trade_id": "122147471", "timestamp": 1611694181547, "tick_direction": 1, "price": 0.606, "mark_price": 0.60534296, "iv": 127.33, "instrument_name": "BTC-26MAR21-13000-C", "index_price": 31944.59, "direction": "sell", "amount": 0.2}, {"trade_seq": 1140, "trade_id": "122147401", "timestamp": 1611694128923, "tick_direction": 1, "price": 0.606, "mark_price": 0.60542824, "iv": 126.87, "instrument_name": "BTC-26MAR21-13000-C", "index_price": 31946.92, "direction": "sell", "amount": 0.1}, {"trade_seq": 1139, "trade_id": "122147395", "timestamp": 1611694128838, "tick_direction": 1, "price": 0.606, "mark_price": 0.60542824, "iv": 126.87, "instrument_name": "BTC-26MAR21-13000-C", "index_price": 31946.92, "direction": "sell", "amount": 0.1}, {"trade_seq": 1138, "trade_id": "122147391", "timestamp": 1611694128699, "tick_direction": 1, "price": 0.606, "mark_price": 0.60542376, "iv": 126.87, "instrument_name": "BTC-26MAR21-13000-C", "index_price": 31946.92, "direction": "sell", "amount": 0.2}, {"trade_seq": 1137, "trade_id": "122147390", "timestamp": 1611694128640, "tick_direction": 1, "price": 0.606, "mark_price": 0.60542376, "iv": 126.87, "instrument_name": "BTC-26MAR21-13000-C", "index_price": 31946.92, "direction": "sell", "amount": 0.2}, {"trade_seq": 1136, "trade_id": "122147389", "timestamp": 1611694128510, "tick_direction": 1, "price": 0.606, "mark_price": 0.60542376, "iv": 126.87, "instrument_name": "BTC-26MAR21-13000-C", "index_price": 31954.06, "direction": "sell", "amount": 0.1}, {"trade_seq": 1135, "trade_id": "122147387", "timestamp": 1611694128390, "tick_direction": 1, "price": 0.606, "mark_price": 0.60542376, "iv": 126.87, "instrument_name": "BTC-26MAR21-13000-C", "index_price": 31954.06, "direction": "sell", "amount": 0.1}, {"trade_seq": 1134, "trade_id": "122147356", "timestamp": 1611694115126, "tick_direction": 1, "price": 0.606, "mark_price": 0.60546148, "iv": 126.7, "instrument_name": "BTC-26MAR21-13000-C", "index_price": 31957.07, "direction": "sell", "amount": 0.1}, {"trade_seq": 1133, "trade_id": "122147355", "timestamp": 1611694115076, "tick_direction": 0, "price": 0.606, "mark_price": 0.60546148, "iv": 126.7, "instrument_name": "BTC-26MAR21-13000-C", "index_price": 31957.07, "direction": "sell", "amount": 0.3}, {"trade_seq": 1132, "trade_id": "122147147", "timestamp": 1611693935711, "tick_direction": 2, "price": 0.6055, "mark_price": 0.60546296, "iv": 123.93, "instrument_name": "BTC-26MAR21-13000-C", "index_price": 31964.4, "direction": "sell", "amount": 1.0}, {"trade_seq": 1131, "trade_id": "122147116", "timestamp": 1611693920568, "tick_direction": 2, "price": 0.6065, "mark_price": 0.60567802, "iv": 128.19, "instrument_name": "BTC-26MAR21-13000-C", "index_price": 31981.43, "direction": "sell", "amount": 1.0}, {"trade_seq": 1130, "trade_id": "121810624", "timestamp": 1611610249885, "tick_direction": 2, "price": 0.615, "mark_price": 0.61599121, "iv": 128.48, "instrument_name": "BTC-26MAR21-13000-C", "index_price": 32378.28, "direction": "sell", "amount": 0.1}, {"trade_seq": 1129, "trade_id": "121805890", "timestamp": 1611609736688, "tick_direction": 0, "price": 0.618, "mark_price": 0.61784201, "iv": 133.77, "instrument_name": "BTC-26MAR21-13000-C", "index_price": 32567.91, "direction": "sell", "amount": 0.1}, {"trade_seq": 1128, "trade_id": "121476650", "timestamp": 1611506441899, "tick_direction": 3, "price": 0.601, "mark_price": 0.60829751, "iv": 0.0, "instrument_name": "BTC-26MAR21-13000-C", "index_price": 31849.99, "direction": "sell", "amount": 0.8}, {"trade_seq": 1127, "trade_id": "121476649", "timestamp": 1611506441899, "tick_direction": 2, "price": 0.601, "mark_price": 0.60829751, "iv": 0.0, "instrument_name": "BTC-26MAR21-13000-C", "index_price": 31849.99, "direction": "sell", "amount": 0.1}, {"trade_seq": 1126, "trade_id": "121240705", "timestamp": 1611402298555, "tick_direction": 2, "price": 0.606, "mark_price": 0.60978931, "iv": 116.65, "instrument_name": "BTC-26MAR21-13000-C", "index_price": 31829.62, "direction": "sell", "amount": 45.0}, {"trade_seq": 1125, "trade_id": "120796264", "timestamp": 1611293428764, "tick_direction": 1, "price": 0.608, "mark_price": 0.60943546, "iv": 136.69, "instrument_name": "BTC-26MAR21-13000-C", "index_price": 31617.24, "direction": "buy", "amount": 1.5}, {"trade_seq": 1124, "trade_id": "120796251", "timestamp": 1611293428602, "tick_direction": 1, "price": 0.608, "mark_price": 0.60943546, "iv": 136.69, "instrument_name": "BTC-26MAR21-13000-C", "index_price": 31617.24, "direction": "buy", "amount": 0.2}, {"trade_seq": 1123, "trade_id": "120796238", "timestamp": 1611293428409, "tick_direction": 1, "price": 0.608, "mark_price": 0.60943546, "iv": 136.69, "instrument_name": "BTC-26MAR21-13000-C", "index_price": 31617.24, "direction": "buy", "amount": 0.2}, {"trade_seq": 1122, "trade_id": "120796144", "timestamp": 1611293424298, "tick_direction": 0, "price": 0.608, "mark_price": 0.60921922, "iv": 137.48, "instrument_name": "BTC-26MAR21-13000-C", "index_price": 31594.82, "direction": "buy", "amount": 8.1}, {"trade_seq": 1121, "trade_id": "120689361", "timestamp": 1611275946091, "tick_direction": 2, "price": 0.572, "mark_price": 0.58025363, "iv": 106.18, "instrument_name": "BTC-26MAR21-13000-C", "index_price": 29420.52, "direction": "sell", "amount": 0.1}, {"trade_seq": 1120, "trade_id": "120676174", "timestamp": 1611275274387, "tick_direction": 1, "price": 0.582, "mark_price": 0.58008108, "iv": 143.14, "instrument_name": "BTC-26MAR21-13000-C", "index_price": 29459.17, "direction": "sell", "amount": 0.1}, {"trade_seq": 1119, "trade_id": "120673081", "timestamp": 1611275218509, "tick_direction": 0, "price": 0.582, "mark_price": 0.5817933, "iv": 139.82, "instrument_name": "BTC-26MAR21-13000-C", "index_price": 29557.68, "direction": "sell", "amount": 0.1}, {"trade_seq": 1118, "trade_id": "120671646", "timestamp": 1611275184252, "tick_direction": 2, "price": 0.5815, "mark_price": 0.58154295, "iv": 139.08, "instrument_name": "BTC-26MAR21-13000-C", "index_price": 29580.36, "direction": "sell", "amount": 0.1}, {"trade_seq": 1117, "trade_id": "120671112", "timestamp": 1611275167387, "tick_direction": 2, "price": 0.5835, "mark_price": 0.58388768, "iv": 138.14, "instrument_name": "BTC-26MAR21-13000-C", "index_price": 29734.58, "direction": "sell", "amount": 0.1}, {"trade_seq": 1116, "trade_id": "120411298", "timestamp": 1611239613431, "tick_direction": 1, "price": 0.609, "mark_price": 0.6082892, "iv": 145.12, "instrument_name": "BTC-26MAR21-13000-C", "index_price": 31558.53, "direction": "sell", "amount": 0.1}, {"trade_seq": 1115, "trade_id": "120411232", "timestamp": 1611239605403, "tick_direction": 1, "price": 0.609, "mark_price": 0.60839331, "iv": 144.79, "instrument_name": "BTC-26MAR21-13000-C", "index_price": 31568.41, "direction": "sell", "amount": 0.1}, {"trade_seq": 1114, "trade_id": "120411077", "timestamp": 1611239596936, "tick_direction": 0, "price": 0.609, "mark_price": 0.60909067, "iv": 143.09, "instrument_name": "BTC-26MAR21-13000-C", "index_price": 31613.59, "direction": "sell", "amount": 0.1}, {"trade_seq": 1113, "trade_id": "120354130", "timestamp": 1611231165463, "tick_direction": 1, "price": 0.608, "mark_price": 0.6070204, "iv": 144.77, "instrument_name": "BTC-26MAR21-13000-C", "index_price": 31575.48, "direction": "sell", "amount": 0.1}, {"trade_seq": 1112, "trade_id": "120353692", "timestamp": 1611231148199, "tick_direction": 0, "price": 0.608, "mark_price": 0.60847039, "iv": 140.42, "instrument_name": "BTC-26MAR21-13000-C", "index_price": 31672.6, "direction": "sell", "amount": 0.1}, {"trade_seq": 1111, "trade_id": "120352373", "timestamp": 1611231055999, "tick_direction": 3, "price": 0.6075, "mark_price": 0.60759458, "iv": 141.43, "instrument_name": "BTC-26MAR21-13000-C", "index_price": 31584.09, "direction": "sell", "amount": 0.1}, {"trade_seq": 1110, "trade_id": "120352118", "timestamp": 1611231035361, "tick_direction": 2, "price": 0.6075, "mark_price": 0.60653166, "iv": 144.76, "instrument_name": "BTC-26MAR21-13000-C", "index_price": 31498.59, "direction": "sell", "amount": 0.1}, {"trade_seq": 1109, "trade_id": "120351650", "timestamp": 1611230996388, "tick_direction": 2, "price": 0.609, "mark_price": 0.60708551, "iv": 147.56, "instrument_name": "BTC-26MAR21-13000-C", "index_price": 31534.05, "direction": "sell", "amount": 0.1}, {"trade_seq": 1108, "trade_id": "120351201", "timestamp": 1611230966666, "tick_direction": 3, "price": 0.61, "mark_price": 0.60803891, "iv": 147.77, "instrument_name": "BTC-26MAR21-13000-C", "index_price": 31596.11, "direction": "sell", "amount": 0.1}, {"trade_seq": 1107, "trade_id": "120351198", "timestamp": 1611230966543, "tick_direction": 3, "price": 0.61, "mark_price": 0.60803891, "iv": 147.77, "instrument_name": "BTC-26MAR21-13000-C", "index_price": 31596.11, "direction": "sell", "amount": 0.1}, {"trade_seq": 1106, "trade_id": "120351084", "timestamp": 1611230958470, "tick_direction": 2, "price": 0.61, "mark_price": 0.60817835, "iv": 147.41, "instrument_name": "BTC-26MAR21-13000-C", "index_price": 31622.02, "direction": "sell", "amount": 0.1}, {"trade_seq": 1105, "trade_id": "120350370", "timestamp": 1611230932518, "tick_direction": 0, "price": 0.6105, "mark_price": 0.60754186, "iv": 150.7, "instrument_name": "BTC-26MAR21-13000-C", "index_price": 31568.03, "direction": "sell", "amount": 0.1}, {"trade_seq": 1104, "trade_id": "120349001", "timestamp": 1611230874367, "tick_direction": 2, "price": 0.6095, "mark_price": 0.60982758, "iv": 141.85, "instrument_name": "BTC-26MAR21-13000-C", "index_price": 31729.4, "direction": "sell", "amount": 0.1}, {"trade_seq": 1103, "trade_id": "120348336", "timestamp": 1611230826754, "tick_direction": 3, "price": 0.61, "mark_price": 0.61002582, "iv": 142.41, "instrument_name": "BTC-26MAR21-13000-C", "index_price": 31766.29, "direction": "sell", "amount": 0.1}, {"trade_seq": 1102, "trade_id": "120348272", "timestamp": 1611230821033, "tick_direction": 2, "price": 0.61, "mark_price": 0.60988798, "iv": 142.38, "instrument_name": "BTC-26MAR21-13000-C", "index_price": 31760.79, "direction": "sell", "amount": 0.1}, {"trade_seq": 1101, "trade_id": "120344491", "timestamp": 1611230662976, "tick_direction": 1, "price": 0.6145, "mark_price": 0.61362031, "iv": 145.36, "instrument_name": "BTC-26MAR21-13000-C", "index_price": 32058.02, "direction": "sell", "amount": 0.1}, {"trade_seq": 1100, "trade_id": "120344479", "timestamp": 1611230661848, "tick_direction": 1, "price": 0.6145, "mark_price": 0.61379068, "iv": 144.81, "instrument_name": "BTC-26MAR21-13000-C", "index_price": 32072.79, "direction": "sell", "amount": 0.1}, {"trade_seq": 1099, "trade_id": "120344417", "timestamp": 1611230656418, "tick_direction": 1, "price": 0.6145, "mark_price": 0.61332949, "iv": 146.15, "instrument_name": "BTC-26MAR21-13000-C", "index_price": 32035.24, "direction": "sell", "amount": 0.1}, {"trade_seq": 1098, "trade_id": "120344411", "timestamp": 1611230656037, "tick_direction": 1, "price": 0.6145, "mark_price": 0.61332949, "iv": 146.28, "instrument_name": "BTC-26MAR21-13000-C", "index_price": 32031.07, "direction": "sell", "amount": 0.1}, {"trade_seq": 1097, "trade_id": "120344195", "timestamp": 1611230635351, "tick_direction": 1, "price": 0.6145, "mark_price": 0.61287562, "iv": 147.68, "instrument_name": "BTC-26MAR21-13000-C", "index_price": 31998.54, "direction": "sell", "amount": 0.1}, {"trade_seq": 1096, "trade_id": "120344194", "timestamp": 1611230635351, "tick_direction": 0, "price": 0.6145, "mark_price": 0.61287562, "iv": 147.68, "instrument_name": "BTC-26MAR21-13000-C", "index_price": 31998.54, "direction": "sell", "amount": 0.1}, {"trade_seq": 1095, "trade_id": "120344049", "timestamp": 1611230629217, "tick_direction": 3, "price": 0.614, "mark_price": 0.6129833, "iv": 145.77, "instrument_name": "BTC-26MAR21-13000-C", "index_price": 32007.17, "direction": "sell", "amount": 0.1}, {"trade_seq": 1094, "trade_id": "120344043", "timestamp": 1611230629089, "tick_direction": 3, "price": 0.614, "mark_price": 0.6129833, "iv": 145.77, "instrument_name": "BTC-26MAR21-13000-C", "index_price": 32007.17, "direction": "sell", "amount": 0.1}, {"trade_seq": 1093, "trade_id": "120343834", "timestamp": 1611230618815, "tick_direction": 3, "price": 0.614, "mark_price": 0.61376565, "iv": 143.28, "instrument_name": "BTC-26MAR21-13000-C", "index_price": 32074.09, "direction": "sell", "amount": 0.1}, {"trade_seq": 1092, "trade_id": "120343831", "timestamp": 1611230618554, "tick_direction": 2, "price": 0.614, "mark_price": 0.61376565, "iv": 143.28, "instrument_name": "BTC-26MAR21-13000-C", "index_price": 32074.09, "direction": "sell", "amount": 0.1}, {"trade_seq": 1091, "trade_id": "120300560", "timestamp": 1611223975671, "tick_direction": 3, "price": 0.618, "mark_price": 0.61710258, "iv": 143.87, "instrument_name": "BTC-26MAR21-13000-C", "index_price": 32427.87, "direction": "sell", "amount": 0.1}, {"trade_seq": 1090, "trade_id": "120300551", "timestamp": 1611223973040, "tick_direction": 3, "price": 0.618, "mark_price": 0.61715897, "iv": 143.47, "instrument_name": "BTC-26MAR21-13000-C", "index_price": 32443.1, "direction": "sell", "amount": 0.1}, {"trade_seq": 1089, "trade_id": "120300506", "timestamp": 1611223971529, "tick_direction": 2, "price": 0.618, "mark_price": 0.61724339, "iv": 143.45, "instrument_name": "BTC-26MAR21-13000-C", "index_price": 32441.2, "direction": "sell", "amount": 0.1}, {"trade_seq": 1088, "trade_id": "120031168", "timestamp": 1611158525762, "tick_direction": 3, "price": 0.6345, "mark_price": 0.6344673, "iv": 148.54, "instrument_name": "BTC-26MAR21-13000-C", "index_price": 33685.74, "direction": "sell", "amount": 0.1}, {"trade_seq": 1087, "trade_id": "120031107", "timestamp": 1611158523590, "tick_direction": 2, "price": 0.6345, "mark_price": 0.63476867, "iv": 147.48, "instrument_name": "BTC-26MAR21-13000-C", "index_price": 33743.95, "direction": "sell", "amount": 0.1}, {"trade_seq": 1086, "trade_id": "119777286", "timestamp": 1611100864760, "tick_direction": 0, "price": 0.6575, "mark_price": 0.65740427, "iv": 151.41, "instrument_name": "BTC-26MAR21-13000-C", "index_price": 35681.37, "direction": "sell", "amount": 0.1}, {"trade_seq": 1085, "trade_id": "118500490", "timestamp": 1610726659006, "tick_direction": 2, "price": 0.6565, "mark_price": 0.65633202, "iv": 155.8, "instrument_name": "BTC-26MAR21-13000-C", "index_price": 34948.69, "direction": "sell", "amount": 0.1}, {"trade_seq": 1084, "trade_id": "118499522", "timestamp": 1610726624338, "tick_direction": 2, "price": 0.657, "mark_price": 0.6566479, "iv": 156.1, "instrument_name": "BTC-26MAR21-13000-C", "index_price": 34951.52, "direction": "sell", "amount": 0.1}, {"trade_seq": 1083, "trade_id": "118489551", "timestamp": 1610726135529, "tick_direction": 1, "price": 0.663, "mark_price": 0.66052913, "iv": 163.0, "instrument_name": "BTC-26MAR21-13000-C", "index_price": 35353.1, "direction": "sell", "amount": 0.1}, {"trade_seq": 1082, "trade_id": "118488899", "timestamp": 1610726117753, "tick_direction": 1, "price": 0.663, "mark_price": 0.66111068, "iv": 161.25, "instrument_name": "BTC-26MAR21-13000-C", "index_price": 35428.94, "direction": "sell", "amount": 0.1}, {"trade_seq": 1081, "trade_id": "118488845", "timestamp": 1610726111017, "tick_direction": 1, "price": 0.663, "mark_price": 0.6611965, "iv": 160.99, "instrument_name": "BTC-26MAR21-13000-C", "index_price": 35439.3, "direction": "sell", "amount": 0.1}, {"trade_seq": 1080, "trade_id": "118488787", "timestamp": 1610726107326, "tick_direction": 0, "price": 0.663, "mark_price": 0.66136761, "iv": 160.45, "instrument_name": "BTC-26MAR21-13000-C", "index_price": 35459.21, "direction": "sell", "amount": 0.1}, {"trade_seq": 1079, "trade_id": "118488666", "timestamp": 1610726102939, "tick_direction": 2, "price": 0.6625, "mark_price": 0.66172975, "iv": 157.65, "instrument_name": "BTC-26MAR21-13000-C", "index_price": 35498.71, "direction": "sell", "amount": 0.1}, {"trade_seq": 1078, "trade_id": "118488618", "timestamp": 1610726095754, "tick_direction": 2, "price": 0.663, "mark_price": 0.66178733, "iv": 159.12, "instrument_name": "BTC-26MAR21-13000-C", "index_price": 35511.46, "direction": "sell", "amount": 0.1}, {"trade_seq": 1077, "trade_id": "118229940", "timestamp": 1610659173370, "tick_direction": 1, "price": 0.688, "mark_price": 0.68580084, "iv": 165.22, "instrument_name": "BTC-26MAR21-13000-C", "index_price": 38602.08, "direction": "sell", "amount": 0.1}, {"trade_seq": 1076, "trade_id": "118229829", "timestamp": 1610659171950, "tick_direction": 1, "price": 0.688, "mark_price": 0.68595228, "iv": 164.68, "instrument_name": "BTC-26MAR21-13000-C", "index_price": 38621.15, "direction": "sell", "amount": 0.1}, {"trade_seq": 1075, "trade_id": "118229771", "timestamp": 1610659165300, "tick_direction": 1, "price": 0.688, "mark_price": 0.68608005, "iv": 164.22, "instrument_name": "BTC-26MAR21-13000-C", "index_price": 38640.7, "direction": "sell", "amount": 0.1}, {"trade_seq": 1074, "trade_id": "118229764", "timestamp": 1610659165277, "tick_direction": 1, "price": 0.688, "mark_price": 0.68608005, "iv": 164.22, "instrument_name": "BTC-26MAR21-13000-C", "index_price": 38640.7, "direction": "sell", "amount": 0.1}, {"trade_seq": 1073, "trade_id": "118229709", "timestamp": 1610659163933, "tick_direction": 0, "price": 0.688, "mark_price": 0.68616848, "iv": 163.9, "instrument_name": "BTC-26MAR21-13000-C", "index_price": 38647.92, "direction": "sell", "amount": 0.1}, {"trade_seq": 1072, "trade_id": "118229558", "timestamp": 1610659159731, "tick_direction": 2, "price": 0.6875, "mark_price": 0.68682294, "iv": 159.86, "instrument_name": "BTC-26MAR21-13000-C", "index_price": 38681.66, "direction": "sell", "amount": 0.1}, {"trade_seq": 1071, "trade_id": "118229400", "timestamp": 1610659156189, "tick_direction": 1, "price": 0.688, "mark_price": 0.68692178, "iv": 161.07, "instrument_name": "BTC-26MAR21-13000-C", "index_price": 38737.57, "direction": "sell", "amount": 0.1}, {"trade_seq": 1070, "trade_id": "118229383", "timestamp": 1610659153817, "tick_direction": 0, "price": 0.688, "mark_price": 0.68695452, "iv": 161.04, "instrument_name": "BTC-26MAR21-13000-C", "index_price": 38740.06, "direction": "sell", "amount": 0.1}, {"trade_seq": 1069, "trade_id": "117927213", "timestamp": 1610576609419, "tick_direction": 0, "price": 0.6735, "mark_price": 0.67508297, "iv": 145.58, "instrument_name": "BTC-26MAR21-13000-C", "index_price": 37518.37, "direction": "buy", "amount": 1.5}, {"trade_seq": 1068, "trade_id": "117924741", "timestamp": 1610576078944, "tick_direction": 2, "price": 0.6715, "mark_price": 0.67320181, "iv": 145.22, "instrument_name": "BTC-26MAR21-13000-C", "index_price": 37271.39, "direction": "buy", "amount": 1.0}, {"trade_seq": 1067, "trade_id": "117924641", "timestamp": 1610576069650, "tick_direction": 1, "price": 0.673, "mark_price": 0.67337836, "iv": 150.81, "instrument_name": "BTC-26MAR21-13000-C", "index_price": 37295.72, "direction": "buy", "amount": 0.2}, {"trade_seq": 1066, "trade_id": "117924640", "timestamp": 1610576069593, "tick_direction": 1, "price": 0.673, "mark_price": 0.67337836, "iv": 150.81, "instrument_name": "BTC-26MAR21-13000-C", "index_price": 37295.72, "direction": "buy", "amount": 0.4}, {"trade_seq": 1065, "trade_id": "117924605", "timestamp": 1610576058510, "tick_direction": 1, "price": 0.673, "mark_price": 0.67340957, "iv": 150.62, "instrument_name": "BTC-26MAR21-13000-C", "index_price": 37305.66, "direction": "buy", "amount": 0.1}, {"trade_seq": 1064, "trade_id": "117924604", "timestamp": 1610576058375, "tick_direction": 0, "price": 0.673, "mark_price": 0.67340957, "iv": 150.62, "instrument_name": "BTC-26MAR21-13000-C", "index_price": 37305.66, "direction": "buy", "amount": 0.3}, {"trade_seq": 1063, "trade_id": "117372198", "timestamp": 1610461472928, "tick_direction": 2, "price": 0.638, "mark_price": 0.63798533, "iv": 151.17, "instrument_name": "BTC-26MAR21-13000-C", "index_price": 33267.55, "direction": "sell", "amount": 0.1}, {"trade_seq": 1062, "trade_id": "117372035", "timestamp": 1610461462860, "tick_direction": 2, "price": 0.6385, "mark_price": 0.63897138, "iv": 149.71, "instrument_name": "BTC-26MAR21-13000-C", "index_price": 33347.74, "direction": "sell", "amount": 0.1}, {"trade_seq": 1061, "trade_id": "117349716", "timestamp": 1610458991481, "tick_direction": 0, "price": 0.6455, "mark_price": 0.64456828, "iv": 151.8, "instrument_name": "BTC-26MAR21-13000-C", "index_price": 33954.95, "direction": "sell", "amount": 0.1}, {"trade_seq": 1060, "trade_id": "117348985", "timestamp": 1610458925775, "tick_direction": 2, "price": 0.6445, "mark_price": 0.64402347, "iv": 149.72, "instrument_name": "BTC-26MAR21-13000-C", "index_price": 33932.64, "direction": "sell", "amount": 0.1}, {"trade_seq": 1059, "trade_id": "115584251", "timestamp": 1610208954733, "tick_direction": 2, "price": 0.6955, "mark_price": 0.69465402, "iv": 148.08, "instrument_name": "BTC-26MAR21-13000-C", "index_price": 40474.57, "direction": "sell", "amount": 0.1}, {"trade_seq": 1058, "trade_id": "115073851", "timestamp": 1610118154090, "tick_direction": 0, "price": 0.7065, "mark_price": 0.70678495, "iv": 133.05, "instrument_name": "BTC-26MAR21-13000-C", "index_price": 41804.63, "direction": "buy", "amount": 2.0}, {"trade_seq": 1057, "trade_id": "114791745", "timestamp": 1610073536450, "tick_direction": 0, "price": 0.67, "mark_price": 0.66755722, "iv": 139.05, "instrument_name": "BTC-26MAR21-13000-C", "index_price": 37148.31, "direction": "sell", "amount": 0.5}, {"trade_seq": 1056, "trade_id": "114596544", "timestamp": 1610046015429, "tick_direction": 2, "price": 0.6695, "mark_price": 0.68397382, "iv": 0.0, "instrument_name": "BTC-26MAR21-13000-C", "index_price": 38875.5, "direction": "buy", "amount": 3.0}, {"trade_seq": 1055, "trade_id": "114570073", "timestamp": 1610045177102, "tick_direction": 2, "price": 0.675, "mark_price": 0.67316957, "iv": 143.75, "instrument_name": "BTC-26MAR21-13000-C", "index_price": 37408.95, "direction": "sell", "amount": 0.1}, {"trade_seq": 1054, "trade_id": "114537218", "timestamp": 1610043836675, "tick_direction": 0, "price": 0.681, "mark_price": 0.68378612, "iv": 118.53, "instrument_name": "BTC-26MAR21-13000-C", "index_price": 38790.19, "direction": "buy", "amount": 0.2}, {"trade_seq": 1053, "trade_id": "114479533", "timestamp": 1610036615976, "tick_direction": 0, "price": 0.6785, "mark_price": 0.68611495, "iv": 0.0, "instrument_name": "BTC-26MAR21-13000-C", "index_price": 39264.86, "direction": "sell", "amount": 0.3}, {"trade_seq": 1052, "trade_id": "114441340", "timestamp": 1610030827855, "tick_direction": 2, "price": 0.673, "mark_price": 0.67791036, "iv": 0.0, "instrument_name": "BTC-26MAR21-13000-C", "index_price": 38270.56, "direction": "buy", "amount": 0.1}, {"trade_seq": 1051, "trade_id": "114417897", "timestamp": 1610025765242, "tick_direction": 1, "price": 0.68, "mark_price": 0.67971391, "iv": 129.73, "instrument_name": "BTC-26MAR21-13000-C", "index_price": 38480.65, "direction": "buy", "amount": 19.9}, {"trade_seq": 1050, "trade_id": "114417854", "timestamp": 1610025757354, "tick_direction": 0, "price": 0.68, "mark_price": 0.67978676, "iv": 129.32, "instrument_name": "BTC-26MAR21-13000-C", "index_price": 38488.99, "direction": "buy", "amount": 30.0}, {"trade_seq": 1049, "trade_id": "114194215", "timestamp": 1609968623268, "tick_direction": 0, "price": 0.6615, "mark_price": 0.65999589, "iv": 131.17, "instrument_name": "BTC-26MAR21-13000-C", "index_price": 36098.94, "direction": "buy", "amount": 0.1}, {"trade_seq": 1048, "trade_id": "113951164", "timestamp": 1609919453526, "tick_direction": 0, "price": 0.646, "mark_price": 0.64596637, "iv": 118.37, "instrument_name": "BTC-26MAR21-13000-C", "index_price": 34682.69, "direction": "buy", "amount": 50.0}, {"trade_seq": 1047, "trade_id": "113762765", "timestamp": 1609876791404, "tick_direction": 2, "price": 0.6345, "mark_price": 0.63473925, "iv": 115.67, "instrument_name": "BTC-26MAR21-13000-C", "index_price": 33843.41, "direction": "buy", "amount": 22.5}, {"trade_seq": 1046, "trade_id": "113758056", "timestamp": 1609876100386, "tick_direction": 1, "price": 0.635, "mark_price": 0.6358058, "iv": 112.45, "instrument_name": "BTC-26MAR21-13000-C", "index_price": 34002.3, "direction": "buy", "amount": 0.2}, {"trade_seq": 1045, "trade_id": "113758052", "timestamp": 1609876100061, "tick_direction": 1, "price": 0.635, "mark_price": 0.6358058, "iv": 112.45, "instrument_name": "BTC-26MAR21-13000-C", "index_price": 34002.3, "direction": "buy", "amount": 0.2}, {"trade_seq": 1044, "trade_id": "113758049", "timestamp": 1609876099907, "tick_direction": 1, "price": 0.635, "mark_price": 0.6358058, "iv": 112.45, "instrument_name": "BTC-26MAR21-13000-C", "index_price": 34002.3, "direction": "buy", "amount": 0.1}, {"trade_seq": 1043, "trade_id": "113746630", "timestamp": 1609874962260, "tick_direction": 1, "price": 0.635, "mark_price": 0.63586537, "iv": 112.93, "instrument_name": "BTC-26MAR21-13000-C", "index_price": 33974.23, "direction": "buy", "amount": 0.1}, {"trade_seq": 1042, "trade_id": "113746625", "timestamp": 1609874962136, "tick_direction": 1, "price": 0.635, "mark_price": 0.63581155, "iv": 112.93, "instrument_name": "BTC-26MAR21-13000-C", "index_price": 33974.23, "direction": "buy", "amount": 0.4}, {"trade_seq": 1041, "trade_id": "113746622", "timestamp": 1609874961957, "tick_direction": 1, "price": 0.635, "mark_price": 0.63581155, "iv": 112.93, "instrument_name": "BTC-26MAR21-13000-C", "index_price": 33974.23, "direction": "buy", "amount": 0.1}, {"trade_seq": 1040, "trade_id": "113746621", "timestamp": 1609874961930, "tick_direction": 1, "price": 0.635, "mark_price": 0.63581155, "iv": 112.93, "instrument_name": "BTC-26MAR21-13000-C", "index_price": 33974.23, "direction": "buy", "amount": 0.1}, {"trade_seq": 1039, "trade_id": "113746613", "timestamp": 1609874961636, "tick_direction": 1, "price": 0.635, "mark_price": 0.63581155, "iv": 112.93, "instrument_name": "BTC-26MAR21-13000-C", "index_price": 33974.23, "direction": "buy", "amount": 0.2}, {"trade_seq": 1038, "trade_id": "113746607", "timestamp": 1609874961484, "tick_direction": 0, "price": 0.635, "mark_price": 0.63581155, "iv": 112.95, "instrument_name": "BTC-26MAR21-13000-C", "index_price": 33974.23, "direction": "buy", "amount": 0.1}, {"trade_seq": 1037, "trade_id": "113745744", "timestamp": 1609874882084, "tick_direction": 1, "price": 0.634, "mark_price": 0.63490123, "iv": 112.75, "instrument_name": "BTC-26MAR21-13000-C", "index_price": 33908.55, "direction": "buy", "amount": 7.1}, {"trade_seq": 1036, "trade_id": "113745742", "timestamp": 1609874881824, "tick_direction": 1, "price": 0.634, "mark_price": 0.63489509, "iv": 112.79, "instrument_name": "BTC-26MAR21-13000-C", "index_price": 33904.27, "direction": "buy", "amount": 0.1}, {"trade_seq": 1035, "trade_id": "113745739", "timestamp": 1609874881693, "tick_direction": 1, "price": 0.634, "mark_price": 0.63489509, "iv": 112.79, "instrument_name": "BTC-26MAR21-13000-C", "index_price": 33904.27, "direction": "buy", "amount": 0.1}, {"trade_seq": 1034, "trade_id": "113745737", "timestamp": 1609874881538, "tick_direction": 0, "price": 0.634, "mark_price": 0.63489509, "iv": 112.79, "instrument_name": "BTC-26MAR21-13000-C", "index_price": 33904.27, "direction": "buy", "amount": 0.1}, {"trade_seq": 1033, "trade_id": "113745220", "timestamp": 1609874841263, "tick_direction": 0, "price": 0.633, "mark_price": 0.6337899, "iv": 113.41, "instrument_name": "BTC-26MAR21-13000-C", "index_price": 33820.92, "direction": "buy", "amount": 0.1}, {"trade_seq": 1032, "trade_id": "113723766", "timestamp": 1609870208676, "tick_direction": 1, "price": 0.6245, "mark_price": 0.62516274, "iv": 112.75, "instrument_name": "BTC-26MAR21-13000-C", "index_price": 32990.16, "direction": "buy", "amount": 0.3}, {"trade_seq": 1031, "trade_id": "113723717", "timestamp": 1609870207256, "tick_direction": 0, "price": 0.6245, "mark_price": 0.62505629, "iv": 113.42, "instrument_name": "BTC-26MAR21-13000-C", "index_price": 32988.41, "direction": "buy", "amount": 0.2}, {"trade_seq": 1030, "trade_id": "113708487", "timestamp": 1609865364447, "tick_direction": 2, "price": 0.618, "mark_price": 0.61844869, "iv": 113.19, "instrument_name": "BTC-26MAR21-13000-C", "index_price": 32400.96, "direction": "buy", "amount": 0.1}, {"trade_seq": 1029, "trade_id": "113708173", "timestamp": 1609865254628, "tick_direction": 2, "price": 0.6185, "mark_price": 0.619296, "iv": 111.96, "instrument_name": "BTC-26MAR21-13000-C", "index_price": 32460.43, "direction": "buy", "amount": 0.1}, {"trade_seq": 1028, "trade_id": "113705442", "timestamp": 1609864670642, "tick_direction": 0, "price": 0.6205, "mark_price": 0.621128, "iv": 113.59, "instrument_name": "BTC-26MAR21-13000-C", "index_price": 32598.52, "direction": "buy", "amount": 0.1}, {"trade_seq": 1027, "trade_id": "113705248", "timestamp": 1609864655401, "tick_direction": 2, "price": 0.6195, "mark_price": 0.62020932, "iv": 113.24, "instrument_name": "BTC-26MAR21-13000-C", "index_price": 32528.96, "direction": "buy", "amount": 0.3}, {"trade_seq": 1026, "trade_id": "113702193", "timestamp": 1609863929330, "tick_direction": 1, "price": 0.6215, "mark_price": 0.62240059, "iv": 112.75, "instrument_name": "BTC-26MAR21-13000-C", "index_price": 32701.42, "direction": "buy", "amount": 0.1}, {"trade_seq": 1025, "trade_id": "113702179", "timestamp": 1609863928937, "tick_direction": 0, "price": 0.6215, "mark_price": 0.62240059, "iv": 112.75, "instrument_name": "BTC-26MAR21-13000-C", "index_price": 32701.42, "direction": "buy", "amount": 7.5}, {"trade_seq": 1024, "trade_id": "113701542", "timestamp": 1609863840219, "tick_direction": 0, "price": 0.6205, "mark_price": 0.6212889, "iv": 113.22, "instrument_name": "BTC-26MAR21-13000-C", "index_price": 32615.78, "direction": "buy", "amount": 0.2}, {"trade_seq": 1023, "trade_id": "113699380", "timestamp": 1609863498826, "tick_direction": 1, "price": 0.6195, "mark_price": 0.62010184, "iv": 112.92, "instrument_name": "BTC-26MAR21-13000-C", "index_price": 32534.63, "direction": "buy", "amount": 0.2}, {"trade_seq": 1022, "trade_id": "113699374", "timestamp": 1609863498619, "tick_direction": 0, "price": 0.6195, "mark_price": 0.62010184, "iv": 112.92, "instrument_name": "BTC-26MAR21-13000-C", "index_price": 32534.63, "direction": "buy", "amount": 0.2}, {"trade_seq": 1021, "trade_id": "113682025", "timestamp": 1609858766165, "tick_direction": 1, "price": 0.6175, "mark_price": 0.61825634, "iv": 113.18, "instrument_name": "BTC-26MAR21-13000-C", "index_price": 32335.2, "direction": "buy", "amount": 0.3}, {"trade_seq": 1020, "trade_id": "113682017", "timestamp": 1609858765750, "tick_direction": 1, "price": 0.6175, "mark_price": 0.61818067, "iv": 113.18, "instrument_name": "BTC-26MAR21-13000-C", "index_price": 32335.2, "direction": "buy", "amount": 0.3}, {"trade_seq": 1019, "trade_id": "113682008", "timestamp": 1609858765284, "tick_direction": 0, "price": 0.6175, "mark_price": 0.61818067, "iv": 113.13, "instrument_name": "BTC-26MAR21-13000-C", "index_price": 32333.7, "direction": "buy", "amount": 0.1}, {"trade_seq": 1018, "trade_id": "113681637", "timestamp": 1609858743598, "tick_direction": 0, "price": 0.6165, "mark_price": 0.61726535, "iv": 113.05, "instrument_name": "BTC-26MAR21-13000-C", "index_price": 32250.81, "direction": "buy", "amount": 0.1}, {"trade_seq": 1017, "trade_id": "113676862", "timestamp": 1609857911179, "tick_direction": 0, "price": 0.6135, "mark_price": 0.61416241, "iv": 113.08, "instrument_name": "BTC-26MAR21-13000-C", "index_price": 31969.81, "direction": "buy", "amount": 0.5}, {"trade_seq": 1016, "trade_id": "113676138", "timestamp": 1609857847000, "tick_direction": 0, "price": 0.6125, "mark_price": 0.61287706, "iv": 113.34, "instrument_name": "BTC-26MAR21-13000-C", "index_price": 31901.53, "direction": "buy", "amount": 0.1}, {"trade_seq": 1015, "trade_id": "113674415", "timestamp": 1609857463712, "tick_direction": 3, "price": 0.6085, "mark_price": 0.60898703, "iv": 113.83, "instrument_name": "BTC-26MAR21-13000-C", "index_price": 31567.78, "direction": "buy", "amount": 0.1}, {"trade_seq": 1014, "trade_id": "113674414", "timestamp": 1609857463570, "tick_direction": 2, "price": 0.6085, "mark_price": 0.60898703, "iv": 113.83, "instrument_name": "BTC-26MAR21-13000-C", "index_price": 31567.78, "direction": "buy", "amount": 0.1}, {"trade_seq": 1013, "trade_id": "113659745", "timestamp": 1609852518318, "tick_direction": 0, "price": 0.6125, "mark_price": 0.61331297, "iv": 113.04, "instrument_name": "BTC-26MAR21-13000-C", "index_price": 31913.89, "direction": "buy", "amount": 7.8}, {"trade_seq": 1012, "trade_id": "113375319", "timestamp": 1609778340654, "tick_direction": 0, "price": 0.6, "mark_price": 0.5992412, "iv": 115.44, "instrument_name": "BTC-26MAR21-13000-C", "index_price": 30745.58, "direction": "buy", "amount": 38.7}, {"trade_seq": 1011, "trade_id": "113175906", "timestamp": 1609755415199, "tick_direction": 3, "price": 0.5655, "mark_price": 0.56415594, "iv": 116.46, "instrument_name": "BTC-26MAR21-13000-C", "index_price": 27955.66, "direction": "sell", "amount": 0.1}, {"trade_seq": 1010, "trade_id": "113175905", "timestamp": 1609755415199, "tick_direction": 2, "price": 0.5655, "mark_price": 0.56415594, "iv": 116.46, "instrument_name": "BTC-26MAR21-13000-C", "index_price": 27955.66, "direction": "sell", "amount": 0.1}, {"trade_seq": 1009, "trade_id": "113174931", "timestamp": 1609755406128, "tick_direction": 2, "price": 0.5665, "mark_price": 0.56516878, "iv": 116.59, "instrument_name": "BTC-26MAR21-13000-C", "index_price": 27988.76, "direction": "sell", "amount": 0.1}, {"trade_seq": 1008, "trade_id": "113174268", "timestamp": 1609755402111, "tick_direction": 2, "price": 0.5675, "mark_price": 0.58058988, "iv": 116.36, "instrument_name": "BTC-26MAR21-13000-C", "index_price": 28028.5, "direction": "sell", "amount": 0.1}, {"trade_seq": 1007, "trade_id": "113173395", "timestamp": 1609755395060, "tick_direction": 3, "price": 0.569, "mark_price": 0.58058988, "iv": 115.32, "instrument_name": "BTC-26MAR21-13000-C", "index_price": 28086.95, "direction": "sell", "amount": 0.1}, {"trade_seq": 1006, "trade_id": "113173394", "timestamp": 1609755395060, "tick_direction": 3, "price": 0.569, "mark_price": 0.58058988, "iv": 115.32, "instrument_name": "BTC-26MAR21-13000-C", "index_price": 28086.95, "direction": "sell", "amount": 0.1}, {"trade_seq": 1005, "trade_id": "113173393", "timestamp": 1609755395060, "tick_direction": 2, "price": 0.569, "mark_price": 0.58058988, "iv": 115.32, "instrument_name": "BTC-26MAR21-13000-C", "index_price": 28086.95, "direction": "sell", "amount": 0.1}, {"trade_seq": 1004, "trade_id": "113171677", "timestamp": 1609755375926, "tick_direction": 2, "price": 0.5775, "mark_price": 0.58058988, "iv": 115.37, "instrument_name": "BTC-26MAR21-13000-C", "index_price": 28687.85, "direction": "sell", "amount": 0.1}, {"trade_seq": 1003, "trade_id": "113025581", "timestamp": 1609737805991, "tick_direction": 0, "price": 0.632, "mark_price": 0.63222515, "iv": 113.38, "instrument_name": "BTC-26MAR21-13000-C", "index_price": 33347.9, "direction": "buy", "amount": 0.1}, {"trade_seq": 1002, "trade_id": "113024807", "timestamp": 1609737416212, "tick_direction": 1, "price": 0.631, "mark_price": 0.63117587, "iv": 112.65, "instrument_name": "BTC-26MAR21-13000-C", "index_price": 33281.57, "direction": "buy", "amount": 0.1}, {"trade_seq": 1001, "trade_id": "113024806", "timestamp": 1609737416027, "tick_direction": 1, "price": 0.631, "mark_price": 0.63118019, "iv": 112.65, "instrument_name": "BTC-26MAR21-13000-C", "index_price": 33281.57, "direction": "buy", "amount": 0.1}, {"trade_seq": 1000, "trade_id": "113024804", "timestamp": 1609737415845, "tick_direction": 1, "price": 0.631, "mark_price": 0.63118019, "iv": 112.65, "instrument_name": "BTC-26MAR21-13000-C", "index_price": 33281.57, "direction": "buy", "amount": 0.1}, {"trade_seq": 999, "trade_id": "113024694", "timestamp": 1609737379860, "tick_direction": 1, "price": 0.631, "mark_price": 0.63110247, "iv": 112.88, "instrument_name": "BTC-26MAR21-13000-C", "index_price": 33280.62, "direction": "buy", "amount": 0.3}, {"trade_seq": 998, "trade_id": "113024655", "timestamp": 1609737378143, "tick_direction": 0, "price": 0.631, "mark_price": 0.63108305, "iv": 112.98, "instrument_name": "BTC-26MAR21-13000-C", "index_price": 33281.46, "direction": "buy", "amount": 0.1}, {"trade_seq": 997, "trade_id": "113024441", "timestamp": 1609737247615, "tick_direction": 2, "price": 0.6305, "mark_price": 0.63003886, "iv": 115.0, "instrument_name": "BTC-26MAR21-13000-C", "index_price": 33207.22, "direction": "buy", "amount": 0.1}, {"trade_seq": 996, "trade_id": "113007125", "timestamp": 1609728855598, "tick_direction": 0, "price": 0.633, "mark_price": 0.63296922, "iv": 111.75, "instrument_name": "BTC-26MAR21-13000-C", "index_price": 33539.67, "direction": "buy", "amount": 0.1}, {"trade_seq": 995, "trade_id": "112852947", "timestamp": 1609688070222, "tick_direction": 0, "price": 0.631, "mark_price": 0.63096591, "iv": 113.41, "instrument_name": "BTC-26MAR21-13000-C", "index_price": 33360.27, "direction": "buy", "amount": 0.1}, {"trade_seq": 994, "trade_id": "112850850", "timestamp": 1609687877710, "tick_direction": 3, "price": 0.627, "mark_price": 0.62676298, "iv": 112.97, "instrument_name": "BTC-26MAR21-13000-C", "index_price": 32986.07, "direction": "buy", "amount": 0.1}, {"trade_seq": 993, "trade_id": "112850839", "timestamp": 1609687876577, "tick_direction": 2, "price": 0.627, "mark_price": 0.62673718, "iv": 113.74, "instrument_name": "BTC-26MAR21-13000-C", "index_price": 32981.56, "direction": "buy", "amount": 0.2}, {"trade_seq": 992, "trade_id": "112834802", "timestamp": 1609685864531, "tick_direction": 3, "price": 0.635, "mark_price": 0.6353819, "iv": 112.51, "instrument_name": "BTC-26MAR21-13000-C", "index_price": 33756.36, "direction": "buy", "amount": 0.2}, {"trade_seq": 991, "trade_id": "112834799", "timestamp": 1609685863962, "tick_direction": 3, "price": 0.635, "mark_price": 0.63526177, "iv": 113.13, "instrument_name": "BTC-26MAR21-13000-C", "index_price": 33744.28, "direction": "buy", "amount": 0.1}, {"trade_seq": 990, "trade_id": "112834793", "timestamp": 1609685863292, "tick_direction": 3, "price": 0.635, "mark_price": 0.63526177, "iv": 113.13, "instrument_name": "BTC-26MAR21-13000-C", "index_price": 33744.28, "direction": "buy", "amount": 0.2}, {"trade_seq": 989, "trade_id": "112834783", "timestamp": 1609685862918, "tick_direction": 3, "price": 0.635, "mark_price": 0.63514364, "iv": 113.13, "instrument_name": "BTC-26MAR21-13000-C", "index_price": 33734.31, "direction": "buy", "amount": 0.5}, {"trade_seq": 988, "trade_id": "112823862", "timestamp": 1609682619782, "tick_direction": 3, "price": 0.635, "mark_price": 0.63633142, "iv": 105.05, "instrument_name": "BTC-26MAR21-13000-C", "index_price": 33943.8, "direction": "buy", "amount": 0.4}, {"trade_seq": 987, "trade_id": "112823769", "timestamp": 1609682607642, "tick_direction": 3, "price": 0.635, "mark_price": 0.63610937, "iv": 106.35, "instrument_name": "BTC-26MAR21-13000-C", "index_price": 33915.04, "direction": "buy", "amount": 0.5}, {"trade_seq": 986, "trade_id": "112823765", "timestamp": 1609682607147, "tick_direction": 3, "price": 0.635, "mark_price": 0.63610937, "iv": 106.59, "instrument_name": "BTC-26MAR21-13000-C", "index_price": 33911.05, "direction": "buy", "amount": 1.1}, {"trade_seq": 985, "trade_id": "112822327", "timestamp": 1609682434904, "tick_direction": 3, "price": 0.635, "mark_price": 0.63574646, "iv": 109.15, "instrument_name": "BTC-26MAR21-13000-C", "index_price": 33886.7, "direction": "buy", "amount": 0.1}, {"trade_seq": 984, "trade_id": "112822326", "timestamp": 1609682434620, "tick_direction": 3, "price": 0.635, "mark_price": 0.63576237, "iv": 109.15, "instrument_name": "BTC-26MAR21-13000-C", "index_price": 33886.7, "direction": "buy", "amount": 0.4}, {"trade_seq": 983, "trade_id": "112822325", "timestamp": 1609682433981, "tick_direction": 3, "price": 0.635, "mark_price": 0.63576237, "iv": 109.12, "instrument_name": "BTC-26MAR21-13000-C", "index_price": 33886.46, "direction": "buy", "amount": 0.1}, {"trade_seq": 982, "trade_id": "112822323", "timestamp": 1609682433709, "tick_direction": 3, "price": 0.635, "mark_price": 0.63576237, "iv": 109.12, "instrument_name": "BTC-26MAR21-13000-C", "index_price": 33886.46, "direction": "buy", "amount": 0.2}, {"trade_seq": 981, "trade_id": "112822322", "timestamp": 1609682433393, "tick_direction": 3, "price": 0.635, "mark_price": 0.63576921, "iv": 109.06, "instrument_name": "BTC-26MAR21-13000-C", "index_price": 33886.46, "direction": "buy", "amount": 0.5}, {"trade_seq": 980, "trade_id": "112822321", "timestamp": 1609682433115, "tick_direction": 2, "price": 0.635, "mark_price": 0.63576921, "iv": 109.02, "instrument_name": "BTC-26MAR21-13000-C", "index_price": 33887.48, "direction": "buy", "amount": 1.2}, {"trade_seq": 979, "trade_id": "112797687", "timestamp": 1609673902953, "tick_direction": 3, "price": 0.638, "mark_price": 0.63806675, "iv": 112.55, "instrument_name": "BTC-26MAR21-13000-C", "index_price": 34109.12, "direction": "buy", "amount": 0.7}, {"trade_seq": 978, "trade_id": "112797655", "timestamp": 1609673901867, "tick_direction": 3, "price": 0.638, "mark_price": 0.63804549, "iv": 112.99, "instrument_name": "BTC-26MAR21-13000-C", "index_price": 34103.11, "direction": "buy", "amount": 0.4}, {"trade_seq": 977, "trade_id": "112797652", "timestamp": 1609673901735, "tick_direction": 3, "price": 0.638, "mark_price": 0.63804549, "iv": 112.99, "instrument_name": "BTC-26MAR21-13000-C", "index_price": 34103.11, "direction": "buy", "amount": 0.4}, {"trade_seq": 976, "trade_id": "112797636", "timestamp": 1609673901331, "tick_direction": 2, "price": 0.638, "mark_price": 0.63798891, "iv": 113.11, "instrument_name": "BTC-26MAR21-13000-C", "index_price": 34095.58, "direction": "buy", "amount": 0.1}, {"trade_seq": 975, "trade_id": "112795294", "timestamp": 1609672675546, "tick_direction": 1, "price": 0.639, "mark_price": 0.63897469, "iv": 114.09, "instrument_name": "BTC-26MAR21-13000-C", "index_price": 34166.04, "direction": "buy", "amount": 0.1}, {"trade_seq": 974, "trade_id": "112795291", "timestamp": 1609672670916, "tick_direction": 1, "price": 0.639, "mark_price": 0.63893584, "iv": 114.38, "instrument_name": "BTC-26MAR21-13000-C", "index_price": 34160.58, "direction": "buy", "amount": 0.1}, {"trade_seq": 973, "trade_id": "112795290", "timestamp": 1609672670806, "tick_direction": 1, "price": 0.639, "mark_price": 0.63893584, "iv": 114.38, "instrument_name": "BTC-26MAR21-13000-C", "index_price": 34160.58, "direction": "buy", "amount": 0.1}, {"trade_seq": 972, "trade_id": "112795289", "timestamp": 1609672670739, "tick_direction": 1, "price": 0.639, "mark_price": 0.63893584, "iv": 114.38, "instrument_name": "BTC-26MAR21-13000-C", "index_price": 34160.58, "direction": "buy", "amount": 0.3}, {"trade_seq": 971, "trade_id": "112795248", "timestamp": 1609672643065, "tick_direction": 0, "price": 0.639, "mark_price": 0.63873715, "iv": 115.12, "instrument_name": "BTC-26MAR21-13000-C", "index_price": 34150.99, "direction": "buy", "amount": 0.1}, {"trade_seq": 970, "trade_id": "112793206", "timestamp": 1609672002932, "tick_direction": 0, "price": 0.6385, "mark_price": 0.63822582, "iv": 114.22, "instrument_name": "BTC-26MAR21-13000-C", "index_price": 34091.11, "direction": "buy", "amount": 0.1}, {"trade_seq": 969, "trade_id": "112792762", "timestamp": 1609671856130, "tick_direction": 1, "price": 0.638, "mark_price": 0.6382351, "iv": 112.25, "instrument_name": "BTC-26MAR21-13000-C", "index_price": 34058.02, "direction": "buy", "amount": 0.1}, {"trade_seq": 968, "trade_id": "112792761", "timestamp": 1609671855891, "tick_direction": 0, "price": 0.638, "mark_price": 0.6382351, "iv": 112.25, "instrument_name": "BTC-26MAR21-13000-C", "index_price": 34058.02, "direction": "buy", "amount": 0.1}, {"trade_seq": 967, "trade_id": "112792149", "timestamp": 1609671736876, "tick_direction": 1, "price": 0.637, "mark_price": 0.63713739, "iv": 113.02, "instrument_name": "BTC-26MAR21-13000-C", "index_price": 33965.81, "direction": "buy", "amount": 0.3}, {"trade_seq": 966, "trade_id": "112792139", "timestamp": 1609671736323, "tick_direction": 1, "price": 0.637, "mark_price": 0.63710805, "iv": 113.02, "instrument_name": "BTC-26MAR21-13000-C", "index_price": 33965.81, "direction": "buy", "amount": 0.2}, {"trade_seq": 965, "trade_id": "112792136", "timestamp": 1609671736052, "tick_direction": 1, "price": 0.637, "mark_price": 0.63710805, "iv": 113.02, "instrument_name": "BTC-26MAR21-13000-C", "index_price": 33961.7, "direction": "buy", "amount": 0.3}, {"trade_seq": 964, "trade_id": "112792132", "timestamp": 1609671735506, "tick_direction": 1, "price": 0.637, "mark_price": 0.63710805, "iv": 113.17, "instrument_name": "BTC-26MAR21-13000-C", "index_price": 33961.7, "direction": "buy", "amount": 0.3}, {"trade_seq": 963, "trade_id": "112792113", "timestamp": 1609671733783, "tick_direction": 1, "price": 0.637, "mark_price": 0.63709063, "iv": 113.26, "instrument_name": "BTC-26MAR21-13000-C", "index_price": 33956.77, "direction": "buy", "amount": 0.3}, {"trade_seq": 962, "trade_id": "112792112", "timestamp": 1609671733586, "tick_direction": 0, "price": 0.637, "mark_price": 0.63709063, "iv": 113.26, "instrument_name": "BTC-26MAR21-13000-C", "index_price": 33956.77, "direction": "buy", "amount": 0.1}, {"trade_seq": 961, "trade_id": "112784485", "timestamp": 1609669736662, "tick_direction": 3, "price": 0.634, "mark_price": 0.63390023, "iv": 112.66, "instrument_name": "BTC-26MAR21-13000-C", "index_price": 33743.23, "direction": "buy", "amount": 0.1}, {"trade_seq": 960, "trade_id": "112784484", "timestamp": 1609669736375, "tick_direction": 3, "price": 0.634, "mark_price": 0.63387088, "iv": 112.66, "instrument_name": "BTC-26MAR21-13000-C", "index_price": 33743.23, "direction": "buy", "amount": 0.1}, {"trade_seq": 959, "trade_id": "112784483", "timestamp": 1609669736273, "tick_direction": 3, "price": 0.634, "mark_price": 0.63387088, "iv": 112.66, "instrument_name": "BTC-26MAR21-13000-C", "index_price": 33743.23, "direction": "buy", "amount": 0.3}, {"trade_seq": 958, "trade_id": "112784481", "timestamp": 1609669736014, "tick_direction": 3, "price": 0.634, "mark_price": 0.63387088, "iv": 112.66, "instrument_name": "BTC-26MAR21-13000-C", "index_price": 33743.23, "direction": "buy", "amount": 0.1}, {"trade_seq": 957, "trade_id": "112784472", "timestamp": 1609669735273, "tick_direction": 3, "price": 0.634, "mark_price": 0.63386821, "iv": 112.81, "instrument_name": "BTC-26MAR21-13000-C", "index_price": 33743.98, "direction": "buy", "amount": 0.2}, {"trade_seq": 956, "trade_id": "112784471", "timestamp": 1609669735079, "tick_direction": 3, "price": 0.634, "mark_price": 0.63386821, "iv": 112.81, "instrument_name": "BTC-26MAR21-13000-C", "index_price": 33743.98, "direction": "buy", "amount": 0.2}, {"trade_seq": 955, "trade_id": "112784424", "timestamp": 1609669728355, "tick_direction": 3, "price": 0.634, "mark_price": 0.63372838, "iv": 113.52, "instrument_name": "BTC-26MAR21-13000-C", "index_price": 33731.41, "direction": "buy", "amount": 0.2}, {"trade_seq": 954, "trade_id": "112784423", "timestamp": 1609669728304, "tick_direction": 2, "price": 0.634, "mark_price": 0.63372838, "iv": 113.52, "instrument_name": "BTC-26MAR21-13000-C", "index_price": 33731.41, "direction": "buy", "amount": 0.2}, {"trade_seq": 953, "trade_id": "112765404", "timestamp": 1609665328046, "tick_direction": 2, "price": 0.6395, "mark_price": 0.6388164, "iv": 114.97, "instrument_name": "BTC-26MAR21-13000-C", "index_price": 34204.27, "direction": "buy", "amount": 0.1}, {"trade_seq": 952, "trade_id": "112761712", "timestamp": 1609664417275, "tick_direction": 3, "price": 0.641, "mark_price": 0.64150273, "iv": 112.42, "instrument_name": "BTC-26MAR21-13000-C", "index_price": 34433.91, "direction": "buy", "amount": 0.1}, {"trade_seq": 951, "trade_id": "112761705", "timestamp": 1609664416591, "tick_direction": 3, "price": 0.641, "mark_price": 0.6415027, "iv": 112.74, "instrument_name": "BTC-26MAR21-13000-C", "index_price": 34433.06, "direction": "buy", "amount": 0.1}, {"trade_seq": 950, "trade_id": "112761704", "timestamp": 1609664414191, "tick_direction": 3, "price": 0.641, "mark_price": 0.64129673, "iv": 113.08, "instrument_name": "BTC-26MAR21-13000-C", "index_price": 34426.06, "direction": "buy", "amount": 0.1}, {"trade_seq": 949, "trade_id": "112761703", "timestamp": 1609664413899, "tick_direction": 3, "price": 0.641, "mark_price": 0.64129673, "iv": 113.08, "instrument_name": "BTC-26MAR21-13000-C", "index_price": 34426.06, "direction": "buy", "amount": 0.1}, {"trade_seq": 948, "trade_id": "112761702", "timestamp": 1609664413739, "tick_direction": 3, "price": 0.641, "mark_price": 0.64127124, "iv": 113.86, "instrument_name": "BTC-26MAR21-13000-C", "index_price": 34417.52, "direction": "buy", "amount": 0.2}, {"trade_seq": 947, "trade_id": "112761701", "timestamp": 1609664413554, "tick_direction": 3, "price": 0.641, "mark_price": 0.64127124, "iv": 113.86, "instrument_name": "BTC-26MAR21-13000-C", "index_price": 34417.52, "direction": "buy", "amount": 0.2}, {"trade_seq": 946, "trade_id": "112761699", "timestamp": 1609664413286, "tick_direction": 3, "price": 0.641, "mark_price": 0.64127124, "iv": 113.86, "instrument_name": "BTC-26MAR21-13000-C", "index_price": 34417.52, "direction": "buy", "amount": 0.2}, {"trade_seq": 945, "trade_id": "112761689", "timestamp": 1609664412991, "tick_direction": 3, "price": 0.641, "mark_price": 0.64127124, "iv": 113.86, "instrument_name": "BTC-26MAR21-13000-C", "index_price": 34417.52, "direction": "buy", "amount": 0.2}, {"trade_seq": 944, "trade_id": "112761677", "timestamp": 1609664410616, "tick_direction": 3, "price": 0.641, "mark_price": 0.6411876, "iv": 114.2, "instrument_name": "BTC-26MAR21-13000-C", "index_price": 34409.34, "direction": "buy", "amount": 0.1}, {"trade_seq": 943, "trade_id": "112761676", "timestamp": 1609664410384, "tick_direction": 2, "price": 0.641, "mark_price": 0.6411876, "iv": 114.2, "instrument_name": "BTC-26MAR21-13000-C", "index_price": 34409.34, "direction": "buy", "amount": 0.1}, {"trade_seq": 942, "trade_id": "112735674", "timestamp": 1609659667094, "tick_direction": 1, "price": 0.643, "mark_price": 0.64356837, "iv": 112.38, "instrument_name": "BTC-26MAR21-13000-C", "index_price": 34611.08, "direction": "buy", "amount": 0.1}, {"trade_seq": 941, "trade_id": "112735672", "timestamp": 1609659666500, "tick_direction": 1, "price": 0.643, "mark_price": 0.64356837, "iv": 112.66, "instrument_name": "BTC-26MAR21-13000-C", "index_price": 34611.08, "direction": "buy", "amount": 0.8}, {"trade_seq": 940, "trade_id": "112735656", "timestamp": 1609659661899, "tick_direction": 0, "price": 0.643, "mark_price": 0.64343393, "iv": 113.42, "instrument_name": "BTC-26MAR21-13000-C", "index_price": 34596.69, "direction": "buy", "amount": 0.2}, {"trade_seq": 939, "trade_id": "112471648", "timestamp": 1609605759506, "tick_direction": 0, "price": 0.6255, "mark_price": 0.62542664, "iv": 110.42, "instrument_name": "BTC-26MAR21-13000-C", "index_price": 32930.19, "direction": "buy", "amount": 48.8}, {"trade_seq": 938, "trade_id": "112447909", "timestamp": 1609603762461, "tick_direction": 1, "price": 0.6175, "mark_price": 0.61720897, "iv": 107.71, "instrument_name": "BTC-26MAR21-13000-C", "index_price": 32233.01, "direction": "buy", "amount": 0.3}, {"trade_seq": 937, "trade_id": "112447897", "timestamp": 1609603761989, "tick_direction": 0, "price": 0.6175, "mark_price": 0.61720897, "iv": 109.14, "instrument_name": "BTC-26MAR21-13000-C", "index_price": 32209.8, "direction": "buy", "amount": 0.2}, {"trade_seq": 936, "trade_id": "112445418", "timestamp": 1609603664087, "tick_direction": 1, "price": 0.6145, "mark_price": 0.61419824, "iv": 108.87, "instrument_name": "BTC-26MAR21-13000-C", "index_price": 31991.0, "direction": "buy", "amount": 0.5}, {"trade_seq": 935, "trade_id": "112445417", "timestamp": 1609603663802, "tick_direction": 0, "price": 0.6145, "mark_price": 0.61419824, "iv": 108.87, "instrument_name": "BTC-26MAR21-13000-C", "index_price": 31991.0, "direction": "buy", "amount": 0.2}, {"trade_seq": 934, "trade_id": "112179842", "timestamp": 1609486459027, "tick_direction": 0, "price": 0.5735, "mark_price": 0.57334151, "iv": 104.07, "instrument_name": "BTC-26MAR21-13000-C", "index_price": 29116.34, "direction": "buy", "amount": 50.0}, {"trade_seq": 933, "trade_id": "112102111", "timestamp": 1609444879287, "tick_direction": 1, "price": 0.565, "mark_price": 0.57062999, "iv": 71.81, "instrument_name": "BTC-26MAR21-13000-C", "index_price": 28953.61, "direction": "buy", "amount": 16.0}, {"trade_seq": 932, "trade_id": "112102110", "timestamp": 1609444879282, "tick_direction": 1, "price": 0.565, "mark_price": 0.57062999, "iv": 71.81, "instrument_name": "BTC-26MAR21-13000-C", "index_price": 28953.61, "direction": "buy", "amount": 11.0}, {"trade_seq": 931, "trade_id": "112102109", "timestamp": 1609444879281, "tick_direction": 0, "price": 0.565, "mark_price": 0.57062999, "iv": 71.81, "instrument_name": "BTC-26MAR21-13000-C", "index_price": 28953.61, "direction": "buy", "amount": 11.0}, {"trade_seq": 930, "trade_id": "111090004", "timestamp": 1609070837735, "tick_direction": 2, "price": 0.55, "mark_price": 0.55029205, "iv": 91.46, "instrument_name": "BTC-26MAR21-13000-C", "index_price": 27176.15, "direction": "sell", "amount": 0.5}, {"trade_seq": 929, "trade_id": "111012389", "timestamp": 1609054551352, "tick_direction": 1, "price": 0.558, "mark_price": 0.55873929, "iv": 88.67, "instrument_name": "BTC-26MAR21-13000-C", "index_price": 27713.36, "direction": "buy", "amount": 0.5}, {"trade_seq": 928, "trade_id": "111012381", "timestamp": 1609054550908, "tick_direction": 1, "price": 0.558, "mark_price": 0.55864107, "iv": 88.71, "instrument_name": "BTC-26MAR21-13000-C", "index_price": 27709.06, "direction": "buy", "amount": 0.1}, {"trade_seq": 927, "trade_id": "111012355", "timestamp": 1609054549401, "tick_direction": 1, "price": 0.558, "mark_price": 0.55863221, "iv": 89.13, "instrument_name": "BTC-26MAR21-13000-C", "index_price": 27706.78, "direction": "buy", "amount": 0.1}, {"trade_seq": 926, "trade_id": "111012353", "timestamp": 1609054549157, "tick_direction": 1, "price": 0.558, "mark_price": 0.55863221, "iv": 89.17, "instrument_name": "BTC-26MAR21-13000-C", "index_price": 27702.67, "direction": "buy", "amount": 0.1}, {"trade_seq": 925, "trade_id": "111012350", "timestamp": 1609054548956, "tick_direction": 1, "price": 0.558, "mark_price": 0.55854584, "iv": 89.17, "instrument_name": "BTC-26MAR21-13000-C", "index_price": 27702.67, "direction": "buy", "amount": 0.7}, {"trade_seq": 924, "trade_id": "111012336", "timestamp": 1609054548378, "tick_direction": 1, "price": 0.558, "mark_price": 0.55854584, "iv": 89.49, "instrument_name": "BTC-26MAR21-13000-C", "index_price": 27702.67, "direction": "buy", "amount": 0.2}, {"trade_seq": 923, "trade_id": "111012335", "timestamp": 1609054548232, "tick_direction": 0, "price": 0.558, "mark_price": 0.55854584, "iv": 89.49, "instrument_name": "BTC-26MAR21-13000-C", "index_price": 27702.67, "direction": "buy", "amount": 0.6}, {"trade_seq": 922, "trade_id": "111011601", "timestamp": 1609054266062, "tick_direction": 1, "price": 0.557, "mark_price": 0.55787262, "iv": 88.19, "instrument_name": "BTC-26MAR21-13000-C", "index_price": 27643.63, "direction": "buy", "amount": 0.4}, {"trade_seq": 921, "trade_id": "111011600", "timestamp": 1609054265949, "tick_direction": 1, "price": 0.557, "mark_price": 0.55787262, "iv": 88.19, "instrument_name": "BTC-26MAR21-13000-C", "index_price": 27643.63, "direction": "buy", "amount": 0.4}, {"trade_seq": 920, "trade_id": "111011594", "timestamp": 1609054265679, "tick_direction": 1, "price": 0.557, "mark_price": 0.55787262, "iv": 88.19, "instrument_name": "BTC-26MAR21-13000-C", "index_price": 27643.63, "direction": "buy", "amount": 0.2}, {"trade_seq": 919, "trade_id": "111011583", "timestamp": 1609054263282, "tick_direction": 1, "price": 0.557, "mark_price": 0.55781919, "iv": 88.4, "instrument_name": "BTC-26MAR21-13000-C", "index_price": 27640.37, "direction": "buy", "amount": 0.1}, {"trade_seq": 918, "trade_id": "111011575", "timestamp": 1609054260874, "tick_direction": 1, "price": 0.557, "mark_price": 0.5576716, "iv": 88.74, "instrument_name": "BTC-26MAR21-13000-C", "index_price": 27634.16, "direction": "buy", "amount": 0.1}, {"trade_seq": 917, "trade_id": "111011574", "timestamp": 1609054260789, "tick_direction": 1, "price": 0.557, "mark_price": 0.5576716, "iv": 88.74, "instrument_name": "BTC-26MAR21-13000-C", "index_price": 27634.16, "direction": "buy", "amount": 0.4}, {"trade_seq": 916, "trade_id": "111011569", "timestamp": 1609054260441, "tick_direction": 1, "price": 0.557, "mark_price": 0.55758817, "iv": 89.04, "instrument_name": "BTC-26MAR21-13000-C", "index_price": 27634.16, "direction": "buy", "amount": 0.1}, {"trade_seq": 915, "trade_id": "111011568", "timestamp": 1609054260226, "tick_direction": 0, "price": 0.557, "mark_price": 0.55758817, "iv": 89.04, "instrument_name": "BTC-26MAR21-13000-C", "index_price": 27634.16, "direction": "buy", "amount": 0.2}, {"trade_seq": 914, "trade_id": "111011411", "timestamp": 1609054230731, "tick_direction": 0, "price": 0.5565, "mark_price": 0.55693134, "iv": 89.78, "instrument_name": "BTC-26MAR21-13000-C", "index_price": 27593.2, "direction": "buy", "amount": 0.1}, {"trade_seq": 913, "trade_id": "111010003", "timestamp": 1609053499309, "tick_direction": 1, "price": 0.556, "mark_price": 0.55690707, "iv": 88.03, "instrument_name": "BTC-26MAR21-13000-C", "index_price": 27586.6, "direction": "buy", "amount": 0.2}, {"trade_seq": 912, "trade_id": "111010000", "timestamp": 1609053498533, "tick_direction": 1, "price": 0.556, "mark_price": 0.55689072, "iv": 88.12, "instrument_name": "BTC-26MAR21-13000-C", "index_price": 27582.09, "direction": "buy", "amount": 0.3}, {"trade_seq": 911, "trade_id": "111009825", "timestamp": 1609053413510, "tick_direction": 1, "price": 0.556, "mark_price": 0.55689863, "iv": 88.17, "instrument_name": "BTC-26MAR21-13000-C", "index_price": 27579.29, "direction": "buy", "amount": 0.2}, {"trade_seq": 910, "trade_id": "111009818", "timestamp": 1609053413020, "tick_direction": 1, "price": 0.556, "mark_price": 0.5568235, "iv": 88.49, "instrument_name": "BTC-26MAR21-13000-C", "index_price": 27579.2, "direction": "buy", "amount": 0.1}, {"trade_seq": 909, "trade_id": "111009817", "timestamp": 1609053412812, "tick_direction": 1, "price": 0.556, "mark_price": 0.5568235, "iv": 88.49, "instrument_name": "BTC-26MAR21-13000-C", "index_price": 27579.2, "direction": "buy", "amount": 0.1}, {"trade_seq": 908, "trade_id": "111009814", "timestamp": 1609053412579, "tick_direction": 0, "price": 0.556, "mark_price": 0.5568235, "iv": 88.49, "instrument_name": "BTC-26MAR21-13000-C", "index_price": 27579.2, "direction": "buy", "amount": 0.3}, {"trade_seq": 907, "trade_id": "111009382", "timestamp": 1609053280041, "tick_direction": 2, "price": 0.555, "mark_price": 0.55587944, "iv": 88.23, "instrument_name": "BTC-26MAR21-13000-C", "index_price": 27517.72, "direction": "buy", "amount": 0.2}, {"trade_seq": 906, "trade_id": "111004314", "timestamp": 1609051866204, "tick_direction": 0, "price": 0.557, "mark_price": 0.55790921, "iv": 88.33, "instrument_name": "BTC-26MAR21-13000-C", "index_price": 27625.07, "direction": "buy", "amount": 0.1}, {"trade_seq": 905, "trade_id": "111004103", "timestamp": 1609051853163, "tick_direction": 1, "price": 0.556, "mark_price": 0.55695746, "iv": 88.15, "instrument_name": "BTC-26MAR21-13000-C", "index_price": 27562.56, "direction": "buy", "amount": 0.3}, {"trade_seq": 904, "trade_id": "111003275", "timestamp": 1609051549610, "tick_direction": 1, "price": 0.556, "mark_price": 0.55651493, "iv": 89.55, "instrument_name": "BTC-26MAR21-13000-C", "index_price": 27542.99, "direction": "buy", "amount": 0.3}, {"trade_seq": 903, "trade_id": "111003260", "timestamp": 1609051548960, "tick_direction": 1, "price": 0.556, "mark_price": 0.55645126, "iv": 89.78, "instrument_name": "BTC-26MAR21-13000-C", "index_price": 27539.14, "direction": "buy", "amount": 0.1}, {"trade_seq": 902, "trade_id": "111003258", "timestamp": 1609051548807, "tick_direction": 1, "price": 0.556, "mark_price": 0.55645126, "iv": 89.78, "instrument_name": "BTC-26MAR21-13000-C", "index_price": 27539.14, "direction": "buy", "amount": 0.2}, {"trade_seq": 901, "trade_id": "111003257", "timestamp": 1609051548644, "tick_direction": 0, "price": 0.556, "mark_price": 0.55645126, "iv": 89.78, "instrument_name": "BTC-26MAR21-13000-C", "index_price": 27539.14, "direction": "buy", "amount": 0.1}, {"trade_seq": 900, "trade_id": "110996546", "timestamp": 1609049923725, "tick_direction": 3, "price": 0.554, "mark_price": 0.55452578, "iv": 88.03, "instrument_name": "BTC-26MAR21-13000-C", "index_price": 27402.96, "direction": "buy", "amount": 0.1}, {"trade_seq": 899, "trade_id": "110996545", "timestamp": 1609049923538, "tick_direction": 3, "price": 0.554, "mark_price": 0.55452578, "iv": 88.08, "instrument_name": "BTC-26MAR21-13000-C", "index_price": 27396.56, "direction": "buy", "amount": 0.2}, {"trade_seq": 898, "trade_id": "110996538", "timestamp": 1609049922637, "tick_direction": 3, "price": 0.554, "mark_price": 0.55448564, "iv": 88.2, "instrument_name": "BTC-26MAR21-13000-C", "index_price": 27394.67, "direction": "buy", "amount": 0.1}, {"trade_seq": 897, "trade_id": "110996537", "timestamp": 1609049922427, "tick_direction": 2, "price": 0.554, "mark_price": 0.55448564, "iv": 88.25, "instrument_name": "BTC-26MAR21-13000-C", "index_price": 27394.67, "direction": "buy", "amount": 0.2}, {"trade_seq": 896, "trade_id": "110994425", "timestamp": 1609049705759, "tick_direction": 1, "price": 0.555, "mark_price": 0.55552293, "iv": 87.96, "instrument_name": "BTC-26MAR21-13000-C", "index_price": 27424.7, "direction": "buy", "amount": 0.4}, {"trade_seq": 895, "trade_id": "110994415", "timestamp": 1609049705660, "tick_direction": 1, "price": 0.555, "mark_price": 0.55552293, "iv": 87.96, "instrument_name": "BTC-26MAR21-13000-C", "index_price": 27424.7, "direction": "buy", "amount": 0.5}, {"trade_seq": 894, "trade_id": "110994406", "timestamp": 1609049705389, "tick_direction": 1, "price": 0.555, "mark_price": 0.55552293, "iv": 87.96, "instrument_name": "BTC-26MAR21-13000-C", "index_price": 27424.7, "direction": "buy", "amount": 0.4}, {"trade_seq": 893, "trade_id": "110994405", "timestamp": 1609049705379, "tick_direction": 1, "price": 0.555, "mark_price": 0.55552293, "iv": 87.96, "instrument_name": "BTC-26MAR21-13000-C", "index_price": 27424.7, "direction": "buy", "amount": 0.4}, {"trade_seq": 892, "trade_id": "110994403", "timestamp": 1609049705363, "tick_direction": 1, "price": 0.555, "mark_price": 0.55552293, "iv": 87.96, "instrument_name": "BTC-26MAR21-13000-C", "index_price": 27424.7, "direction": "buy", "amount": 0.4}, {"trade_seq": 891, "trade_id": "110994401", "timestamp": 1609049705332, "tick_direction": 0, "price": 0.555, "mark_price": 0.55552293, "iv": 87.96, "instrument_name": "BTC-26MAR21-13000-C", "index_price": 27424.7, "direction": "buy", "amount": 20.5}, {"trade_seq": 890, "trade_id": "110981852", "timestamp": 1609047978242, "tick_direction": 0, "price": 0.544, "mark_price": 0.54461082, "iv": 88.55, "instrument_name": "BTC-26MAR21-13000-C", "index_price": 26784.24, "direction": "buy", "amount": 20.0}, {"trade_seq": 889, "trade_id": "110927764", "timestamp": 1609025124776, "tick_direction": 0, "price": 0.5405, "mark_price": 0.54127357, "iv": 90.65, "instrument_name": "BTC-26MAR21-13000-C", "index_price": 26603.28, "direction": "buy", "amount": 38.9}, {"trade_seq": 888, "trade_id": "110919234", "timestamp": 1609021137055, "tick_direction": 3, "price": 0.5325, "mark_price": 0.53369232, "iv": 90.28, "instrument_name": "BTC-26MAR21-13000-C", "index_price": 26157.9, "direction": "buy", "amount": 0.9}, {"trade_seq": 887, "trade_id": "110919224", "timestamp": 1609021136251, "tick_direction": 2, "price": 0.5325, "mark_price": 0.53360204, "iv": 90.28, "instrument_name": "BTC-26MAR21-13000-C", "index_price": 26157.9, "direction": "buy", "amount": 0.7}, {"trade_seq": 886, "trade_id": "110917451", "timestamp": 1609020858960, "tick_direction": 3, "price": 0.533, "mark_price": 0.53447198, "iv": 88.9, "instrument_name": "BTC-26MAR21-13000-C", "index_price": 26193.75, "direction": "buy", "amount": 0.6}, {"trade_seq": 885, "trade_id": "110917444", "timestamp": 1609020858742, "tick_direction": 3, "price": 0.533, "mark_price": 0.53447198, "iv": 88.9, "instrument_name": "BTC-26MAR21-13000-C", "index_price": 26193.75, "direction": "buy", "amount": 1.1}, {"trade_seq": 884, "trade_id": "110917423", "timestamp": 1609020858406, "tick_direction": 3, "price": 0.533, "mark_price": 0.53447198, "iv": 89.47, "instrument_name": "BTC-26MAR21-13000-C", "index_price": 26193.75, "direction": "buy", "amount": 1.8}, {"trade_seq": 883, "trade_id": "110917408", "timestamp": 1609020858081, "tick_direction": 2, "price": 0.533, "mark_price": 0.53402039, "iv": 89.36, "instrument_name": "BTC-26MAR21-13000-C", "index_price": 26182.6, "direction": "buy", "amount": 0.1}, {"trade_seq": 882, "trade_id": "110898826", "timestamp": 1609016790080, "tick_direction": 1, "price": 0.539, "mark_price": 0.54002372, "iv": 88.53, "instrument_name": "BTC-26MAR21-13000-C", "index_price": 26569.66, "direction": "buy", "amount": 1.3}, {"trade_seq": 881, "trade_id": "110898812", "timestamp": 1609016789426, "tick_direction": 1, "price": 0.539, "mark_price": 0.53999818, "iv": 88.61, "instrument_name": "BTC-26MAR21-13000-C", "index_price": 26562.86, "direction": "buy", "amount": 0.4}, {"trade_seq": 880, "trade_id": "110898798", "timestamp": 1609016789203, "tick_direction": 1, "price": 0.539, "mark_price": 0.53999818, "iv": 88.61, "instrument_name": "BTC-26MAR21-13000-C", "index_price": 26562.86, "direction": "buy", "amount": 0.9}, {"trade_seq": 879, "trade_id": "110898780", "timestamp": 1609016788112, "tick_direction": 1, "price": 0.539, "mark_price": 0.53999291, "iv": 88.63, "instrument_name": "BTC-26MAR21-13000-C", "index_price": 26561.51, "direction": "buy", "amount": 0.2}, {"trade_seq": 878, "trade_id": "110898779", "timestamp": 1609016787923, "tick_direction": 1, "price": 0.539, "mark_price": 0.53999291, "iv": 88.63, "instrument_name": "BTC-26MAR21-13000-C", "index_price": 26561.51, "direction": "buy", "amount": 0.3}, {"trade_seq": 877, "trade_id": "110898776", "timestamp": 1609016787526, "tick_direction": 1, "price": 0.539, "mark_price": 0.53988516, "iv": 89.0, "instrument_name": "BTC-26MAR21-13000-C", "index_price": 26554.72, "direction": "buy", "amount": 0.1}, {"trade_seq": 876, "trade_id": "110898775", "timestamp": 1609016787398, "tick_direction": 1, "price": 0.539, "mark_price": 0.53988516, "iv": 89.0, "instrument_name": "BTC-26MAR21-13000-C", "index_price": 26554.72, "direction": "buy", "amount": 0.1}