{"trades": [{"trade_seq": 1893, "trade_id": "139047709", "timestamp": 1616741855582, "tick_direction": 3, "price": 0.0005, "mark_price": 8.7e-07, "iv": 149.79, "instrument_name": "BTC-26MAR21-54000-C", "index_price": 52675.16, "direction": "buy", "amount": 1.9}, {"trade_seq": 1892, "trade_id": "139047708", "timestamp": 1616741855582, "tick_direction": 3, "price": 0.0005, "mark_price": 8.7e-07, "iv": 149.79, "instrument_name": "BTC-26MAR21-54000-C", "index_price": 52675.16, "direction": "buy", "amount": 0.1}, {"trade_seq": 1891, "trade_id": "139047707", "timestamp": 1616741855582, "tick_direction": 3, "price": 0.0005, "mark_price": 8.7e-07, "iv": 149.79, "instrument_name": "BTC-26MAR21-54000-C", "index_price": 52675.16, "direction": "buy", "amount": 3.0}, {"trade_seq": 1890, "trade_id": "139041563", "timestamp": 1616739556178, "tick_direction": 3, "price": 0.0005, "mark_price": 9.05e-06, "iv": 119.94, "instrument_name": "BTC-26MAR21-54000-C", "index_price": 52638.42, "direction": "buy", "amount": 10.0}, {"trade_seq": 1889, "trade_id": "139039042", "timestamp": 1616738057593, "tick_direction": 3, "price": 0.0005, "mark_price": 6.353e-05, "iv": 96.43, "instrument_name": "BTC-26MAR21-54000-C", "index_price": 52818.8, "direction": "buy", "amount": 4.0}, {"trade_seq": 1888, "trade_id": "139031875", "timestamp": 1616735435377, "tick_direction": 3, "price": 0.0005, "mark_price": 0.00015157, "iv": 83.78, "instrument_name": "BTC-26MAR21-54000-C", "index_price": 52798.64, "direction": "sell", "amount": 2.5}, {"trade_seq": 1887, "trade_id": "138998383", "timestamp": 1616724334736, "tick_direction": 3, "price": 0.0005, "mark_price": 0.00067667, "iv": 76.98, "instrument_name": "BTC-26MAR21-54000-C", "index_price": 52288.4, "direction": "sell", "amount": 1.4}, {"trade_seq": 1886, "trade_id": "138998382", "timestamp": 1616724334736, "tick_direction": 3, "price": 0.0005, "mark_price": 0.00067667, "iv": 76.98, "instrument_name": "BTC-26MAR21-54000-C", "index_price": 52288.4, "direction": "sell", "amount": 0.1}, {"trade_seq": 1885, "trade_id": "138998381", "timestamp": 1616724334736, "tick_direction": 3, "price": 0.0005, "mark_price": 0.00067667, "iv": 76.98, "instrument_name": "BTC-26MAR21-54000-C", "index_price": 52288.4, "direction": "sell", "amount": 5.0}, {"trade_seq": 1884, "trade_id": "138970975", "timestamp": 1616715643987, "tick_direction": 2, "price": 0.0005, "mark_price": 0.00053043, "iv": 86.24, "instrument_name": "BTC-26MAR21-54000-C", "index_price": 51577.0, "direction": "sell", "amount": 0.1}, {"trade_seq": 1883, "trade_id": "138954629", "timestamp": 1616710925468, "tick_direction": 1, "price": 0.0015, "mark_price": 0.0016066, "iv": 73.29, "instrument_name": "BTC-26MAR21-54000-C", "index_price": 52452.24, "direction": "sell", "amount": 0.6}, {"trade_seq": 1882, "trade_id": "138951705", "timestamp": 1616709974815, "tick_direction": 1, "price": 0.0015, "mark_price": 0.00152799, "iv": 73.32, "instrument_name": "BTC-26MAR21-54000-C", "index_price": 52437.17, "direction": "sell", "amount": 0.1}, {"trade_seq": 1881, "trade_id": "138951704", "timestamp": 1616709974790, "tick_direction": 0, "price": 0.0015, "mark_price": 0.00152799, "iv": 73.32, "instrument_name": "BTC-26MAR21-54000-C", "index_price": 52437.17, "direction": "sell", "amount": 0.3}, {"trade_seq": 1880, "trade_id": "138938783", "timestamp": 1616705835280, "tick_direction": 3, "price": 0.001, "mark_price": 0.00104922, "iv": 75.77, "instrument_name": "BTC-26MAR21-54000-C", "index_price": 51939.14, "direction": "buy", "amount": 0.2}, {"trade_seq": 1879, "trade_id": "138938620", "timestamp": 1616705768780, "tick_direction": 2, "price": 0.001, "mark_price": 0.00099153, "iv": 77.22, "instrument_name": "BTC-26MAR21-54000-C", "index_price": 51888.89, "direction": "sell", "amount": 0.1}, {"trade_seq": 1878, "trade_id": "138909948", "timestamp": 1616698808072, "tick_direction": 0, "price": 0.002, "mark_price": 0.00179666, "iv": 75.58, "instrument_name": "BTC-26MAR21-54000-C", "index_price": 52244.7, "direction": "buy", "amount": 16.0}, {"trade_seq": 1877, "trade_id": "138860118", "timestamp": 1616690806490, "tick_direction": 2, "price": 0.0015, "mark_price": 0.00140054, "iv": 87.13, "instrument_name": "BTC-26MAR21-54000-C", "index_price": 51358.1, "direction": "buy", "amount": 1.0}, {"trade_seq": 1876, "trade_id": "138837530", "timestamp": 1616688915839, "tick_direction": 1, "price": 0.002, "mark_price": 0.0016054, "iv": 89.59, "instrument_name": "BTC-26MAR21-54000-C", "index_price": 51379.11, "direction": "sell", "amount": 10.6}, {"trade_seq": 1875, "trade_id": "138837529", "timestamp": 1616688915836, "tick_direction": 1, "price": 0.002, "mark_price": 0.0016054, "iv": 89.59, "instrument_name": "BTC-26MAR21-54000-C", "index_price": 51379.11, "direction": "sell", "amount": 3.7}, {"trade_seq": 1874, "trade_id": "138837528", "timestamp": 1616688915828, "tick_direction": 1, "price": 0.002, "mark_price": 0.0016054, "iv": 89.59, "instrument_name": "BTC-26MAR21-54000-C", "index_price": 51379.11, "direction": "buy", "amount": 0.6}, {"trade_seq": 1873, "trade_id": "138837527", "timestamp": 1616688915828, "tick_direction": 1, "price": 0.002, "mark_price": 0.0016054, "iv": 89.59, "instrument_name": "BTC-26MAR21-54000-C", "index_price": 51379.11, "direction": "buy", "amount": 0.1}, {"trade_seq": 1872, "trade_id": "138837526", "timestamp": 1616688915828, "tick_direction": 1, "price": 0.002, "mark_price": 0.0016054, "iv": 89.59, "instrument_name": "BTC-26MAR21-54000-C", "index_price": 51379.11, "direction": "buy", "amount": 3.0}, {"trade_seq": 1871, "trade_id": "138837525", "timestamp": 1616688915828, "tick_direction": 0, "price": 0.002, "mark_price": 0.0016054, "iv": 89.59, "instrument_name": "BTC-26MAR21-54000-C", "index_price": 51379.11, "direction": "buy", "amount": 18.0}, {"trade_seq": 1870, "trade_id": "138836845", "timestamp": 1616688857301, "tick_direction": 1, "price": 0.0015, "mark_price": 0.00126921, "iv": 87.62, "instrument_name": "BTC-26MAR21-54000-C", "index_price": 51217.94, "direction": "sell", "amount": 0.1}, {"trade_seq": 1869, "trade_id": "138836844", "timestamp": 1616688857225, "tick_direction": 1, "price": 0.0015, "mark_price": 0.00126921, "iv": 87.62, "instrument_name": "BTC-26MAR21-54000-C", "index_price": 51217.94, "direction": "sell", "amount": 0.6}, {"trade_seq": 1868, "trade_id": "138836843", "timestamp": 1616688857150, "tick_direction": 1, "price": 0.0015, "mark_price": 0.00126921, "iv": 87.62, "instrument_name": "BTC-26MAR21-54000-C", "index_price": 51217.94, "direction": "sell", "amount": 3.2}, {"trade_seq": 1867, "trade_id": "138836842", "timestamp": 1616688857139, "tick_direction": 0, "price": 0.0015, "mark_price": 0.00126921, "iv": 87.62, "instrument_name": "BTC-26MAR21-54000-C", "index_price": 51217.94, "direction": "buy", "amount": 0.1}, {"trade_seq": 1866, "trade_id": "138804953", "timestamp": 1616685590989, "tick_direction": 2, "price": 0.001, "mark_price": 0.00080323, "iv": 87.42, "instrument_name": "BTC-26MAR21-54000-C", "index_price": 50770.1, "direction": "sell", "amount": 0.2}, {"trade_seq": 1865, "trade_id": "138780407", "timestamp": 1616681843931, "tick_direction": 0, "price": 0.002, "mark_price": 0.00199211, "iv": 75.13, "instrument_name": "BTC-26MAR21-54000-C", "index_price": 51845.82, "direction": "sell", "amount": 0.3}, {"trade_seq": 1864, "trade_id": "138774885", "timestamp": 1616680898086, "tick_direction": 3, "price": 0.0015, "mark_price": 0.00181583, "iv": 73.84, "instrument_name": "BTC-26MAR21-54000-C", "index_price": 51630.89, "direction": "sell", "amount": 0.5}, {"trade_seq": 1863, "trade_id": "138774884", "timestamp": 1616680898086, "tick_direction": 2, "price": 0.0015, "mark_price": 0.00181583, "iv": 73.84, "instrument_name": "BTC-26MAR21-54000-C", "index_price": 51630.89, "direction": "sell", "amount": 0.2}, {"trade_seq": 1862, "trade_id": "138771084", "timestamp": 1616680231940, "tick_direction": 3, "price": 0.002, "mark_price": 0.00251584, "iv": 74.98, "instrument_name": "BTC-26MAR21-54000-C", "index_price": 51804.88, "direction": "sell", "amount": 0.4}, {"trade_seq": 1861, "trade_id": "138769720", "timestamp": 1616679960578, "tick_direction": 2, "price": 0.002, "mark_price": 0.00241151, "iv": 77.58, "instrument_name": "BTC-26MAR21-54000-C", "index_price": 51683.85, "direction": "sell", "amount": 0.4}, {"trade_seq": 1860, "trade_id": "138767591", "timestamp": 1616679782278, "tick_direction": 1, "price": 0.0025, "mark_price": 0.0030794, "iv": 77.52, "instrument_name": "BTC-26MAR21-54000-C", "index_price": 51898.33, "direction": "buy", "amount": 0.5}, {"trade_seq": 1859, "trade_id": "138767266", "timestamp": 1616679767854, "tick_direction": 0, "price": 0.0025, "mark_price": 0.00292973, "iv": 79.01, "instrument_name": "BTC-26MAR21-54000-C", "index_price": 51836.97, "direction": "buy", "amount": 0.5}, {"trade_seq": 1858, "trade_id": "138765960", "timestamp": 1616679686021, "tick_direction": 1, "price": 0.002, "mark_price": 0.00278934, "iv": 75.59, "instrument_name": "BTC-26MAR21-54000-C", "index_price": 51781.25, "direction": "buy", "amount": 0.1}, {"trade_seq": 1857, "trade_id": "138759567", "timestamp": 1616679156642, "tick_direction": 0, "price": 0.002, "mark_price": 0.00224728, "iv": 83.99, "instrument_name": "BTC-26MAR21-54000-C", "index_price": 51406.73, "direction": "buy", "amount": 5.3}, {"trade_seq": 1856, "trade_id": "138750377", "timestamp": 1616678139098, "tick_direction": 3, "price": 0.001, "mark_price": 0.00141898, "iv": 84.24, "instrument_name": "BTC-26MAR21-54000-C", "index_price": 50728.78, "direction": "sell", "amount": 0.5}, {"trade_seq": 1855, "trade_id": "138750376", "timestamp": 1616678139098, "tick_direction": 3, "price": 0.001, "mark_price": 0.00141898, "iv": 84.24, "instrument_name": "BTC-26MAR21-54000-C", "index_price": 50728.78, "direction": "sell", "amount": 3.0}, {"trade_seq": 1854, "trade_id": "138750375", "timestamp": 1616678139098, "tick_direction": 2, "price": 0.001, "mark_price": 0.00141898, "iv": 84.24, "instrument_name": "BTC-26MAR21-54000-C", "index_price": 50728.78, "direction": "sell", "amount": 1.5}, {"trade_seq": 1853, "trade_id": "138740531", "timestamp": 1616677019510, "tick_direction": 0, "price": 0.002, "mark_price": 0.0015263, "iv": 91.4, "instrument_name": "BTC-26MAR21-54000-C", "index_price": 51068.03, "direction": "sell", "amount": 1.1}, {"trade_seq": 1852, "trade_id": "138721025", "timestamp": 1616675598797, "tick_direction": 1, "price": 0.0015, "mark_price": 0.00088328, "iv": 88.73, "instrument_name": "BTC-26MAR21-54000-C", "index_price": 50790.38, "direction": "sell", "amount": 0.3}, {"trade_seq": 1851, "trade_id": "138720169", "timestamp": 1616675530886, "tick_direction": 0, "price": 0.0015, "mark_price": 0.00101143, "iv": 85.84, "instrument_name": "BTC-26MAR21-54000-C", "index_price": 50901.88, "direction": "sell", "amount": 20.0}, {"trade_seq": 1850, "trade_id": "138720109", "timestamp": 1616675527967, "tick_direction": 2, "price": 0.001, "mark_price": 0.00098333, "iv": 78.66, "instrument_name": "BTC-26MAR21-54000-C", "index_price": 50903.43, "direction": "sell", "amount": 0.9}, {"trade_seq": 1849, "trade_id": "138717935", "timestamp": 1616675380862, "tick_direction": 1, "price": 0.0015, "mark_price": 0.00085529, "iv": 88.09, "instrument_name": "BTC-26MAR21-54000-C", "index_price": 50806.18, "direction": "sell", "amount": 1.7}, {"trade_seq": 1848, "trade_id": "138710228", "timestamp": 1616674965262, "tick_direction": 0, "price": 0.0015, "mark_price": 0.00153011, "iv": 77.44, "instrument_name": "BTC-26MAR21-54000-C", "index_price": 51314.44, "direction": "sell", "amount": 0.5}, {"trade_seq": 1847, "trade_id": "138709348", "timestamp": 1616674869334, "tick_direction": 3, "price": 0.001, "mark_price": 0.00143975, "iv": 71.4, "instrument_name": "BTC-26MAR21-54000-C", "index_price": 51265.21, "direction": "sell", "amount": 29.4}, {"trade_seq": 1846, "trade_id": "138709347", "timestamp": 1616674869334, "tick_direction": 3, "price": 0.001, "mark_price": 0.00143975, "iv": 71.4, "instrument_name": "BTC-26MAR21-54000-C", "index_price": 51265.21, "direction": "sell", "amount": 20.0}, {"trade_seq": 1845, "trade_id": "138709346", "timestamp": 1616674869334, "tick_direction": 2, "price": 0.001, "mark_price": 0.00143975, "iv": 71.4, "instrument_name": "BTC-26MAR21-54000-C", "index_price": 51265.21, "direction": "sell", "amount": 0.1}, {"trade_seq": 1844, "trade_id": "138706446", "timestamp": 1616674644636, "tick_direction": 1, "price": 0.0015, "mark_price": 0.00147782, "iv": 77.49, "instrument_name": "BTC-26MAR21-54000-C", "index_price": 51311.29, "direction": "sell", "amount": 0.1}, {"trade_seq": 1843, "trade_id": "138706435", "timestamp": 1616674641592, "tick_direction": 1, "price": 0.0015, "mark_price": 0.00146489, "iv": 77.53, "instrument_name": "BTC-26MAR21-54000-C", "index_price": 51312.27, "direction": "sell", "amount": 0.1}, {"trade_seq": 1842, "trade_id": "138706245", "timestamp": 1616674624607, "tick_direction": 1, "price": 0.0015, "mark_price": 0.00156488, "iv": 76.27, "instrument_name": "BTC-26MAR21-54000-C", "index_price": 51372.44, "direction": "sell", "amount": 0.9}, {"trade_seq": 1841, "trade_id": "138706219", "timestamp": 1616674620820, "tick_direction": 0, "price": 0.0015, "mark_price": 0.00156004, "iv": 76.39, "instrument_name": "BTC-26MAR21-54000-C", "index_price": 51367.5, "direction": "sell", "amount": 0.2}, {"trade_seq": 1840, "trade_id": "138703528", "timestamp": 1616674453261, "tick_direction": 2, "price": 0.001, "mark_price": 0.00125853, "iv": 72.49, "instrument_name": "BTC-26MAR21-54000-C", "index_price": 51185.03, "direction": "sell", "amount": 0.1}, {"trade_seq": 1839, "trade_id": "138703003", "timestamp": 1616674427157, "tick_direction": 2, "price": 0.0015, "mark_price": 0.00118263, "iv": 80.77, "instrument_name": "BTC-26MAR21-54000-C", "index_price": 51149.35, "direction": "sell", "amount": 0.8}, {"trade_seq": 1838, "trade_id": "138700589", "timestamp": 1616674344947, "tick_direction": 3, "price": 0.0025, "mark_price": 0.00159011, "iv": 86.85, "instrument_name": "BTC-26MAR21-54000-C", "index_price": 51402.41, "direction": "sell", "amount": 0.5}, {"trade_seq": 1837, "trade_id": "138699513", "timestamp": 1616674293419, "tick_direction": 2, "price": 0.0025, "mark_price": 0.00184793, "iv": 82.38, "instrument_name": "BTC-26MAR21-54000-C", "index_price": 51581.84, "direction": "sell", "amount": 0.5}, {"trade_seq": 1836, "trade_id": "138694652", "timestamp": 1616673790003, "tick_direction": 0, "price": 0.0045, "mark_price": 0.00370208, "iv": 79.19, "instrument_name": "BTC-26MAR21-54000-C", "index_price": 52290.29, "direction": "buy", "amount": 2.8}, {"trade_seq": 1835, "trade_id": "138694555", "timestamp": 1616673767344, "tick_direction": 0, "price": 0.004, "mark_price": 0.00353093, "iv": 76.72, "instrument_name": "BTC-26MAR21-54000-C", "index_price": 52261.89, "direction": "sell", "amount": 2.2}, {"trade_seq": 1834, "trade_id": "138694216", "timestamp": 1616673632833, "tick_direction": 3, "price": 0.003, "mark_price": 0.00345778, "iv": 69.4, "instrument_name": "BTC-26MAR21-54000-C", "index_price": 52243.07, "direction": "sell", "amount": 0.6}, {"trade_seq": 1833, "trade_id": "138694215", "timestamp": 1616673632833, "tick_direction": 2, "price": 0.003, "mark_price": 0.00345778, "iv": 69.4, "instrument_name": "BTC-26MAR21-54000-C", "index_price": 52243.07, "direction": "sell", "amount": 0.5}, {"trade_seq": 1832, "trade_id": "138691967", "timestamp": 1616673216638, "tick_direction": 3, "price": 0.004, "mark_price": 0.00360712, "iv": 75.19, "instrument_name": "BTC-26MAR21-54000-C", "index_price": 52320.25, "direction": "sell", "amount": 0.3}, {"trade_seq": 1831, "trade_id": "138691961", "timestamp": 1616673215880, "tick_direction": 3, "price": 0.004, "mark_price": 0.0036962, "iv": 75.19, "instrument_name": "BTC-26MAR21-54000-C", "index_price": 52320.25, "direction": "sell", "amount": 0.1}, {"trade_seq": 1830, "trade_id": "138691952", "timestamp": 1616673214662, "tick_direction": 3, "price": 0.004, "mark_price": 0.00373223, "iv": 74.5, "instrument_name": "BTC-26MAR21-54000-C", "index_price": 52343.25, "direction": "sell", "amount": 0.1}, {"trade_seq": 1829, "trade_id": "138691949", "timestamp": 1616673214526, "tick_direction": 3, "price": 0.004, "mark_price": 0.00373223, "iv": 74.5, "instrument_name": "BTC-26MAR21-54000-C", "index_price": 52343.25, "direction": "sell", "amount": 0.2}, {"trade_seq": 1828, "trade_id": "138691937", "timestamp": 1616673213744, "tick_direction": 3, "price": 0.004, "mark_price": 0.0037819, "iv": 73.83, "instrument_name": "BTC-26MAR21-54000-C", "index_price": 52350.05, "direction": "sell", "amount": 0.1}, {"trade_seq": 1827, "trade_id": "138691935", "timestamp": 1616673213668, "tick_direction": 2, "price": 0.004, "mark_price": 0.0037819, "iv": 73.83, "instrument_name": "BTC-26MAR21-54000-C", "index_price": 52350.05, "direction": "sell", "amount": 0.2}, {"trade_seq": 1826, "trade_id": "138686148", "timestamp": 1616671737075, "tick_direction": 3, "price": 0.0045, "mark_price": 0.00510648, "iv": 65.92, "instrument_name": "BTC-26MAR21-54000-C", "index_price": 52749.34, "direction": "sell", "amount": 0.3}, {"trade_seq": 1825, "trade_id": "138686147", "timestamp": 1616671737075, "tick_direction": 3, "price": 0.0045, "mark_price": 0.00510648, "iv": 65.92, "instrument_name": "BTC-26MAR21-54000-C", "index_price": 52749.34, "direction": "sell", "amount": 0.1}, {"trade_seq": 1824, "trade_id": "138686146", "timestamp": 1616671737075, "tick_direction": 2, "price": 0.0045, "mark_price": 0.00510648, "iv": 65.92, "instrument_name": "BTC-26MAR21-54000-C", "index_price": 52749.34, "direction": "sell", "amount": 0.1}, {"trade_seq": 1823, "trade_id": "138685228", "timestamp": 1616671386636, "tick_direction": 3, "price": 0.0065, "mark_price": 0.00637509, "iv": 71.06, "instrument_name": "BTC-26MAR21-54000-C", "index_price": 52986.55, "direction": "sell", "amount": 0.2}, {"trade_seq": 1822, "trade_id": "138685225", "timestamp": 1616671382381, "tick_direction": 3, "price": 0.0065, "mark_price": 0.00639104, "iv": 70.73, "instrument_name": "BTC-26MAR21-54000-C", "index_price": 52994.28, "direction": "sell", "amount": 0.2}, {"trade_seq": 1821, "trade_id": "138685224", "timestamp": 1616671382298, "tick_direction": 2, "price": 0.0065, "mark_price": 0.00639104, "iv": 70.73, "instrument_name": "BTC-26MAR21-54000-C", "index_price": 52994.28, "direction": "sell", "amount": 0.1}, {"trade_seq": 1820, "trade_id": "138681379", "timestamp": 1616670264257, "tick_direction": 0, "price": 0.007, "mark_price": 0.00667822, "iv": 69.22, "instrument_name": "BTC-26MAR21-54000-C", "index_price": 53113.12, "direction": "buy", "amount": 0.1}, {"trade_seq": 1819, "trade_id": "138680717", "timestamp": 1616670105472, "tick_direction": 2, "price": 0.0055, "mark_price": 0.00579993, "iv": 65.76, "instrument_name": "BTC-26MAR21-54000-C", "index_price": 52939.9, "direction": "sell", "amount": 10.0}, {"trade_seq": 1818, "trade_id": "138680343", "timestamp": 1616670027128, "tick_direction": 0, "price": 0.006, "mark_price": 0.00621605, "iv": 66.44, "instrument_name": "BTC-26MAR21-54000-C", "index_price": 53018.04, "direction": "buy", "amount": 0.3}, {"trade_seq": 1817, "trade_id": "138679024", "timestamp": 1616669661382, "tick_direction": 3, "price": 0.005, "mark_price": 0.00556714, "iv": 65.62, "instrument_name": "BTC-26MAR21-54000-C", "index_price": 52865.84, "direction": "buy", "amount": 0.1}, {"trade_seq": 1816, "trade_id": "138679023", "timestamp": 1616669661382, "tick_direction": 3, "price": 0.005, "mark_price": 0.00556714, "iv": 65.62, "instrument_name": "BTC-26MAR21-54000-C", "index_price": 52865.84, "direction": "buy", "amount": 0.1}, {"trade_seq": 1815, "trade_id": "138678555", "timestamp": 1616669390756, "tick_direction": 3, "price": 0.005, "mark_price": 0.00551299, "iv": 67.54, "instrument_name": "BTC-26MAR21-54000-C", "index_price": 52783.69, "direction": "buy", "amount": 0.6}, {"trade_seq": 1814, "trade_id": "138678554", "timestamp": 1616669390756, "tick_direction": 3, "price": 0.005, "mark_price": 0.00551299, "iv": 67.54, "instrument_name": "BTC-26MAR21-54000-C", "index_price": 52783.69, "direction": "buy", "amount": 8.0}, {"trade_seq": 1813, "trade_id": "138678457", "timestamp": 1616669363786, "tick_direction": 3, "price": 0.005, "mark_price": 0.00574733, "iv": 66.31, "instrument_name": "BTC-26MAR21-54000-C", "index_price": 52827.31, "direction": "buy", "amount": 0.7}, {"trade_seq": 1812, "trade_id": "138678454", "timestamp": 1616669359675, "tick_direction": 3, "price": 0.005, "mark_price": 0.0057474, "iv": 66.32, "instrument_name": "BTC-26MAR21-54000-C", "index_price": 52828.95, "direction": "buy", "amount": 4.6}, {"trade_seq": 1811, "trade_id": "138678453", "timestamp": 1616669359671, "tick_direction": 3, "price": 0.005, "mark_price": 0.0057474, "iv": 66.32, "instrument_name": "BTC-26MAR21-54000-C", "index_price": 52828.95, "direction": "buy", "amount": 0.7}, {"trade_seq": 1810, "trade_id": "138678452", "timestamp": 1616669359659, "tick_direction": 3, "price": 0.005, "mark_price": 0.0057474, "iv": 66.32, "instrument_name": "BTC-26MAR21-54000-C", "index_price": 52828.95, "direction": "sell", "amount": 1.5}, {"trade_seq": 1809, "trade_id": "138678451", "timestamp": 1616669359659, "tick_direction": 3, "price": 0.005, "mark_price": 0.0057474, "iv": 66.32, "instrument_name": "BTC-26MAR21-54000-C", "index_price": 52828.95, "direction": "sell", "amount": 16.0}, {"trade_seq": 1808, "trade_id": "138678450", "timestamp": 1616669359659, "tick_direction": 3, "price": 0.005, "mark_price": 0.0057474, "iv": 66.32, "instrument_name": "BTC-26MAR21-54000-C", "index_price": 52828.95, "direction": "sell", "amount": 0.8}, {"trade_seq": 1807, "trade_id": "138678449", "timestamp": 1616669359659, "tick_direction": 2, "price": 0.005, "mark_price": 0.0057474, "iv": 66.32, "instrument_name": "BTC-26MAR21-54000-C", "index_price": 52828.95, "direction": "sell", "amount": 0.7}, {"trade_seq": 1806, "trade_id": "138676300", "timestamp": 1616668385606, "tick_direction": 0, "price": 0.0055, "mark_price": 0.0059363, "iv": 67.65, "instrument_name": "BTC-26MAR21-54000-C", "index_price": 52872.18, "direction": "sell", "amount": 0.5}, {"trade_seq": 1805, "trade_id": "138671221", "timestamp": 1616666972868, "tick_direction": 3, "price": 0.005, "mark_price": 0.00463135, "iv": 72.24, "instrument_name": "BTC-26MAR21-54000-C", "index_price": 52620.09, "direction": "sell", "amount": 2.3}, {"trade_seq": 1804, "trade_id": "138670858", "timestamp": 1616666932935, "tick_direction": 3, "price": 0.005, "mark_price": 0.00461936, "iv": 72.29, "instrument_name": "BTC-26MAR21-54000-C", "index_price": 52613.86, "direction": "sell", "amount": 0.4}, {"trade_seq": 1803, "trade_id": "138670821", "timestamp": 1616666931780, "tick_direction": 3, "price": 0.005, "mark_price": 0.00461836, "iv": 72.03, "instrument_name": "BTC-26MAR21-54000-C", "index_price": 52619.32, "direction": "sell", "amount": 2.0}, {"trade_seq": 1802, "trade_id": "138670685", "timestamp": 1616666916813, "tick_direction": 3, "price": 0.005, "mark_price": 0.00478048, "iv": 70.83, "instrument_name": "BTC-26MAR21-54000-C", "index_price": 52668.44, "direction": "sell", "amount": 1.5}, {"trade_seq": 1801, "trade_id": "138661406", "timestamp": 1616663588018, "tick_direction": 3, "price": 0.005, "mark_price": 0.00460237, "iv": 77.02, "instrument_name": "BTC-26MAR21-54000-C", "index_price": 52403.89, "direction": "sell", "amount": 1.8}, {"trade_seq": 1800, "trade_id": "138658943", "timestamp": 1616663037257, "tick_direction": 3, "price": 0.005, "mark_price": 0.00519758, "iv": 72.52, "instrument_name": "BTC-26MAR21-54000-C", "index_price": 52551.52, "direction": "sell", "amount": 0.6}, {"trade_seq": 1799, "trade_id": "138658942", "timestamp": 1616663037257, "tick_direction": 3, "price": 0.005, "mark_price": 0.00519758, "iv": 72.52, "instrument_name": "BTC-26MAR21-54000-C", "index_price": 52551.52, "direction": "sell", "amount": 0.6}, {"trade_seq": 1798, "trade_id": "138658941", "timestamp": 1616663037257, "tick_direction": 3, "price": 0.005, "mark_price": 0.00519758, "iv": 72.52, "instrument_name": "BTC-26MAR21-54000-C", "index_price": 52551.52, "direction": "sell", "amount": 0.2}, {"trade_seq": 1797, "trade_id": "138658220", "timestamp": 1616662776255, "tick_direction": 2, "price": 0.005, "mark_price": 0.00552599, "iv": 70.71, "instrument_name": "BTC-26MAR21-54000-C", "index_price": 52620.97, "direction": "sell", "amount": 0.1}, {"trade_seq": 1796, "trade_id": "138656875", "timestamp": 1616662241670, "tick_direction": 3, "price": 0.0055, "mark_price": 0.00522374, "iv": 74.76, "instrument_name": "BTC-26MAR21-54000-C", "index_price": 52575.94, "direction": "buy", "amount": 0.3}, {"trade_seq": 1795, "trade_id": "138656874", "timestamp": 1616662241668, "tick_direction": 2, "price": 0.0055, "mark_price": 0.00522374, "iv": 74.76, "instrument_name": "BTC-26MAR21-54000-C", "index_price": 52575.94, "direction": "sell", "amount": 2.5}, {"trade_seq": 1794, "trade_id": "138654864", "timestamp": 1616661798141, "tick_direction": 1, "price": 0.006, "mark_price": 0.00575719, "iv": 74.34, "instrument_name": "BTC-26MAR21-54000-C", "index_price": 52688.56, "direction": "buy", "amount": 0.2}, {"trade_seq": 1793, "trade_id": "138654839", "timestamp": 1616661790039, "tick_direction": 0, "price": 0.006, "mark_price": 0.0057545, "iv": 74.53, "instrument_name": "BTC-26MAR21-54000-C", "index_price": 52672.2, "direction": "buy", "amount": 0.3}, {"trade_seq": 1792, "trade_id": "138653563", "timestamp": 1616661519781, "tick_direction": 3, "price": 0.005, "mark_price": 0.00520025, "iv": 71.43, "instrument_name": "BTC-26MAR21-54000-C", "index_price": 52549.83, "direction": "buy", "amount": 1.2}, {"trade_seq": 1791, "trade_id": "138653528", "timestamp": 1616661508616, "tick_direction": 2, "price": 0.005, "mark_price": 0.00513384, "iv": 71.86, "instrument_name": "BTC-26MAR21-54000-C", "index_price": 52541.72, "direction": "buy", "amount": 1.0}, {"trade_seq": 1790, "trade_id": "138653162", "timestamp": 1616661418248, "tick_direction": 1, "price": 0.0055, "mark_price": 0.00479688, "iv": 76.83, "instrument_name": "BTC-26MAR21-54000-C", "index_price": 52480.97, "direction": "buy", "amount": 0.2}, {"trade_seq": 1789, "trade_id": "138653156", "timestamp": 1616661417476, "tick_direction": 1, "price": 0.0055, "mark_price": 0.00479688, "iv": 77.35, "instrument_name": "BTC-26MAR21-54000-C", "index_price": 52482.02, "direction": "buy", "amount": 0.1}, {"trade_seq": 1788, "trade_id": "138653147", "timestamp": 1616661416940, "tick_direction": 1, "price": 0.0055, "mark_price": 0.00479657, "iv": 77.35, "instrument_name": "BTC-26MAR21-54000-C", "index_price": 52462.44, "direction": "buy", "amount": 0.3}, {"trade_seq": 1787, "trade_id": "138653146", "timestamp": 1616661416775, "tick_direction": 0, "price": 0.0055, "mark_price": 0.00479657, "iv": 77.35, "instrument_name": "BTC-26MAR21-54000-C", "index_price": 52462.44, "direction": "buy", "amount": 0.2}, {"trade_seq": 1786, "trade_id": "138650275", "timestamp": 1616660631274, "tick_direction": 1, "price": 0.005, "mark_price": 0.00481869, "iv": 74.91, "instrument_name": "BTC-26MAR21-54000-C", "index_price": 52430.01, "direction": "buy", "amount": 0.2}, {"trade_seq": 1785, "trade_id": "138647169", "timestamp": 1616659888471, "tick_direction": 1, "price": 0.005, "mark_price": 0.00488415, "iv": 75.61, "instrument_name": "BTC-26MAR21-54000-C", "index_price": 52389.31, "direction": "sell", "amount": 0.1}, {"trade_seq": 1784, "trade_id": "138647167", "timestamp": 1616659888357, "tick_direction": 1, "price": 0.005, "mark_price": 0.00488415, "iv": 75.61, "instrument_name": "BTC-26MAR21-54000-C", "index_price": 52389.31, "direction": "sell", "amount": 0.2}, {"trade_seq": 1783, "trade_id": "138647137", "timestamp": 1616659884269, "tick_direction": 1, "price": 0.005, "mark_price": 0.00496276, "iv": 75.13, "instrument_name": "BTC-26MAR21-54000-C", "index_price": 52403.63, "direction": "sell", "amount": 0.2}, {"trade_seq": 1782, "trade_id": "138646949", "timestamp": 1616659838558, "tick_direction": 1, "price": 0.005, "mark_price": 0.00483522, "iv": 75.7, "instrument_name": "BTC-26MAR21-54000-C", "index_price": 52399.17, "direction": "sell", "amount": 0.2}, {"trade_seq": 1781, "trade_id": "138646948", "timestamp": 1616659838347, "tick_direction": 1, "price": 0.005, "mark_price": 0.00483522, "iv": 75.7, "instrument_name": "BTC-26MAR21-54000-C", "index_price": 52399.17, "direction": "sell", "amount": 0.1}, {"trade_seq": 1780, "trade_id": "138646947", "timestamp": 1616659838236, "tick_direction": 1, "price": 0.005, "mark_price": 0.00481331, "iv": 75.7, "instrument_name": "BTC-26MAR21-54000-C", "index_price": 52399.17, "direction": "sell", "amount": 0.2}, {"trade_seq": 1779, "trade_id": "138646946", "timestamp": 1616659837975, "tick_direction": 1, "price": 0.005, "mark_price": 0.00481331, "iv": 75.7, "instrument_name": "BTC-26MAR21-54000-C", "index_price": 52399.17, "direction": "sell", "amount": 0.6}, {"trade_seq": 1778, "trade_id": "138646945", "timestamp": 1616659835721, "tick_direction": 1, "price": 0.005, "mark_price": 0.00486769, "iv": 75.85, "instrument_name": "BTC-26MAR21-54000-C", "index_price": 52393.3, "direction": "sell", "amount": 0.2}, {"trade_seq": 1777, "trade_id": "138646936", "timestamp": 1616659834201, "tick_direction": 1, "price": 0.005, "mark_price": 0.00485472, "iv": 75.47, "instrument_name": "BTC-26MAR21-54000-C", "index_price": 52407.27, "direction": "sell", "amount": 0.1}, {"trade_seq": 1776, "trade_id": "138646935", "timestamp": 1616659834198, "tick_direction": 1, "price": 0.005, "mark_price": 0.00485472, "iv": 75.47, "instrument_name": "BTC-26MAR21-54000-C", "index_price": 52407.27, "direction": "sell", "amount": 0.2}, {"trade_seq": 1775, "trade_id": "138646916", "timestamp": 1616659832627, "tick_direction": 1, "price": 0.005, "mark_price": 0.00482817, "iv": 75.72, "instrument_name": "BTC-26MAR21-54000-C", "index_price": 52404.27, "direction": "sell", "amount": 2.0}, {"trade_seq": 1774, "trade_id": "138646915", "timestamp": 1616659832618, "tick_direction": 1, "price": 0.005, "mark_price": 0.00482817, "iv": 75.72, "instrument_name": "BTC-26MAR21-54000-C", "index_price": 52404.27, "direction": "buy", "amount": 0.5}, {"trade_seq": 1773, "trade_id": "138646914", "timestamp": 1616659832618, "tick_direction": 0, "price": 0.005, "mark_price": 0.00482817, "iv": 75.72, "instrument_name": "BTC-26MAR21-54000-C", "index_price": 52404.27, "direction": "buy", "amount": 0.4}, {"trade_seq": 1772, "trade_id": "138645582", "timestamp": 1616659545472, "tick_direction": 0, "price": 0.004, "mark_price": 0.00399921, "iv": 75.27, "instrument_name": "BTC-26MAR21-54000-C", "index_price": 52132.85, "direction": "buy", "amount": 0.1}, {"trade_seq": 1771, "trade_id": "138645434", "timestamp": 1616659510143, "tick_direction": 2, "price": 0.0035, "mark_price": 0.00393138, "iv": 72.2, "instrument_name": "BTC-26MAR21-54000-C", "index_price": 52103.95, "direction": "sell", "amount": 0.3}, {"trade_seq": 1770, "trade_id": "138643828", "timestamp": 1616659327289, "tick_direction": 3, "price": 0.004, "mark_price": 0.0045084, "iv": 72.42, "instrument_name": "BTC-26MAR21-54000-C", "index_price": 52231.14, "direction": "buy", "amount": 0.2}, {"trade_seq": 1769, "trade_id": "138643669", "timestamp": 1616659303704, "tick_direction": 3, "price": 0.004, "mark_price": 0.00447331, "iv": 73.27, "instrument_name": "BTC-26MAR21-54000-C", "index_price": 52194.86, "direction": "buy", "amount": 16.0}, {"trade_seq": 1768, "trade_id": "138643542", "timestamp": 1616659288867, "tick_direction": 3, "price": 0.004, "mark_price": 0.00447351, "iv": 72.91, "instrument_name": "BTC-26MAR21-54000-C", "index_price": 52203.28, "direction": "buy", "amount": 1.0}, {"trade_seq": 1767, "trade_id": "138643541", "timestamp": 1616659288864, "tick_direction": 3, "price": 0.004, "mark_price": 0.00447351, "iv": 72.91, "instrument_name": "BTC-26MAR21-54000-C", "index_price": 52203.28, "direction": "buy", "amount": 5.9}, {"trade_seq": 1766, "trade_id": "138643537", "timestamp": 1616659288399, "tick_direction": 2, "price": 0.004, "mark_price": 0.00447196, "iv": 72.89, "instrument_name": "BTC-26MAR21-54000-C", "index_price": 52205.49, "direction": "buy", "amount": 6.9}, {"trade_seq": 1765, "trade_id": "138639897", "timestamp": 1616658936201, "tick_direction": 2, "price": 0.0055, "mark_price": 0.00513327, "iv": 77.82, "instrument_name": "BTC-26MAR21-54000-C", "index_price": 52403.92, "direction": "sell", "amount": 1.0}, {"trade_seq": 1764, "trade_id": "138639576", "timestamp": 1616658893815, "tick_direction": 2, "price": 0.006, "mark_price": 0.00568455, "iv": 76.99, "instrument_name": "BTC-26MAR21-54000-C", "index_price": 52536.53, "direction": "sell", "amount": 0.1}, {"trade_seq": 1763, "trade_id": "138634105", "timestamp": 1616658136572, "tick_direction": 2, "price": 0.007, "mark_price": 0.00682291, "iv": 75.05, "instrument_name": "BTC-26MAR21-54000-C", "index_price": 52765.81, "direction": "sell", "amount": 1.0}, {"trade_seq": 1762, "trade_id": "138633470", "timestamp": 1616657913351, "tick_direction": 1, "price": 0.0075, "mark_price": 0.00779345, "iv": 72.46, "instrument_name": "BTC-26MAR21-54000-C", "index_price": 52936.81, "direction": "buy", "amount": 10.0}, {"trade_seq": 1761, "trade_id": "138632893", "timestamp": 1616657684139, "tick_direction": 0, "price": 0.0075, "mark_price": 0.00802392, "iv": 71.42, "instrument_name": "BTC-26MAR21-54000-C", "index_price": 52964.93, "direction": "sell", "amount": 0.3}, {"trade_seq": 1760, "trade_id": "138631639", "timestamp": 1616657170128, "tick_direction": 2, "price": 0.007, "mark_price": 0.00730284, "iv": 73.07, "instrument_name": "BTC-26MAR21-54000-C", "index_price": 52813.6, "direction": "sell", "amount": 0.8}, {"trade_seq": 1759, "trade_id": "138630272", "timestamp": 1616656798320, "tick_direction": 3, "price": 0.0075, "mark_price": 0.00778011, "iv": 73.16, "instrument_name": "BTC-26MAR21-54000-C", "index_price": 52905.8, "direction": "buy", "amount": 0.2}, {"trade_seq": 1758, "trade_id": "138630270", "timestamp": 1616656798311, "tick_direction": 2, "price": 0.0075, "mark_price": 0.00778011, "iv": 73.19, "instrument_name": "BTC-26MAR21-54000-C", "index_price": 52905.8, "direction": "buy", "amount": 0.1}, {"trade_seq": 1757, "trade_id": "138629333", "timestamp": 1616656624499, "tick_direction": 3, "price": 0.008, "mark_price": 0.00829003, "iv": 73.73, "instrument_name": "BTC-26MAR21-54000-C", "index_price": 52976.43, "direction": "sell", "amount": 1.0}, {"trade_seq": 1756, "trade_id": "138629332", "timestamp": 1616656624386, "tick_direction": 3, "price": 0.008, "mark_price": 0.00829003, "iv": 73.73, "instrument_name": "BTC-26MAR21-54000-C", "index_price": 52976.43, "direction": "sell", "amount": 5.4}, {"trade_seq": 1755, "trade_id": "138629330", "timestamp": 1616656624356, "tick_direction": 2, "price": 0.008, "mark_price": 0.00829003, "iv": 73.73, "instrument_name": "BTC-26MAR21-54000-C", "index_price": 52976.43, "direction": "sell", "amount": 5.4}, {"trade_seq": 1754, "trade_id": "138629124", "timestamp": 1616656528371, "tick_direction": 3, "price": 0.0085, "mark_price": 0.00889887, "iv": 73.32, "instrument_name": "BTC-26MAR21-54000-C", "index_price": 53071.58, "direction": "sell", "amount": 0.1}, {"trade_seq": 1753, "trade_id": "138629123", "timestamp": 1616656528369, "tick_direction": 3, "price": 0.0085, "mark_price": 0.00889887, "iv": 73.32, "instrument_name": "BTC-26MAR21-54000-C", "index_price": 53071.58, "direction": "sell", "amount": 0.2}, {"trade_seq": 1752, "trade_id": "138629100", "timestamp": 1616656528293, "tick_direction": 3, "price": 0.0085, "mark_price": 0.00889887, "iv": 73.29, "instrument_name": "BTC-26MAR21-54000-C", "index_price": 53071.58, "direction": "sell", "amount": 0.2}, {"trade_seq": 1751, "trade_id": "138629099", "timestamp": 1616656526012, "tick_direction": 3, "price": 0.0085, "mark_price": 0.00889201, "iv": 73.34, "instrument_name": "BTC-26MAR21-54000-C", "index_price": 53072.24, "direction": "sell", "amount": 0.3}, {"trade_seq": 1750, "trade_id": "138629098", "timestamp": 1616656525979, "tick_direction": 2, "price": 0.0085, "mark_price": 0.00889201, "iv": 73.34, "instrument_name": "BTC-26MAR21-54000-C", "index_price": 53072.24, "direction": "sell", "amount": 0.3}, {"trade_seq": 1749, "trade_id": "138628329", "timestamp": 1616656158298, "tick_direction": 0, "price": 0.009, "mark_price": 0.00925611, "iv": 74.13, "instrument_name": "BTC-26MAR21-54000-C", "index_price": 53115.08, "direction": "buy", "amount": 1.0}, {"trade_seq": 1748, "trade_id": "138625425", "timestamp": 1616655498064, "tick_direction": 2, "price": 0.0075, "mark_price": 0.00817047, "iv": 74.14, "instrument_name": "BTC-26MAR21-54000-C", "index_price": 52864.84, "direction": "sell", "amount": 1.0}, {"trade_seq": 1747, "trade_id": "138624495", "timestamp": 1616655173166, "tick_direction": 3, "price": 0.0085, "mark_price": 0.00943921, "iv": 73.8, "instrument_name": "BTC-26MAR21-54000-C", "index_price": 53032.9, "direction": "buy", "amount": 12.0}, {"trade_seq": 1746, "trade_id": "138624455", "timestamp": 1616655161536, "tick_direction": 3, "price": 0.0085, "mark_price": 0.00927538, "iv": 75.08, "instrument_name": "BTC-26MAR21-54000-C", "index_price": 52997.26, "direction": "buy", "amount": 10.0}, {"trade_seq": 1745, "trade_id": "138624454", "timestamp": 1616655161521, "tick_direction": 3, "price": 0.0085, "mark_price": 0.00927538, "iv": 75.08, "instrument_name": "BTC-26MAR21-54000-C", "index_price": 52997.26, "direction": "buy", "amount": 14.0}, {"trade_seq": 1744, "trade_id": "138624453", "timestamp": 1616655161520, "tick_direction": 2, "price": 0.0085, "mark_price": 0.00927538, "iv": 75.08, "instrument_name": "BTC-26MAR21-54000-C", "index_price": 52997.26, "direction": "buy", "amount": 14.0}, {"trade_seq": 1743, "trade_id": "138624142", "timestamp": 1616655122276, "tick_direction": 1, "price": 0.0095, "mark_price": 0.00960223, "iv": 78.7, "instrument_name": "BTC-26MAR21-54000-C", "index_price": 53036.73, "direction": "sell", "amount": 0.4}, {"trade_seq": 1742, "trade_id": "138624140", "timestamp": 1616655122267, "tick_direction": 0, "price": 0.0095, "mark_price": 0.009605, "iv": 78.7, "instrument_name": "BTC-26MAR21-54000-C", "index_price": 53036.73, "direction": "buy", "amount": 0.2}, {"trade_seq": 1741, "trade_id": "138622534", "timestamp": 1616654626281, "tick_direction": 3, "price": 0.0085, "mark_price": 0.00920338, "iv": 77.4, "instrument_name": "BTC-26MAR21-54000-C", "index_price": 52914.19, "direction": "sell", "amount": 0.2}, {"trade_seq": 1740, "trade_id": "138621925", "timestamp": 1616654461488, "tick_direction": 3, "price": 0.0085, "mark_price": 0.00942125, "iv": 77.01, "instrument_name": "BTC-26MAR21-54000-C", "index_price": 52905.79, "direction": "sell", "amount": 0.2}, {"trade_seq": 1739, "trade_id": "138621924", "timestamp": 1616654461443, "tick_direction": 3, "price": 0.0085, "mark_price": 0.0094131, "iv": 77.01, "instrument_name": "BTC-26MAR21-54000-C", "index_price": 52905.79, "direction": "sell", "amount": 0.1}, {"trade_seq": 1738, "trade_id": "138621923", "timestamp": 1616654461442, "tick_direction": 3, "price": 0.0085, "mark_price": 0.0094131, "iv": 77.01, "instrument_name": "BTC-26MAR21-54000-C", "index_price": 52905.79, "direction": "sell", "amount": 0.2}, {"trade_seq": 1737, "trade_id": "138621922", "timestamp": 1616654461272, "tick_direction": 3, "price": 0.0085, "mark_price": 0.0094131, "iv": 76.84, "instrument_name": "BTC-26MAR21-54000-C", "index_price": 52905.79, "direction": "sell", "amount": 0.1}, {"trade_seq": 1736, "trade_id": "138621911", "timestamp": 1616654453300, "tick_direction": 3, "price": 0.0085, "mark_price": 0.00937911, "iv": 77.1, "instrument_name": "BTC-26MAR21-54000-C", "index_price": 52904.73, "direction": "sell", "amount": 0.1}, {"trade_seq": 1735, "trade_id": "138621909", "timestamp": 1616654452843, "tick_direction": 3, "price": 0.0085, "mark_price": 0.00937911, "iv": 77.11, "instrument_name": "BTC-26MAR21-54000-C", "index_price": 52903.13, "direction": "sell", "amount": 0.1}, {"trade_seq": 1734, "trade_id": "138621906", "timestamp": 1616654450494, "tick_direction": 3, "price": 0.0085, "mark_price": 0.00943077, "iv": 76.81, "instrument_name": "BTC-26MAR21-54000-C", "index_price": 52909.16, "direction": "sell", "amount": 0.1}, {"trade_seq": 1733, "trade_id": "138621905", "timestamp": 1616654450491, "tick_direction": 3, "price": 0.0085, "mark_price": 0.00943077, "iv": 76.81, "instrument_name": "BTC-26MAR21-54000-C", "index_price": 52909.16, "direction": "sell", "amount": 0.3}, {"trade_seq": 1732, "trade_id": "138621504", "timestamp": 1616654295568, "tick_direction": 2, "price": 0.0085, "mark_price": 0.00965914, "iv": 76.39, "instrument_name": "BTC-26MAR21-54000-C", "index_price": 52913.56, "direction": "sell", "amount": 0.2}, {"trade_seq": 1731, "trade_id": "138619534", "timestamp": 1616653874680, "tick_direction": 3, "price": 0.009, "mark_price": 0.00999647, "iv": 79.34, "instrument_name": "BTC-26MAR21-54000-C", "index_price": 52901.27, "direction": "sell", "amount": 0.1}, {"trade_seq": 1730, "trade_id": "138619533", "timestamp": 1616653874680, "tick_direction": 2, "price": 0.009, "mark_price": 0.00999647, "iv": 79.34, "instrument_name": "BTC-26MAR21-54000-C", "index_price": 52901.27, "direction": "sell", "amount": 0.6}, {"trade_seq": 1729, "trade_id": "138617411", "timestamp": 1616652888269, "tick_direction": 1, "price": 0.012, "mark_price": 0.01231326, "iv": 83.15, "instrument_name": "BTC-26MAR21-54000-C", "index_price": 53222.25, "direction": "sell", "amount": 0.2}, {"trade_seq": 1728, "trade_id": "138617408", "timestamp": 1616652888137, "tick_direction": 1, "price": 0.012, "mark_price": 0.01231326, "iv": 83.15, "instrument_name": "BTC-26MAR21-54000-C", "index_price": 53222.25, "direction": "sell", "amount": 0.2}, {"trade_seq": 1727, "trade_id": "138617283", "timestamp": 1616652881457, "tick_direction": 1, "price": 0.012, "mark_price": 0.01183883, "iv": 85.03, "instrument_name": "BTC-26MAR21-54000-C", "index_price": 53176.62, "direction": "sell", "amount": 0.4}, {"trade_seq": 1726, "trade_id": "138617273", "timestamp": 1616652881399, "tick_direction": 1, "price": 0.012, "mark_price": 0.01183883, "iv": 85.03, "instrument_name": "BTC-26MAR21-54000-C", "index_price": 53176.62, "direction": "buy", "amount": 0.1}, {"trade_seq": 1725, "trade_id": "138617272", "timestamp": 1616652881399, "tick_direction": 0, "price": 0.012, "mark_price": 0.01183883, "iv": 85.03, "instrument_name": "BTC-26MAR21-54000-C", "index_price": 53176.62, "direction": "buy", "amount": 0.3}, {"trade_seq": 1724, "trade_id": "138615972", "timestamp": 1616652509454, "tick_direction": 0, "price": 0.011, "mark_price": 0.01088476, "iv": 86.11, "instrument_name": "BTC-26MAR21-54000-C", "index_price": 53003.99, "direction": "buy", "amount": 0.1}, {"trade_seq": 1723, "trade_id": "138615137", "timestamp": 1616652315692, "tick_direction": 0, "price": 0.01, "mark_price": 0.00999334, "iv": 85.88, "instrument_name": "BTC-26MAR21-54000-C", "index_price": 52846.45, "direction": "buy", "amount": 0.1}, {"trade_seq": 1722, "trade_id": "138614602", "timestamp": 1616652101184, "tick_direction": 3, "price": 0.009, "mark_price": 0.00932396, "iv": 84.41, "instrument_name": "BTC-26MAR21-54000-C", "index_price": 52692.85, "direction": "sell", "amount": 0.2}, {"trade_seq": 1721, "trade_id": "138614594", "timestamp": 1616652101001, "tick_direction": 3, "price": 0.009, "mark_price": 0.00932396, "iv": 84.41, "instrument_name": "BTC-26MAR21-54000-C", "index_price": 52692.85, "direction": "sell", "amount": 0.2}, {"trade_seq": 1720, "trade_id": "138614577", "timestamp": 1616652080792, "tick_direction": 3, "price": 0.009, "mark_price": 0.00929786, "iv": 84.5, "instrument_name": "BTC-26MAR21-54000-C", "index_price": 52696.39, "direction": "sell", "amount": 0.1}, {"trade_seq": 1719, "trade_id": "138614576", "timestamp": 1616652080776, "tick_direction": 3, "price": 0.009, "mark_price": 0.00929786, "iv": 84.5, "instrument_name": "BTC-26MAR21-54000-C", "index_price": 52696.39, "direction": "sell", "amount": 0.2}, {"trade_seq": 1718, "trade_id": "138614562", "timestamp": 1616652065097, "tick_direction": 2, "price": 0.009, "mark_price": 0.00939376, "iv": 84.06, "instrument_name": "BTC-26MAR21-54000-C", "index_price": 52705.53, "direction": "sell", "amount": 0.2}, {"trade_seq": 1717, "trade_id": "138612056", "timestamp": 1616650502650, "tick_direction": 1, "price": 0.01, "mark_price": 0.00973846, "iv": 88.68, "instrument_name": "BTC-26MAR21-54000-C", "index_price": 52693.43, "direction": "buy", "amount": 1.0}, {"trade_seq": 1716, "trade_id": "138609869", "timestamp": 1616649450218, "tick_direction": 0, "price": 0.01, "mark_price": 0.01005228, "iv": 87.66, "instrument_name": "BTC-26MAR21-54000-C", "index_price": 52691.6, "direction": "buy", "amount": 0.1}, {"trade_seq": 1715, "trade_id": "138602488", "timestamp": 1616646130619, "tick_direction": 1, "price": 0.0095, "mark_price": 0.01019517, "iv": 91.57, "instrument_name": "BTC-26MAR21-54000-C", "index_price": 52450.86, "direction": "buy", "amount": 0.2}, {"trade_seq": 1714, "trade_id": "138602486", "timestamp": 1616646129822, "tick_direction": 1, "price": 0.0095, "mark_price": 0.01019591, "iv": 91.69, "instrument_name": "BTC-26MAR21-54000-C", "index_price": 52449.77, "direction": "buy", "amount": 0.2}, {"trade_seq": 1713, "trade_id": "138602485", "timestamp": 1616646129571, "tick_direction": 1, "price": 0.0095, "mark_price": 0.01019591, "iv": 91.69, "instrument_name": "BTC-26MAR21-54000-C", "index_price": 52449.77, "direction": "buy", "amount": 0.1}, {"trade_seq": 1712, "trade_id": "138602479", "timestamp": 1616646129468, "tick_direction": 1, "price": 0.0095, "mark_price": 0.01019591, "iv": 91.69, "instrument_name": "BTC-26MAR21-54000-C", "index_price": 52449.77, "direction": "buy", "amount": 0.1}, {"trade_seq": 1711, "trade_id": "138602450", "timestamp": 1616646122275, "tick_direction": 1, "price": 0.0095, "mark_price": 0.01009499, "iv": 92.22, "instrument_name": "BTC-26MAR21-54000-C", "index_price": 52430.83, "direction": "buy", "amount": 0.1}, {"trade_seq": 1710, "trade_id": "138602449", "timestamp": 1616646122161, "tick_direction": 1, "price": 0.0095, "mark_price": 0.01009499, "iv": 92.22, "instrument_name": "BTC-26MAR21-54000-C", "index_price": 52430.83, "direction": "buy", "amount": 0.3}, {"trade_seq": 1709, "trade_id": "138602434", "timestamp": 1616646120680, "tick_direction": 1, "price": 0.0095, "mark_price": 0.01005783, "iv": 92.41, "instrument_name": "BTC-26MAR21-54000-C", "index_price": 52425.43, "direction": "buy", "amount": 0.1}, {"trade_seq": 1708, "trade_id": "138602433", "timestamp": 1616646120640, "tick_direction": 1, "price": 0.0095, "mark_price": 0.01005783, "iv": 92.41, "instrument_name": "BTC-26MAR21-54000-C", "index_price": 52425.43, "direction": "buy", "amount": 0.1}, {"trade_seq": 1707, "trade_id": "138602429", "timestamp": 1616646120517, "tick_direction": 1, "price": 0.0095, "mark_price": 0.01005783, "iv": 92.41, "instrument_name": "BTC-26MAR21-54000-C", "index_price": 52425.43, "direction": "buy", "amount": 0.3}, {"trade_seq": 1706, "trade_id": "138602414", "timestamp": 1616646117911, "tick_direction": 1, "price": 0.0095, "mark_price": 0.01003136, "iv": 92.55, "instrument_name": "BTC-26MAR21-54000-C", "index_price": 52416.27, "direction": "buy", "amount": 0.1}, {"trade_seq": 1705, "trade_id": "138602402", "timestamp": 1616646116482, "tick_direction": 1, "price": 0.0095, "mark_price": 0.00998735, "iv": 92.78, "instrument_name": "BTC-26MAR21-54000-C", "index_price": 52405.53, "direction": "buy", "amount": 0.2}, {"trade_seq": 1704, "trade_id": "138602401", "timestamp": 1616646116454, "tick_direction": 1, "price": 0.0095, "mark_price": 0.00998735, "iv": 92.78, "instrument_name": "BTC-26MAR21-54000-C", "index_price": 52405.53, "direction": "buy", "amount": 0.2}, {"trade_seq": 1703, "trade_id": "138602400", "timestamp": 1616646116348, "tick_direction": 1, "price": 0.0095, "mark_price": 0.00998735, "iv": 92.78, "instrument_name": "BTC-26MAR21-54000-C", "index_price": 52405.53, "direction": "buy", "amount": 0.2}, {"trade_seq": 1702, "trade_id": "138602360", "timestamp": 1616646103346, "tick_direction": 1, "price": 0.0095, "mark_price": 0.01004746, "iv": 92.56, "instrument_name": "BTC-26MAR21-54000-C", "index_price": 52410.11, "direction": "buy", "amount": 0.2}, {"trade_seq": 1701, "trade_id": "138602353", "timestamp": 1616646100027, "tick_direction": 0, "price": 0.0095, "mark_price": 0.01006347, "iv": 92.47, "instrument_name": "BTC-26MAR21-54000-C", "index_price": 52413.44, "direction": "buy", "amount": 0.3}, {"trade_seq": 1700, "trade_id": "138601970", "timestamp": 1616645944213, "tick_direction": 0, "price": 0.009, "mark_price": 0.00918277, "iv": 94.87, "instrument_name": "BTC-26MAR21-54000-C", "index_price": 52229.3, "direction": "sell", "amount": 0.2}, {"trade_seq": 1699, "trade_id": "138597310", "timestamp": 1616644289008, "tick_direction": 0, "price": 0.0085, "mark_price": 0.00870924, "iv": 95.15, "instrument_name": "BTC-26MAR21-54000-C", "index_price": 52100.55, "direction": "buy", "amount": 1.0}, {"trade_seq": 1698, "trade_id": "138595734", "timestamp": 1616643625406, "tick_direction": 2, "price": 0.0075, "mark_price": 0.00777182, "iv": 94.71, "instrument_name": "BTC-26MAR21-54000-C", "index_price": 51894.23, "direction": "sell", "amount": 0.8}, {"trade_seq": 1697, "trade_id": "138595319", "timestamp": 1616643550031, "tick_direction": 2, "price": 0.008, "mark_price": 0.0077468, "iv": 97.43, "instrument_name": "BTC-26MAR21-54000-C", "index_price": 51904.4, "direction": "sell", "amount": 0.1}, {"trade_seq": 1696, "trade_id": "138593970", "timestamp": 1616643100595, "tick_direction": 3, "price": 0.009, "mark_price": 0.0089642, "iv": 95.48, "instrument_name": "BTC-26MAR21-54000-C", "index_price": 52172.44, "direction": "buy", "amount": 0.1}, {"trade_seq": 1695, "trade_id": "138593968", "timestamp": 1616643100472, "tick_direction": 3, "price": 0.009, "mark_price": 0.0089642, "iv": 95.48, "instrument_name": "BTC-26MAR21-54000-C", "index_price": 52172.44, "direction": "buy", "amount": 0.1}, {"trade_seq": 1694, "trade_id": "138593960", "timestamp": 1616643097724, "tick_direction": 3, "price": 0.009, "mark_price": 0.00886892, "iv": 95.96, "instrument_name": "BTC-26MAR21-54000-C", "index_price": 52160.31, "direction": "buy", "amount": 0.2}, {"trade_seq": 1693, "trade_id": "138593959", "timestamp": 1616643097497, "tick_direction": 3, "price": 0.009, "mark_price": 0.00886892, "iv": 95.96, "instrument_name": "BTC-26MAR21-54000-C", "index_price": 52160.31, "direction": "buy", "amount": 0.4}, {"trade_seq": 1692, "trade_id": "138592131", "timestamp": 1616642507785, "tick_direction": 3, "price": 0.009, "mark_price": 0.00919893, "iv": 93.92, "instrument_name": "BTC-26MAR21-54000-C", "index_price": 52245.35, "direction": "buy", "amount": 0.2}, {"trade_seq": 1691, "trade_id": "138592117", "timestamp": 1616642500975, "tick_direction": 2, "price": 0.009, "mark_price": 0.00935256, "iv": 93.34, "instrument_name": "BTC-26MAR21-54000-C", "index_price": 52265.12, "direction": "buy", "amount": 1.0}, {"trade_seq": 1690, "trade_id": "138592101", "timestamp": 1616642492688, "tick_direction": 2, "price": 0.0095, "mark_price": 0.00953431, "iv": 94.88, "instrument_name": "BTC-26MAR21-54000-C", "index_price": 52301.63, "direction": "buy", "amount": 0.3}, {"trade_seq": 1689, "trade_id": "138585130", "timestamp": 1616640086002, "tick_direction": 0, "price": 0.0105, "mark_price": 0.01015862, "iv": 97.03, "instrument_name": "BTC-26MAR21-54000-C", "index_price": 52365.4, "direction": "buy", "amount": 0.7}, {"trade_seq": 1688, "trade_id": "138583249", "timestamp": 1616639716858, "tick_direction": 1, "price": 0.01, "mark_price": 0.00978808, "iv": 96.69, "instrument_name": "BTC-26MAR21-54000-C", "index_price": 52268.13, "direction": "buy", "amount": 0.2}, {"trade_seq": 1687, "trade_id": "138583085", "timestamp": 1616639663343, "tick_direction": 0, "price": 0.01, "mark_price": 0.01009458, "iv": 95.29, "instrument_name": "BTC-26MAR21-54000-C", "index_price": 52312.57, "direction": "buy", "amount": 0.5}, {"trade_seq": 1686, "trade_id": "138582854", "timestamp": 1616639611772, "tick_direction": 3, "price": 0.0095, "mark_price": 0.0096163, "iv": 94.9, "instrument_name": "BTC-26MAR21-54000-C", "index_price": 52247.4, "direction": "sell", "amount": 0.9}, {"trade_seq": 1685, "trade_id": "138582802", "timestamp": 1616639605990, "tick_direction": 3, "price": 0.0095, "mark_price": 0.00974451, "iv": 94.52, "instrument_name": "BTC-26MAR21-54000-C", "index_price": 52260.12, "direction": "sell", "amount": 0.7}, {"trade_seq": 1684, "trade_id": "138582752", "timestamp": 1616639594753, "tick_direction": 2, "price": 0.0095, "mark_price": 0.00990935, "iv": 93.71, "instrument_name": "BTC-26MAR21-54000-C", "index_price": 52284.47, "direction": "sell", "amount": 0.7}, {"trade_seq": 1683, "trade_id": "138582728", "timestamp": 1616639590338, "tick_direction": 3, "price": 0.01, "mark_price": 0.01007812, "iv": 95.38, "instrument_name": "BTC-26MAR21-54000-C", "index_price": 52310.09, "direction": "sell", "amount": 0.7}, {"trade_seq": 1682, "trade_id": "138582724", "timestamp": 1616639585619, "tick_direction": 2, "price": 0.01, "mark_price": 0.01021035, "iv": 94.72, "instrument_name": "BTC-26MAR21-54000-C", "index_price": 52325.93, "direction": "sell", "amount": 0.7}, {"trade_seq": 1681, "trade_id": "138580938", "timestamp": 1616639379360, "tick_direction": 0, "price": 0.011, "mark_price": 0.00914567, "iv": 104.12, "instrument_name": "BTC-26MAR21-54000-C", "index_price": 52187.44, "direction": "buy", "amount": 1.0}, {"trade_seq": 1680, "trade_id": "138580778", "timestamp": 1616639364645, "tick_direction": 3, "price": 0.01, "mark_price": 0.00919914, "iv": 98.73, "instrument_name": "BTC-26MAR21-54000-C", "index_price": 52201.43, "direction": "sell", "amount": 29.1}, {"trade_seq": 1679, "trade_id": "138580777", "timestamp": 1616639364645, "tick_direction": 2, "price": 0.01, "mark_price": 0.00919914, "iv": 98.73, "instrument_name": "BTC-26MAR21-54000-C", "index_price": 52201.43, "direction": "sell", "amount": 5.0}, {"trade_seq": 1678, "trade_id": "138580056", "timestamp": 1616639299033, "tick_direction": 0, "price": 0.011, "mark_price": 0.00874112, "iv": 105.8, "instrument_name": "BTC-26MAR21-54000-C", "index_price": 52107.93, "direction": "buy", "amount": 0.2}, {"trade_seq": 1677, "trade_id": "138579136", "timestamp": 1616639172212, "tick_direction": 1, "price": 0.0105, "mark_price": 0.00816965, "iv": 105.58, "instrument_name": "BTC-26MAR21-54000-C", "index_price": 52022.45, "direction": "sell", "amount": 1.1}, {"trade_seq": 1676, "trade_id": "138577370", "timestamp": 1616638894146, "tick_direction": 0, "price": 0.0105, "mark_price": 0.00815855, "iv": 103.79, "instrument_name": "BTC-26MAR21-54000-C", "index_price": 52064.15, "direction": "sell", "amount": 1.1}, {"trade_seq": 1675, "trade_id": "138576650", "timestamp": 1616638799058, "tick_direction": 0, "price": 0.0095, "mark_price": 0.00726832, "iv": 103.25, "instrument_name": "BTC-26MAR21-54000-C", "index_price": 51901.52, "direction": "sell", "amount": 1.0}, {"trade_seq": 1674, "trade_id": "138576528", "timestamp": 1616638790150, "tick_direction": 1, "price": 0.009, "mark_price": 0.00730079, "iv": 100.64, "instrument_name": "BTC-26MAR21-54000-C", "index_price": 51901.6, "direction": "sell", "amount": 1.1}, {"trade_seq": 1673, "trade_id": "138576483", "timestamp": 1616638780248, "tick_direction": 1, "price": 0.009, "mark_price": 0.00743533, "iv": 99.62, "instrument_name": "BTC-26MAR21-54000-C", "index_price": 51929.75, "direction": "sell", "amount": 1.1}, {"trade_seq": 1672, "trade_id": "138576396", "timestamp": 1616638758220, "tick_direction": 0, "price": 0.009, "mark_price": 0.0075328, "iv": 99.01, "instrument_name": "BTC-26MAR21-54000-C", "index_price": 51961.08, "direction": "sell", "amount": 1.2}, {"trade_seq": 1671, "trade_id": "138576218", "timestamp": 1616638732063, "tick_direction": 2, "price": 0.0085, "mark_price": 0.00748453, "iv": 96.64, "instrument_name": "BTC-26MAR21-54000-C", "index_price": 51970.69, "direction": "sell", "amount": 5.0}, {"trade_seq": 1670, "trade_id": "138571297", "timestamp": 1616638384480, "tick_direction": 1, "price": 0.009, "mark_price": 0.00746187, "iv": 96.94, "instrument_name": "BTC-26MAR21-54000-C", "index_price": 51996.46, "direction": "buy", "amount": 0.1}, {"trade_seq": 1669, "trade_id": "138571289", "timestamp": 1616638384412, "tick_direction": 1, "price": 0.009, "mark_price": 0.00746187, "iv": 96.94, "instrument_name": "BTC-26MAR21-54000-C", "index_price": 51996.46, "direction": "buy", "amount": 0.3}, {"trade_seq": 1668, "trade_id": "138571248", "timestamp": 1616638383965, "tick_direction": 1, "price": 0.009, "mark_price": 0.00746831, "iv": 96.9, "instrument_name": "BTC-26MAR21-54000-C", "index_price": 51990.08, "direction": "buy", "amount": 0.3}, {"trade_seq": 1667, "trade_id": "138571246", "timestamp": 1616638383920, "tick_direction": 1, "price": 0.009, "mark_price": 0.00746831, "iv": 96.9, "instrument_name": "BTC-26MAR21-54000-C", "index_price": 51990.08, "direction": "buy", "amount": 1.6}, {"trade_seq": 1666, "trade_id": "138571193", "timestamp": 1616638382919, "tick_direction": 1, "price": 0.009, "mark_price": 0.00747137, "iv": 96.88, "instrument_name": "BTC-26MAR21-54000-C", "index_price": 51996.23, "direction": "buy", "amount": 0.1}, {"trade_seq": 1665, "trade_id": "138571192", "timestamp": 1616638382917, "tick_direction": 1, "price": 0.009, "mark_price": 0.00747137, "iv": 96.88, "instrument_name": "BTC-26MAR21-54000-C", "index_price": 51996.23, "direction": "buy", "amount": 0.1}, {"trade_seq": 1664, "trade_id": "138571191", "timestamp": 1616638382916, "tick_direction": 0, "price": 0.009, "mark_price": 0.00747137, "iv": 96.88, "instrument_name": "BTC-26MAR21-54000-C", "index_price": 51996.23, "direction": "buy", "amount": 0.3}, {"trade_seq": 1663, "trade_id": "138570729", "timestamp": 1616638343726, "tick_direction": 1, "price": 0.0085, "mark_price": 0.00722077, "iv": 95.42, "instrument_name": "BTC-26MAR21-54000-C", "index_price": 51920.05, "direction": "buy", "amount": 0.6}, {"trade_seq": 1662, "trade_id": "138570728", "timestamp": 1616638343691, "tick_direction": 1, "price": 0.0085, "mark_price": 0.00722077, "iv": 95.42, "instrument_name": "BTC-26MAR21-54000-C", "index_price": 51920.05, "direction": "buy", "amount": 0.6}, {"trade_seq": 1661, "trade_id": "138570727", "timestamp": 1616638343680, "tick_direction": 1, "price": 0.0085, "mark_price": 0.00722077, "iv": 95.42, "instrument_name": "BTC-26MAR21-54000-C", "index_price": 51920.05, "direction": "buy", "amount": 0.5}, {"trade_seq": 1660, "trade_id": "138570726", "timestamp": 1616638343678, "tick_direction": 1, "price": 0.0085, "mark_price": 0.00722077, "iv": 95.42, "instrument_name": "BTC-26MAR21-54000-C", "index_price": 51920.05, "direction": "buy", "amount": 2.8}, {"trade_seq": 1659, "trade_id": "138570725", "timestamp": 1616638343582, "tick_direction": 1, "price": 0.0085, "mark_price": 0.00722077, "iv": 95.42, "instrument_name": "BTC-26MAR21-54000-C", "index_price": 51920.05, "direction": "buy", "amount": 1.7}, {"trade_seq": 1658, "trade_id": "138570546", "timestamp": 1616638338196, "tick_direction": 1, "price": 0.0085, "mark_price": 0.00706763, "iv": 95.83, "instrument_name": "BTC-26MAR21-54000-C", "index_price": 51912.99, "direction": "buy", "amount": 0.9}, {"trade_seq": 1657, "trade_id": "138570524", "timestamp": 1616638337711, "tick_direction": 1, "price": 0.0085, "mark_price": 0.00706763, "iv": 96.26, "instrument_name": "BTC-26MAR21-54000-C", "index_price": 51898.89, "direction": "buy", "amount": 0.2}, {"trade_seq": 1656, "trade_id": "138570511", "timestamp": 1616638337563, "tick_direction": 1, "price": 0.0085, "mark_price": 0.00706763, "iv": 96.26, "instrument_name": "BTC-26MAR21-54000-C", "index_price": 51898.89, "direction": "buy", "amount": 0.1}, {"trade_seq": 1655, "trade_id": "138570488", "timestamp": 1616638337244, "tick_direction": 1, "price": 0.0085, "mark_price": 0.00703064, "iv": 96.26, "instrument_name": "BTC-26MAR21-54000-C", "index_price": 51898.89, "direction": "buy", "amount": 0.1}, {"trade_seq": 1654, "trade_id": "138570486", "timestamp": 1616638336957, "tick_direction": 1, "price": 0.0085, "mark_price": 0.00703064, "iv": 96.26, "instrument_name": "BTC-26MAR21-54000-C", "index_price": 51898.89, "direction": "buy", "amount": 0.4}, {"trade_seq": 1653, "trade_id": "138570476", "timestamp": 1616638336162, "tick_direction": 0, "price": 0.0085, "mark_price": 0.00702317, "iv": 96.46, "instrument_name": "BTC-26MAR21-54000-C", "index_price": 51895.63, "direction": "buy", "amount": 1.4}, {"trade_seq": 1652, "trade_id": "138570285", "timestamp": 1616638329924, "tick_direction": 3, "price": 0.008, "mark_price": 0.00707046, "iv": 93.23, "instrument_name": "BTC-26MAR21-54000-C", "index_price": 51895.2, "direction": "sell", "amount": 1.3}, {"trade_seq": 1651, "trade_id": "138568535", "timestamp": 1616638177706, "tick_direction": 3, "price": 0.008, "mark_price": 0.00734456, "iv": 90.98, "instrument_name": "BTC-26MAR21-54000-C", "index_price": 51993.15, "direction": "sell", "amount": 1.2}, {"trade_seq": 1650, "trade_id": "138568510", "timestamp": 1616638176960, "tick_direction": 3, "price": 0.008, "mark_price": 0.00738745, "iv": 91.06, "instrument_name": "BTC-26MAR21-54000-C", "index_price": 51993.15, "direction": "sell", "amount": 0.8}, {"trade_seq": 1649, "trade_id": "138568478", "timestamp": 1616638174786, "tick_direction": 2, "price": 0.008, "mark_price": 0.0074788, "iv": 90.71, "instrument_name": "BTC-26MAR21-54000-C", "index_price": 51999.23, "direction": "sell", "amount": 1.5}, {"trade_seq": 1648, "trade_id": "138568388", "timestamp": 1616638163996, "tick_direction": 3, "price": 0.0085, "mark_price": 0.0075141, "iv": 92.46, "instrument_name": "BTC-26MAR21-54000-C", "index_price": 52033.8, "direction": "buy", "amount": 0.4}, {"trade_seq": 1647, "trade_id": "138568379", "timestamp": 1616638163725, "tick_direction": 3, "price": 0.0085, "mark_price": 0.0075141, "iv": 92.46, "instrument_name": "BTC-26MAR21-54000-C", "index_price": 52033.8, "direction": "buy", "amount": 1.0}, {"trade_seq": 1646, "trade_id": "138568378", "timestamp": 1616638163560, "tick_direction": 3, "price": 0.0085, "mark_price": 0.0075141, "iv": 92.68, "instrument_name": "BTC-26MAR21-54000-C", "index_price": 52036.96, "direction": "buy", "amount": 0.3}, {"trade_seq": 1645, "trade_id": "138568375", "timestamp": 1616638161958, "tick_direction": 3, "price": 0.0085, "mark_price": 0.00760057, "iv": 92.48, "instrument_name": "BTC-26MAR21-54000-C", "index_price": 52027.49, "direction": "buy", "amount": 0.1}, {"trade_seq": 1644, "trade_id": "138568336", "timestamp": 1616638159287, "tick_direction": 3, "price": 0.0085, "mark_price": 0.00765701, "iv": 91.88, "instrument_name": "BTC-26MAR21-54000-C", "index_price": 52047.35, "direction": "buy", "amount": 0.1}, {"trade_seq": 1643, "trade_id": "138568331", "timestamp": 1616638159118, "tick_direction": 3, "price": 0.0085, "mark_price": 0.00765701, "iv": 91.88, "instrument_name": "BTC-26MAR21-54000-C", "index_price": 52047.35, "direction": "buy", "amount": 0.3}, {"trade_seq": 1642, "trade_id": "138568275", "timestamp": 1616638157131, "tick_direction": 3, "price": 0.0085, "mark_price": 0.00771262, "iv": 91.56, "instrument_name": "BTC-26MAR21-54000-C", "index_price": 52058.0, "direction": "buy", "amount": 0.2}, {"trade_seq": 1641, "trade_id": "138568274", "timestamp": 1616638157116, "tick_direction": 3, "price": 0.0085, "mark_price": 0.00771262, "iv": 91.56, "instrument_name": "BTC-26MAR21-54000-C", "index_price": 52058.0, "direction": "buy", "amount": 0.8}, {"trade_seq": 1640, "trade_id": "138568136", "timestamp": 1616638149501, "tick_direction": 3, "price": 0.0085, "mark_price": 0.00789566, "iv": 90.53, "instrument_name": "BTC-26MAR21-54000-C", "index_price": 52084.92, "direction": "buy", "amount": 0.4}, {"trade_seq": 1639, "trade_id": "138568134", "timestamp": 1616638149496, "tick_direction": 3, "price": 0.0085, "mark_price": 0.00789566, "iv": 90.53, "instrument_name": "BTC-26MAR21-54000-C", "index_price": 52084.92, "direction": "buy", "amount": 2.1}, {"trade_seq": 1638, "trade_id": "138568058", "timestamp": 1616638145506, "tick_direction": 3, "price": 0.0085, "mark_price": 0.00816413, "iv": 89.09, "instrument_name": "BTC-26MAR21-54000-C", "index_price": 52126.12, "direction": "buy", "amount": 0.6}, {"trade_seq": 1637, "trade_id": "138568054", "timestamp": 1616638145287, "tick_direction": 2, "price": 0.0085, "mark_price": 0.00816413, "iv": 89.09, "instrument_name": "BTC-26MAR21-54000-C", "index_price": 52126.12, "direction": "buy", "amount": 0.9}, {"trade_seq": 1636, "trade_id": "138568019", "timestamp": 1616638140197, "tick_direction": 0, "price": 0.009, "mark_price": 0.00832835, "iv": 90.77, "instrument_name": "BTC-26MAR21-54000-C", "index_price": 52163.95, "direction": "buy", "amount": 0.5}, {"trade_seq": 1635, "trade_id": "138567777", "timestamp": 1616638111550, "tick_direction": 1, "price": 0.0085, "mark_price": 0.00790566, "iv": 90.46, "instrument_name": "BTC-26MAR21-54000-C", "index_price": 52090.4, "direction": "buy", "amount": 0.2}, {"trade_seq": 1634, "trade_id": "138567775", "timestamp": 1616638111105, "tick_direction": 1, "price": 0.0085, "mark_price": 0.00790566, "iv": 90.33, "instrument_name": "BTC-26MAR21-54000-C", "index_price": 52091.89, "direction": "buy", "amount": 0.1}, {"trade_seq": 1633, "trade_id": "138567774", "timestamp": 1616638111105, "tick_direction": 1, "price": 0.0085, "mark_price": 0.00790566, "iv": 90.33, "instrument_name": "BTC-26MAR21-54000-C", "index_price": 52091.89, "direction": "buy", "amount": 0.1}, {"trade_seq": 1632, "trade_id": "138567607", "timestamp": 1616638097771, "tick_direction": 0, "price": 0.0085, "mark_price": 0.00839717, "iv": 87.74, "instrument_name": "BTC-26MAR21-54000-C", "index_price": 52176.0, "direction": "buy", "amount": 0.5}, {"trade_seq": 1631, "trade_id": "138554102", "timestamp": 1616636118857, "tick_direction": 3, "price": 0.0075, "mark_price": 0.00743225, "iv": 82.56, "instrument_name": "BTC-26MAR21-54000-C", "index_price": 52147.35, "direction": "sell", "amount": 0.4}, {"trade_seq": 1630, "trade_id": "138553567", "timestamp": 1616635973716, "tick_direction": 2, "price": 0.0075, "mark_price": 0.00744686, "iv": 82.04, "instrument_name": "BTC-26MAR21-54000-C", "index_price": 52176.09, "direction": "sell", "amount": 0.6}, {"trade_seq": 1629, "trade_id": "138551435", "timestamp": 1616635401212, "tick_direction": 1, "price": 0.009, "mark_price": 0.00927528, "iv": 79.92, "instrument_name": "BTC-26MAR21-54000-C", "index_price": 52557.91, "direction": "sell", "amount": 0.5}, {"trade_seq": 1628, "trade_id": "138551322", "timestamp": 1616635394820, "tick_direction": 0, "price": 0.009, "mark_price": 0.00928035, "iv": 79.9, "instrument_name": "BTC-26MAR21-54000-C", "index_price": 52546.59, "direction": "sell", "amount": 0.3}, {"trade_seq": 1627, "trade_id": "138550992", "timestamp": 1616635325864, "tick_direction": 3, "price": 0.0085, "mark_price": 0.00894998, "iv": 79.32, "instrument_name": "BTC-26MAR21-54000-C", "index_price": 52472.39, "direction": "sell", "amount": 0.3}, {"trade_seq": 1626, "trade_id": "138550981", "timestamp": 1616635324879, "tick_direction": 3, "price": 0.0085, "mark_price": 0.00895576, "iv": 79.13, "instrument_name": "BTC-26MAR21-54000-C", "index_price": 52479.48, "direction": "sell", "amount": 0.2}, {"trade_seq": 1625, "trade_id": "138550978", "timestamp": 1616635323592, "tick_direction": 3, "price": 0.0085, "mark_price": 0.008985, "iv": 78.96, "instrument_name": "BTC-26MAR21-54000-C", "index_price": 52479.46, "direction": "sell", "amount": 0.2}, {"trade_seq": 1624, "trade_id": "138550973", "timestamp": 1616635321889, "tick_direction": 3, "price": 0.0085, "mark_price": 0.00904977, "iv": 78.65, "instrument_name": "BTC-26MAR21-54000-C", "index_price": 52483.99, "direction": "sell", "amount": 0.2}, {"trade_seq": 1623, "trade_id": "138550862", "timestamp": 1616635253557, "tick_direction": 2, "price": 0.0085, "mark_price": 0.00907506, "iv": 78.58, "instrument_name": "BTC-26MAR21-54000-C", "index_price": 52500.27, "direction": "sell", "amount": 0.2}, {"trade_seq": 1622, "trade_id": "138548067", "timestamp": 1616634342506, "tick_direction": 0, "price": 0.0095, "mark_price": 0.0099999, "iv": 79.05, "instrument_name": "BTC-26MAR21-54000-C", "index_price": 52632.32, "direction": "sell", "amount": 0.2}, {"trade_seq": 1621, "trade_id": "138544427", "timestamp": 1616632915710, "tick_direction": 3, "price": 0.0085, "mark_price": 0.00890671, "iv": 81.23, "instrument_name": "BTC-26MAR21-54000-C", "index_price": 52340.72, "direction": "sell", "amount": 0.2}, {"trade_seq": 1620, "trade_id": "138544049", "timestamp": 1616632693818, "tick_direction": 2, "price": 0.0085, "mark_price": 0.00897939, "iv": 80.39, "instrument_name": "BTC-26MAR21-54000-C", "index_price": 52376.03, "direction": "sell", "amount": 0.2}, {"trade_seq": 1619, "trade_id": "138543687", "timestamp": 1616632554560, "tick_direction": 2, "price": 0.009, "mark_price": 0.00890246, "iv": 82.8, "instrument_name": "BTC-26MAR21-54000-C", "index_price": 52375.26, "direction": "buy", "amount": 0.5}, {"trade_seq": 1618, "trade_id": "138542030", "timestamp": 1616632043203, "tick_direction": 1, "price": 0.0105, "mark_price": 0.01054994, "iv": 82.09, "instrument_name": "BTC-26MAR21-54000-C", "index_price": 52644.74, "direction": "buy", "amount": 0.7}, {"trade_seq": 1617, "trade_id": "138538339", "timestamp": 1616631139945, "tick_direction": 0, "price": 0.0105, "mark_price": 0.01022082, "iv": 83.8, "instrument_name": "BTC-26MAR21-54000-C", "index_price": 52558.43, "direction": "buy", "amount": 11.0}, {"trade_seq": 1616, "trade_id": "138535227", "timestamp": 1616630726618, "tick_direction": 1, "price": 0.0085, "mark_price": 0.00827929, "iv": 83.54, "instrument_name": "BTC-26MAR21-54000-C", "index_price": 52212.58, "direction": "sell", "amount": 7.1}, {"trade_seq": 1615, "trade_id": "138535226", "timestamp": 1616630726560, "tick_direction": 1, "price": 0.0085, "mark_price": 0.00827929, "iv": 83.54, "instrument_name": "BTC-26MAR21-54000-C", "index_price": 52212.58, "direction": "sell", "amount": 0.3}, {"trade_seq": 1614, "trade_id": "138535173", "timestamp": 1616630724134, "tick_direction": 1, "price": 0.0085, "mark_price": 0.00836135, "iv": 83.11, "instrument_name": "BTC-26MAR21-54000-C", "index_price": 52215.08, "direction": "sell", "amount": 0.1}, {"trade_seq": 1613, "trade_id": "138535172", "timestamp": 1616630724111, "tick_direction": 1, "price": 0.0085, "mark_price": 0.00836135, "iv": 83.11, "instrument_name": "BTC-26MAR21-54000-C", "index_price": 52215.08, "direction": "sell", "amount": 0.1}, {"trade_seq": 1612, "trade_id": "138535171", "timestamp": 1616630724091, "tick_direction": 1, "price": 0.0085, "mark_price": 0.00836135, "iv": 83.11, "instrument_name": "BTC-26MAR21-54000-C", "index_price": 52215.08, "direction": "sell", "amount": 0.3}, {"trade_seq": 1611, "trade_id": "138535170", "timestamp": 1616630724072, "tick_direction": 1, "price": 0.0085, "mark_price": 0.00836135, "iv": 83.11, "instrument_name": "BTC-26MAR21-54000-C", "index_price": 52215.08, "direction": "sell", "amount": 1.5}, {"trade_seq": 1610, "trade_id": "138535169", "timestamp": 1616630724051, "tick_direction": 0, "price": 0.0085, "mark_price": 0.00836135, "iv": 83.11, "instrument_name": "BTC-26MAR21-54000-C", "index_price": 52215.08, "direction": "buy", "amount": 0.8}, {"trade_seq": 1609, "trade_id": "138534373", "timestamp": 1616630647588, "tick_direction": 0, "price": 0.008, "mark_price": 0.00771855, "iv": 83.7, "instrument_name": "BTC-26MAR21-54000-C", "index_price": 52121.93, "direction": "sell", "amount": 0.3}, {"trade_seq": 1608, "trade_id": "138533234", "timestamp": 1616630546416, "tick_direction": 2, "price": 0.0075, "mark_price": 0.00814778, "iv": 78.87, "instrument_name": "BTC-26MAR21-54000-C", "index_price": 52205.2, "direction": "sell", "amount": 3.0}, {"trade_seq": 1607, "trade_id": "138531541", "timestamp": 1616630370971, "tick_direction": 3, "price": 0.0085, "mark_price": 0.00883744, "iv": 80.5, "instrument_name": "BTC-26MAR21-54000-C", "index_price": 52345.04, "direction": "sell", "amount": 0.3}, {"trade_seq": 1606, "trade_id": "138531496", "timestamp": 1616630369252, "tick_direction": 3, "price": 0.0085, "mark_price": 0.00890262, "iv": 80.15, "instrument_name": "BTC-26MAR21-54000-C", "index_price": 52360.49, "direction": "sell", "amount": 0.2}, {"trade_seq": 1605, "trade_id": "138531424", "timestamp": 1616630364091, "tick_direction": 2, "price": 0.0085, "mark_price": 0.00895629, "iv": 79.88, "instrument_name": "BTC-26MAR21-54000-C", "index_price": 52368.39, "direction": "sell", "amount": 0.7}, {"trade_seq": 1604, "trade_id": "138531082", "timestamp": 1616630303891, "tick_direction": 3, "price": 0.009, "mark_price": 0.00952069, "iv": 79.56, "instrument_name": "BTC-26MAR21-54000-C", "index_price": 52472.41, "direction": "sell", "amount": 0.3}, {"trade_seq": 1603, "trade_id": "138531081", "timestamp": 1616630303875, "tick_direction": 3, "price": 0.009, "mark_price": 0.00952069, "iv": 79.56, "instrument_name": "BTC-26MAR21-54000-C", "index_price": 52472.41, "direction": "sell", "amount": 0.3}, {"trade_seq": 1602, "trade_id": "138530094", "timestamp": 1616630175357, "tick_direction": 3, "price": 0.009, "mark_price": 0.00924456, "iv": 81.25, "instrument_name": "BTC-26MAR21-54000-C", "index_price": 52410.04, "direction": "sell", "amount": 0.3}, {"trade_seq": 1601, "trade_id": "138530093", "timestamp": 1616630175307, "tick_direction": 3, "price": 0.009, "mark_price": 0.00924456, "iv": 81.25, "instrument_name": "BTC-26MAR21-54000-C", "index_price": 52410.04, "direction": "sell", "amount": 0.3}, {"trade_seq": 1600, "trade_id": "138530077", "timestamp": 1616630175165, "tick_direction": 2, "price": 0.009, "mark_price": 0.00924456, "iv": 81.1, "instrument_name": "BTC-26MAR21-54000-C", "index_price": 52412.69, "direction": "sell", "amount": 0.4}, {"trade_seq": 1599, "trade_id": "138529640", "timestamp": 1616630133496, "tick_direction": 2, "price": 0.0095, "mark_price": 0.01001922, "iv": 79.83, "instrument_name": "BTC-26MAR21-54000-C", "index_price": 52537.22, "direction": "sell", "amount": 15.0}, {"trade_seq": 1598, "trade_id": "138524033", "timestamp": 1616629244712, "tick_direction": 1, "price": 0.0115, "mark_price": 0.01175037, "iv": 81.41, "instrument_name": "BTC-26MAR21-54000-C", "index_price": 52782.5, "direction": "sell", "amount": 0.3}, {"trade_seq": 1597, "trade_id": "138523717", "timestamp": 1616629205601, "tick_direction": 1, "price": 0.0115, "mark_price": 0.01139065, "iv": 82.91, "instrument_name": "BTC-26MAR21-54000-C", "index_price": 52745.28, "direction": "sell", "amount": 1.4}, {"trade_seq": 1596, "trade_id": "138519699", "timestamp": 1616628438164, "tick_direction": 0, "price": 0.0115, "mark_price": 0.01122315, "iv": 83.01, "instrument_name": "BTC-26MAR21-54000-C", "index_price": 52679.57, "direction": "buy", "amount": 0.2}, {"trade_seq": 1595, "trade_id": "138500583", "timestamp": 1616626249211, "tick_direction": 3, "price": 0.0095, "mark_price": 0.00976393, "iv": 80.45, "instrument_name": "BTC-26MAR21-54000-C", "index_price": 52359.82, "direction": "sell", "amount": 0.4}, {"trade_seq": 1594, "trade_id": "138500046", "timestamp": 1616626209978, "tick_direction": 3, "price": 0.0095, "mark_price": 0.01008346, "iv": 78.97, "instrument_name": "BTC-26MAR21-54000-C", "index_price": 52416.05, "direction": "sell", "amount": 0.1}, {"trade_seq": 1593, "trade_id": "138500045", "timestamp": 1616626209978, "tick_direction": 2, "price": 0.0095, "mark_price": 0.01008346, "iv": 78.97, "instrument_name": "BTC-26MAR21-54000-C", "index_price": 52416.05, "direction": "sell", "amount": 0.4}, {"trade_seq": 1592, "trade_id": "138499417", "timestamp": 1616626130854, "tick_direction": 2, "price": 0.01, "mark_price": 0.01067311, "iv": 78.71, "instrument_name": "BTC-26MAR21-54000-C", "index_price": 52505.07, "direction": "sell", "amount": 0.2}, {"trade_seq": 1591, "trade_id": "138494728", "timestamp": 1616625555250, "tick_direction": 1, "price": 0.011, "mark_price": 0.01238146, "iv": 78.35, "instrument_name": "BTC-26MAR21-54000-C", "index_price": 52652.72, "direction": "sell", "amount": 1.1}, {"trade_seq": 1590, "trade_id": "138494712", "timestamp": 1616625554823, "tick_direction": 1, "price": 0.011, "mark_price": 0.0123107, "iv": 78.35, "instrument_name": "BTC-26MAR21-54000-C", "index_price": 52652.72, "direction": "sell", "amount": 0.7}, {"trade_seq": 1589, "trade_id": "138494682", "timestamp": 1616625552703, "tick_direction": 1, "price": 0.011, "mark_price": 0.01214188, "iv": 79.39, "instrument_name": "BTC-26MAR21-54000-C", "index_price": 52620.78, "direction": "sell", "amount": 2.9}, {"trade_seq": 1588, "trade_id": "138494678", "timestamp": 1616625552514, "tick_direction": 0, "price": 0.011, "mark_price": 0.01214188, "iv": 79.39, "instrument_name": "BTC-26MAR21-54000-C", "index_price": 52620.78, "direction": "sell", "amount": 2.9}, {"trade_seq": 1587, "trade_id": "138494609", "timestamp": 1616625551119, "tick_direction": 2, "price": 0.0105, "mark_price": 0.01213366, "iv": 77.23, "instrument_name": "BTC-26MAR21-54000-C", "index_price": 52615.67, "direction": "sell", "amount": 2.8}, {"trade_seq": 1586, "trade_id": "138494382", "timestamp": 1616625537112, "tick_direction": 3, "price": 0.011, "mark_price": 0.0118557, "iv": 80.69, "instrument_name": "BTC-26MAR21-54000-C", "index_price": 52589.64, "direction": "buy", "amount": 11.3}, {"trade_seq": 1585, "trade_id": "138494336", "timestamp": 1616625536017, "tick_direction": 3, "price": 0.011, "mark_price": 0.01198501, "iv": 80.15, "instrument_name": "BTC-26MAR21-54000-C", "index_price": 52599.14, "direction": "buy", "amount": 0.4}, {"trade_seq": 1584, "trade_id": "138494318", "timestamp": 1616625535403, "tick_direction": 3, "price": 0.011, "mark_price": 0.01198501, "iv": 80.15, "instrument_name": "BTC-26MAR21-54000-C", "index_price": 52614.84, "direction": "buy", "amount": 0.5}, {"trade_seq": 1583, "trade_id": "138494317", "timestamp": 1616625535389, "tick_direction": 3, "price": 0.011, "mark_price": 0.01198501, "iv": 80.15, "instrument_name": "BTC-26MAR21-54000-C", "index_price": 52614.84, "direction": "buy", "amount": 2.9}, {"trade_seq": 1582, "trade_id": "138494312", "timestamp": 1616625535278, "tick_direction": 3, "price": 0.011, "mark_price": 0.01198501, "iv": 80.14, "instrument_name": "BTC-26MAR21-54000-C", "index_price": 52614.84, "direction": "buy", "amount": 1.0}, {"trade_seq": 1581, "trade_id": "138494308", "timestamp": 1616625535274, "tick_direction": 3, "price": 0.011, "mark_price": 0.01198501, "iv": 80.14, "instrument_name": "BTC-26MAR21-54000-C", "index_price": 52614.84, "direction": "buy", "amount": 5.6}, {"trade_seq": 1580, "trade_id": "138494306", "timestamp": 1616625535261, "tick_direction": 3, "price": 0.011, "mark_price": 0.01198501, "iv": 80.14, "instrument_name": "BTC-26MAR21-54000-C", "index_price": 52614.84, "direction": "buy", "amount": 6.4}, {"trade_seq": 1579, "trade_id": "138494305", "timestamp": 1616625535259, "tick_direction": 3, "price": 0.011, "mark_price": 0.01198501, "iv": 80.14, "instrument_name": "BTC-26MAR21-54000-C", "index_price": 52614.84, "direction": "buy", "amount": 1.4}, {"trade_seq": 1578, "trade_id": "138494303", "timestamp": 1616625535256, "tick_direction": 2, "price": 0.011, "mark_price": 0.01198501, "iv": 80.14, "instrument_name": "BTC-26MAR21-54000-C", "index_price": 52614.84, "direction": "sell", "amount": 0.5}, {"trade_seq": 1577, "trade_id": "138493727", "timestamp": 1616625493421, "tick_direction": 1, "price": 0.013, "mark_price": 0.01274126, "iv": 86.13, "instrument_name": "BTC-26MAR21-54000-C", "index_price": 52726.83, "direction": "sell", "amount": 0.6}, {"trade_seq": 1576, "trade_id": "138493694", "timestamp": 1616625489139, "tick_direction": 1, "price": 0.013, "mark_price": 0.01251045, "iv": 86.63, "instrument_name": "BTC-26MAR21-54000-C", "index_price": 52725.76, "direction": "sell", "amount": 0.1}, {"trade_seq": 1575, "trade_id": "138493693", "timestamp": 1616625488724, "tick_direction": 1, "price": 0.013, "mark_price": 0.01251045, "iv": 86.63, "instrument_name": "BTC-26MAR21-54000-C", "index_price": 52725.76, "direction": "sell", "amount": 0.1}, {"trade_seq": 1574, "trade_id": "138493691", "timestamp": 1616625488683, "tick_direction": 1, "price": 0.013, "mark_price": 0.01251045, "iv": 86.63, "instrument_name": "BTC-26MAR21-54000-C", "index_price": 52725.76, "direction": "sell", "amount": 0.1}, {"trade_seq": 1573, "trade_id": "138493690", "timestamp": 1616625488580, "tick_direction": 1, "price": 0.013, "mark_price": 0.01251045, "iv": 86.63, "instrument_name": "BTC-26MAR21-54000-C", "index_price": 52725.76, "direction": "sell", "amount": 0.1}, {"trade_seq": 1572, "trade_id": "138493689", "timestamp": 1616625488551, "tick_direction": 1, "price": 0.013, "mark_price": 0.01251045, "iv": 86.63, "instrument_name": "BTC-26MAR21-54000-C", "index_price": 52725.76, "direction": "sell", "amount": 0.1}, {"trade_seq": 1571, "trade_id": "138493688", "timestamp": 1616625488505, "tick_direction": 1, "price": 0.013, "mark_price": 0.01251045, "iv": 86.63, "instrument_name": "BTC-26MAR21-54000-C", "index_price": 52725.76, "direction": "sell", "amount": 0.1}, {"trade_seq": 1570, "trade_id": "138493684", "timestamp": 1616625488398, "tick_direction": 1, "price": 0.013, "mark_price": 0.01251045, "iv": 86.63, "instrument_name": "BTC-26MAR21-54000-C", "index_price": 52725.76, "direction": "sell", "amount": 0.2}, {"trade_seq": 1569, "trade_id": "138493683", "timestamp": 1616625488351, "tick_direction": 1, "price": 0.013, "mark_price": 0.01251045, "iv": 86.63, "instrument_name": "BTC-26MAR21-54000-C", "index_price": 52725.76, "direction": "sell", "amount": 0.3}, {"trade_seq": 1568, "trade_id": "138493681", "timestamp": 1616625488109, "tick_direction": 1, "price": 0.013, "mark_price": 0.01251045, "iv": 86.63, "instrument_name": "BTC-26MAR21-54000-C", "index_price": 52712.27, "direction": "sell", "amount": 1.6}, {"trade_seq": 1567, "trade_id": "138493676", "timestamp": 1616625487870, "tick_direction": 1, "price": 0.013, "mark_price": 0.01246994, "iv": 86.63, "instrument_name": "BTC-26MAR21-54000-C", "index_price": 52712.27, "direction": "sell", "amount": 0.4}, {"trade_seq": 1566, "trade_id": "138493675", "timestamp": 1616625487756, "tick_direction": 0, "price": 0.013, "mark_price": 0.01246994, "iv": 86.63, "instrument_name": "BTC-26MAR21-54000-C", "index_price": 52712.27, "direction": "sell", "amount": 0.6}, {"trade_seq": 1565, "trade_id": "138491916", "timestamp": 1616625399077, "tick_direction": 1, "price": 0.0115, "mark_price": 0.01189593, "iv": 82.81, "instrument_name": "BTC-26MAR21-54000-C", "index_price": 52667.14, "direction": "buy", "amount": 4.8}, {"trade_seq": 1564, "trade_id": "138491810", "timestamp": 1616625390796, "tick_direction": 1, "price": 0.0115, "mark_price": 0.01208372, "iv": 82.11, "instrument_name": "BTC-26MAR21-54000-C", "index_price": 52683.49, "direction": "buy", "amount": 0.2}, {"trade_seq": 1563, "trade_id": "138491799", "timestamp": 1616625389608, "tick_direction": 0, "price": 0.0115, "mark_price": 0.01209559, "iv": 82.05, "instrument_name": "BTC-26MAR21-54000-C", "index_price": 52685.5, "direction": "sell", "amount": 15.0}, {"trade_seq": 1562, "trade_id": "138488777", "timestamp": 1616625071359, "tick_direction": 1, "price": 0.011, "mark_price": 0.01015492, "iv": 87.78, "instrument_name": "BTC-26MAR21-54000-C", "index_price": 52382.06, "direction": "buy", "amount": 0.3}, {"trade_seq": 1561, "trade_id": "138487476", "timestamp": 1616624983401, "tick_direction": 1, "price": 0.011, "mark_price": 0.0099946, "iv": 88.12, "instrument_name": "BTC-26MAR21-54000-C", "index_price": 52344.72, "direction": "sell", "amount": 0.3}, {"trade_seq": 1560, "trade_id": "138485352", "timestamp": 1616624870746, "tick_direction": 0, "price": 0.011, "mark_price": 0.00981659, "iv": 88.41, "instrument_name": "BTC-26MAR21-54000-C", "index_price": 52320.27, "direction": "buy", "amount": 0.1}, {"trade_seq": 1559, "trade_id": "138481316", "timestamp": 1616624745231, "tick_direction": 3, "price": 0.0075, "mark_price": 0.00659975, "iv": 87.08, "instrument_name": "BTC-26MAR21-54000-C", "index_price": 51752.07, "direction": "sell", "amount": 0.1}, {"trade_seq": 1558, "trade_id": "138481314", "timestamp": 1616624745215, "tick_direction": 3, "price": 0.0075, "mark_price": 0.00659975, "iv": 87.08, "instrument_name": "BTC-26MAR21-54000-C", "index_price": 51752.07, "direction": "sell", "amount": 0.2}, {"trade_seq": 1557, "trade_id": "138481304", "timestamp": 1616624744966, "tick_direction": 3, "price": 0.0075, "mark_price": 0.00660428, "iv": 87.08, "instrument_name": "BTC-26MAR21-54000-C", "index_price": 51752.07, "direction": "sell", "amount": 0.1}, {"trade_seq": 1556, "trade_id": "138481252", "timestamp": 1616624744538, "tick_direction": 3, "price": 0.0075, "mark_price": 0.00660428, "iv": 87.05, "instrument_name": "BTC-26MAR21-54000-C", "index_price": 51758.06, "direction": "sell", "amount": 0.1}, {"trade_seq": 1555, "trade_id": "138481067", "timestamp": 1616624742148, "tick_direction": 3, "price": 0.0075, "mark_price": 0.00678685, "iv": 86.4, "instrument_name": "BTC-26MAR21-54000-C", "index_price": 51777.78, "direction": "sell", "amount": 0.1}, {"trade_seq": 1554, "trade_id": "138481055", "timestamp": 1616624741924, "tick_direction": 3, "price": 0.0075, "mark_price": 0.00678685, "iv": 86.4, "instrument_name": "BTC-26MAR21-54000-C", "index_price": 51777.78, "direction": "sell", "amount": 0.2}, {"trade_seq": 1553, "trade_id": "138480768", "timestamp": 1616624736285, "tick_direction": 3, "price": 0.0075, "mark_price": 0.00701562, "iv": 84.8, "instrument_name": "BTC-26MAR21-54000-C", "index_price": 51849.6, "direction": "sell", "amount": 0.1}, {"trade_seq": 1552, "trade_id": "138480739", "timestamp": 1616624735901, "tick_direction": 3, "price": 0.0075, "mark_price": 0.00704197, "iv": 84.8, "instrument_name": "BTC-26MAR21-54000-C", "index_price": 51849.6, "direction": "sell", "amount": 0.1}, {"trade_seq": 1551, "trade_id": "138480415", "timestamp": 1616624729091, "tick_direction": 2, "price": 0.0075, "mark_price": 0.00748465, "iv": 82.63, "instrument_name": "BTC-26MAR21-54000-C", "index_price": 51935.9, "direction": "sell", "amount": 1.4}, {"trade_seq": 1550, "trade_id": "138477659", "timestamp": 1616624607292, "tick_direction": 0, "price": 0.01, "mark_price": 0.00877287, "iv": 87.43, "instrument_name": "BTC-26MAR21-54000-C", "index_price": 52242.11, "direction": "buy", "amount": 0.5}, {"trade_seq": 1549, "trade_id": "138473471", "timestamp": 1616624402315, "tick_direction": 2, "price": 0.0095, "mark_price": 0.00795825, "iv": 88.3, "instrument_name": "BTC-26MAR21-54000-C", "index_price": 52117.35, "direction": "buy", "amount": 2.0}, {"trade_seq": 1548, "trade_id": "138463040", "timestamp": 1616624107437, "tick_direction": 3, "price": 0.013, "mark_price": 0.01312676, "iv": 79.62, "instrument_name": "BTC-26MAR21-54000-C", "index_price": 53052.41, "direction": "sell", "amount": 0.8}, {"trade_seq": 1547, "trade_id": "138463035", "timestamp": 1616624107329, "tick_direction": 2, "price": 0.013, "mark_price": 0.01312676, "iv": 79.62, "instrument_name": "BTC-26MAR21-54000-C", "index_price": 53052.41, "direction": "sell", "amount": 0.2}, {"trade_seq": 1546, "trade_id": "138458568", "timestamp": 1616623725939, "tick_direction": 3, "price": 0.018, "mark_price": 0.01824672, "iv": 79.46, "instrument_name": "BTC-26MAR21-54000-C", "index_price": 53669.06, "direction": "sell", "amount": 0.2}, {"trade_seq": 1545, "trade_id": "138458567", "timestamp": 1616623725939, "tick_direction": 3, "price": 0.018, "mark_price": 0.01824672, "iv": 79.46, "instrument_name": "BTC-26MAR21-54000-C", "index_price": 53669.06, "direction": "sell", "amount": 0.7}, {"trade_seq": 1544, "trade_id": "138458566", "timestamp": 1616623725939, "tick_direction": 2, "price": 0.018, "mark_price": 0.01824672, "iv": 79.46, "instrument_name": "BTC-26MAR21-54000-C", "index_price": 53669.06, "direction": "sell", "amount": 15.0}, {"trade_seq": 1543, "trade_id": "138443210", "timestamp": 1616621361786, "tick_direction": 2, "price": 0.021, "mark_price": 0.0214583, "iv": 77.23, "instrument_name": "BTC-26MAR21-54000-C", "index_price": 53992.89, "direction": "sell", "amount": 0.1}, {"trade_seq": 1542, "trade_id": "138442017", "timestamp": 1616620977822, "tick_direction": 1, "price": 0.023, "mark_price": 0.02270677, "iv": 79.81, "instrument_name": "BTC-26MAR21-54000-C", "index_price": 54134.05, "direction": "sell", "amount": 1.2}, {"trade_seq": 1541, "trade_id": "138442009", "timestamp": 1616620975506, "tick_direction": 1, "price": 0.023, "mark_price": 0.02277862, "iv": 79.41, "instrument_name": "BTC-26MAR21-54000-C", "index_price": 54144.53, "direction": "sell", "amount": 1.0}, {"trade_seq": 1540, "trade_id": "138441849", "timestamp": 1616620929655, "tick_direction": 1, "price": 0.023, "mark_price": 0.02262158, "iv": 79.79, "instrument_name": "BTC-26MAR21-54000-C", "index_price": 54140.79, "direction": "sell", "amount": 0.2}, {"trade_seq": 1539, "trade_id": "138441837", "timestamp": 1616620929143, "tick_direction": 1, "price": 0.023, "mark_price": 0.02264325, "iv": 79.7, "instrument_name": "BTC-26MAR21-54000-C", "index_price": 54141.76, "direction": "sell", "amount": 1.6}, {"trade_seq": 1538, "trade_id": "138441836", "timestamp": 1616620929127, "tick_direction": 0, "price": 0.023, "mark_price": 0.02264325, "iv": 79.7, "instrument_name": "BTC-26MAR21-54000-C", "index_price": 54141.76, "direction": "buy", "amount": 1.0}, {"trade_seq": 1537, "trade_id": "138439721", "timestamp": 1616620427678, "tick_direction": 1, "price": 0.021, "mark_price": 0.02118241, "iv": 77.12, "instrument_name": "BTC-26MAR21-54000-C", "index_price": 54009.26, "direction": "buy", "amount": 1.0}, {"trade_seq": 1536, "trade_id": "138439191", "timestamp": 1616620314582, "tick_direction": 0, "price": 0.021, "mark_price": 0.02100393, "iv": 77.62, "instrument_name": "BTC-26MAR21-54000-C", "index_price": 54011.92, "direction": "buy", "amount": 1.0}, {"trade_seq": 1535, "trade_id": "138438915", "timestamp": 1616620290535, "tick_direction": 3, "price": 0.02, "mark_price": 0.02104885, "iv": 74.05, "instrument_name": "BTC-26MAR21-54000-C", "index_price": 53993.28, "direction": "buy", "amount": 1.0}, {"trade_seq": 1534, "trade_id": "138436411", "timestamp": 1616619918605, "tick_direction": 2, "price": 0.02, "mark_price": 0.01993713, "iv": 77.43, "instrument_name": "BTC-26MAR21-54000-C", "index_price": 53894.78, "direction": "buy", "amount": 1.0}, {"trade_seq": 1533, "trade_id": "138428371", "timestamp": 1616619162107, "tick_direction": 1, "price": 0.023, "mark_price": 0.02261255, "iv": 78.46, "instrument_name": "BTC-26MAR21-54000-C", "index_price": 54169.93, "direction": "buy", "amount": 0.2}, {"trade_seq": 1532, "trade_id": "138428348", "timestamp": 1616619160655, "tick_direction": 0, "price": 0.023, "mark_price": 0.02261671, "iv": 78.64, "instrument_name": "BTC-26MAR21-54000-C", "index_price": 54168.15, "direction": "buy", "amount": 0.3}, {"trade_seq": 1531, "trade_id": "138426226", "timestamp": 1616619029374, "tick_direction": 0, "price": 0.022, "mark_price": 0.02113926, "iv": 79.82, "instrument_name": "BTC-26MAR21-54000-C", "index_price": 54017.16, "direction": "buy", "amount": 0.1}, {"trade_seq": 1530, "trade_id": "138418109", "timestamp": 1616618430237, "tick_direction": 2, "price": 0.016, "mark_price": 0.01537448, "iv": 77.83, "instrument_name": "BTC-26MAR21-54000-C", "index_price": 53398.1, "direction": "buy", "amount": 0.6}, {"trade_seq": 1529, "trade_id": "138417499", "timestamp": 1616618401192, "tick_direction": 2, "price": 0.017, "mark_price": 0.01623682, "iv": 77.79, "instrument_name": "BTC-26MAR21-54000-C", "index_price": 53516.94, "direction": "buy", "amount": 1.0}, {"trade_seq": 1528, "trade_id": "138415325", "timestamp": 1616618294452, "tick_direction": 1, "price": 0.0175, "mark_price": 0.01666779, "iv": 78.36, "instrument_name": "BTC-26MAR21-54000-C", "index_price": 53531.87, "direction": "sell", "amount": 0.4}, {"trade_seq": 1527, "trade_id": "138415324", "timestamp": 1616618294449, "tick_direction": 1, "price": 0.0175, "mark_price": 0.01666779, "iv": 78.36, "instrument_name": "BTC-26MAR21-54000-C", "index_price": 53531.87, "direction": "buy", "amount": 0.6}, {"trade_seq": 1526, "trade_id": "138415323", "timestamp": 1616618294449, "tick_direction": 0, "price": 0.0175, "mark_price": 0.01666779, "iv": 78.36, "instrument_name": "BTC-26MAR21-54000-C", "index_price": 53531.87, "direction": "buy", "amount": 1.0}, {"trade_seq": 1525, "trade_id": "138414563", "timestamp": 1616618253168, "tick_direction": 2, "price": 0.0145, "mark_price": 0.01441539, "iv": 75.12, "instrument_name": "BTC-26MAR21-54000-C", "index_price": 53277.24, "direction": "buy", "amount": 1.0}, {"trade_seq": 1524, "trade_id": "138414225", "timestamp": 1616618237284, "tick_direction": 1, "price": 0.015, "mark_price": 0.01451841, "iv": 76.86, "instrument_name": "BTC-26MAR21-54000-C", "index_price": 53289.6, "direction": "buy", "amount": 0.8}, {"trade_seq": 1523, "trade_id": "138414025", "timestamp": 1616618226048, "tick_direction": 1, "price": 0.015, "mark_price": 0.01427441, "iv": 77.8, "instrument_name": "BTC-26MAR21-54000-C", "index_price": 53267.47, "direction": "buy", "amount": 0.7}, {"trade_seq": 1522, "trade_id": "138413919", "timestamp": 1616618222389, "tick_direction": 0, "price": 0.015, "mark_price": 0.01429024, "iv": 77.71, "instrument_name": "BTC-26MAR21-54000-C", "index_price": 53279.35, "direction": "buy", "amount": 0.6}, {"trade_seq": 1521, "trade_id": "138412870", "timestamp": 1616618174926, "tick_direction": 3, "price": 0.014, "mark_price": 0.01375066, "iv": 75.99, "instrument_name": "BTC-26MAR21-54000-C", "index_price": 53213.69, "direction": "buy", "amount": 1.0}, {"trade_seq": 1520, "trade_id": "138411989", "timestamp": 1616618144480, "tick_direction": 2, "price": 0.014, "mark_price": 0.01418408, "iv": 73.95, "instrument_name": "BTC-26MAR21-54000-C", "index_price": 53288.81, "direction": "sell", "amount": 0.6}, {"trade_seq": 1519, "trade_id": "138411975", "timestamp": 1616618143500, "tick_direction": 3, "price": 0.0145, "mark_price": 0.014193, "iv": 76.01, "instrument_name": "BTC-26MAR21-54000-C", "index_price": 53285.71, "direction": "sell", "amount": 10.0}, {"trade_seq": 1518, "trade_id": "138411820", "timestamp": 1616618137681, "tick_direction": 2, "price": 0.0145, "mark_price": 0.01441948, "iv": 74.99, "instrument_name": "BTC-26MAR21-54000-C", "index_price": 53308.68, "direction": "sell", "amount": 0.7}, {"trade_seq": 1517, "trade_id": "138411454", "timestamp": 1616618130415, "tick_direction": 1, "price": 0.0155, "mark_price": 0.01482774, "iv": 77.4, "instrument_name": "BTC-26MAR21-54000-C", "index_price": 53361.59, "direction": "sell", "amount": 0.7}, {"trade_seq": 1516, "trade_id": "138411453", "timestamp": 1616618130399, "tick_direction": 0, "price": 0.0155, "mark_price": 0.01482774, "iv": 77.4, "instrument_name": "BTC-26MAR21-54000-C", "index_price": 53361.59, "direction": "buy", "amount": 0.8}, {"trade_seq": 1515, "trade_id": "138411420", "timestamp": 1616618127830, "tick_direction": 3, "price": 0.015, "mark_price": 0.01455965, "iv": 76.47, "instrument_name": "BTC-26MAR21-54000-C", "index_price": 53324.63, "direction": "sell", "amount": 0.2}, {"trade_seq": 1514, "trade_id": "138411416", "timestamp": 1616618127486, "tick_direction": 2, "price": 0.015, "mark_price": 0.01455965, "iv": 76.47, "instrument_name": "BTC-26MAR21-54000-C", "index_price": 53324.63, "direction": "sell", "amount": 0.1}, {"trade_seq": 1513, "trade_id": "138410825", "timestamp": 1616618117600, "tick_direction": 3, "price": 0.0155, "mark_price": 0.01521171, "iv": 75.84, "instrument_name": "BTC-26MAR21-54000-C", "index_price": 53394.5, "direction": "sell", "amount": 0.7}, {"trade_seq": 1512, "trade_id": "138410744", "timestamp": 1616618114213, "tick_direction": 3, "price": 0.0155, "mark_price": 0.01499572, "iv": 76.69, "instrument_name": "BTC-26MAR21-54000-C", "index_price": 53372.15, "direction": "sell", "amount": 0.3}, {"trade_seq": 1511, "trade_id": "138409788", "timestamp": 1616618083484, "tick_direction": 3, "price": 0.0155, "mark_price": 0.0151218, "iv": 76.4, "instrument_name": "BTC-26MAR21-54000-C", "index_price": 53387.43, "direction": "buy", "amount": 1.3}, {"trade_seq": 1510, "trade_id": "138409787", "timestamp": 1616618083484, "tick_direction": 3, "price": 0.0155, "mark_price": 0.0151218, "iv": 76.4, "instrument_name": "BTC-26MAR21-54000-C", "index_price": 53387.43, "direction": "buy", "amount": 0.6}, {"trade_seq": 1509, "trade_id": "138409115", "timestamp": 1616618055406, "tick_direction": 3, "price": 0.0155, "mark_price": 0.01539852, "iv": 75.02, "instrument_name": "BTC-26MAR21-54000-C", "index_price": 53442.86, "direction": "sell", "amount": 0.2}, {"trade_seq": 1508, "trade_id": "138409114", "timestamp": 1616618055359, "tick_direction": 3, "price": 0.0155, "mark_price": 0.01539852, "iv": 75.02, "instrument_name": "BTC-26MAR21-54000-C", "index_price": 53442.86, "direction": "sell", "amount": 0.1}, {"trade_seq": 1507, "trade_id": "138409113", "timestamp": 1616618055327, "tick_direction": 3, "price": 0.0155, "mark_price": 0.01539852, "iv": 75.02, "instrument_name": "BTC-26MAR21-54000-C", "index_price": 53442.86, "direction": "sell", "amount": 0.1}, {"trade_seq": 1506, "trade_id": "138409066", "timestamp": 1616618052490, "tick_direction": 3, "price": 0.0155, "mark_price": 0.0154317, "iv": 74.9, "instrument_name": "BTC-26MAR21-54000-C", "index_price": 53438.61, "direction": "sell", "amount": 0.1}, {"trade_seq": 1505, "trade_id": "138409062", "timestamp": 1616618051856, "tick_direction": 3, "price": 0.0155, "mark_price": 0.01534306, "iv": 74.9, "instrument_name": "BTC-26MAR21-54000-C", "index_price": 53438.61, "direction": "sell", "amount": 0.1}, {"trade_seq": 1504, "trade_id": "138409060", "timestamp": 1616618051782, "tick_direction": 2, "price": 0.0155, "mark_price": 0.01534306, "iv": 74.9, "instrument_name": "BTC-26MAR21-54000-C", "index_price": 53438.61, "direction": "sell", "amount": 0.1}, {"trade_seq": 1503, "trade_id": "138406731", "timestamp": 1616617933438, "tick_direction": 0, "price": 0.017, "mark_price": 0.0167296, "iv": 75.25, "instrument_name": "BTC-26MAR21-54000-C", "index_price": 53596.4, "direction": "sell", "amount": 1.0}, {"trade_seq": 1502, "trade_id": "138402802", "timestamp": 1616617820417, "tick_direction": 2, "price": 0.016, "mark_price": 0.01600999, "iv": 74.09, "instrument_name": "BTC-26MAR21-54000-C", "index_price": 53568.89, "direction": "sell", "amount": 0.3}, {"trade_seq": 1501, "trade_id": "138399220", "timestamp": 1616617670241, "tick_direction": 2, "price": 0.0175, "mark_price": 0.01817209, "iv": 71.34, "instrument_name": "BTC-26MAR21-54000-C", "index_price": 53808.52, "direction": "sell", "amount": 0.9}, {"trade_seq": 1500, "trade_id": "138398613", "timestamp": 1616617643963, "tick_direction": 2, "price": 0.0185, "mark_price": 0.01881929, "iv": 72.7, "instrument_name": "BTC-26MAR21-54000-C", "index_price": 53857.93, "direction": "sell", "amount": 0.7}, {"trade_seq": 1499, "trade_id": "138398397", "timestamp": 1616617634421, "tick_direction": 2, "price": 0.019, "mark_price": 0.01822288, "iv": 76.99, "instrument_name": "BTC-26MAR21-54000-C", "index_price": 53822.07, "direction": "buy", "amount": 0.3}