{"trades": [{"trade_seq": 335, "trade_id": "247369005", "timestamp": 1679504229807, "tick_direction": 0, "price": 0.4425, "mark_price": 0.44286301, "iv": 0.0, "instrument_name": "BTC-31MAR23-16000-C", "index_price": 28690.4, "direction": "buy", "amount": 0.1}, {"trade_seq": 334, "trade_id": "243309247", "timestamp": 1677807118871, "tick_direction": 2, "price": 0.2895, "mark_price": 0.29108496, "iv": 60.1, "instrument_name": "BTC-31MAR23-16000-C", "index_price": 22462.48, "direction": "sell", "amount": 0.1}, {"trade_seq": 333, "trade_id": "242812932", "timestamp": 1677245714336, "tick_direction": 2, "price": 0.3325, "mark_price": 0.33274639, "iv": 69.61, "instrument_name": "BTC-31MAR23-16000-C", "index_price": 23775.53, "direction": "sell", "amount": 0.1}, {"trade_seq": 332, "trade_id": "241931953", "timestamp": 1676578484628, "tick_direction": 0, "price": 0.371, "mark_price": 0.36159997, "iv": 101.26, "instrument_name": "BTC-31MAR23-16000-C", "index_price": 24783.83, "direction": "buy", "amount": 0.1}, {"trade_seq": 331, "trade_id": "241787954", "timestamp": 1676502683029, "tick_direction": 0, "price": 0.3465, "mark_price": 0.34656056, "iv": 70.88, "instrument_name": "BTC-31MAR23-16000-C", "index_price": 24245.36, "direction": "buy", "amount": 1.0}, {"trade_seq": 330, "trade_id": "241715381", "timestamp": 1676471963804, "tick_direction": 0, "price": 0.3025, "mark_price": 0.30193492, "iv": 66.73, "instrument_name": "BTC-31MAR23-16000-C", "index_price": 22711.47, "direction": "sell", "amount": 1.0}, {"trade_seq": 329, "trade_id": "241180938", "timestamp": 1675911950777, "tick_direction": 2, "price": 0.3, "mark_price": 0.30087801, "iv": 64.48, "instrument_name": "BTC-31MAR23-16000-C", "index_price": 22547.07, "direction": "sell", "amount": 0.1}, {"trade_seq": 328, "trade_id": "240811927", "timestamp": 1675431062459, "tick_direction": 2, "price": 0.324, "mark_price": 0.3250073, "iv": 64.58, "instrument_name": "BTC-31MAR23-16000-C", "index_price": 23303.55, "direction": "sell", "amount": 0.1}, {"trade_seq": 327, "trade_id": "240811156", "timestamp": 1675431018659, "tick_direction": 2, "price": 0.3255, "mark_price": 0.32632088, "iv": 65.55, "instrument_name": "BTC-31MAR23-16000-C", "index_price": 23353.59, "direction": "sell", "amount": 0.1}, {"trade_seq": 326, "trade_id": "240407709", "timestamp": 1675017203544, "tick_direction": 0, "price": 0.3365, "mark_price": 0.33687081, "iv": 66.3, "instrument_name": "BTC-31MAR23-16000-C", "index_price": 23694.76, "direction": "buy", "amount": 0.1}, {"trade_seq": 325, "trade_id": "240023621", "timestamp": 1674560775223, "tick_direction": 3, "price": 0.3195, "mark_price": 0.31876551, "iv": 70.15, "instrument_name": "BTC-31MAR23-16000-C", "index_price": 22905.0, "direction": "sell", "amount": 0.9}, {"trade_seq": 324, "trade_id": "240023619", "timestamp": 1674560774819, "tick_direction": 3, "price": 0.3195, "mark_price": 0.31884152, "iv": 70.04, "instrument_name": "BTC-31MAR23-16000-C", "index_price": 22907.89, "direction": "sell", "amount": 0.1}, {"trade_seq": 323, "trade_id": "240023617", "timestamp": 1674560774808, "tick_direction": 3, "price": 0.3195, "mark_price": 0.31884152, "iv": 70.04, "instrument_name": "BTC-31MAR23-16000-C", "index_price": 22907.89, "direction": "sell", "amount": 0.1}, {"trade_seq": 322, "trade_id": "240023615", "timestamp": 1674560774787, "tick_direction": 3, "price": 0.3195, "mark_price": 0.31884152, "iv": 70.04, "instrument_name": "BTC-31MAR23-16000-C", "index_price": 22907.89, "direction": "sell", "amount": 0.2}, {"trade_seq": 321, "trade_id": "240023613", "timestamp": 1674560774769, "tick_direction": 3, "price": 0.3195, "mark_price": 0.31884152, "iv": 70.04, "instrument_name": "BTC-31MAR23-16000-C", "index_price": 22907.89, "direction": "sell", "amount": 0.5}, {"trade_seq": 320, "trade_id": "240023611", "timestamp": 1674560774739, "tick_direction": 3, "price": 0.3195, "mark_price": 0.31884152, "iv": 70.04, "instrument_name": "BTC-31MAR23-16000-C", "index_price": 22907.89, "direction": "sell", "amount": 0.3}, {"trade_seq": 319, "trade_id": "240023610", "timestamp": 1674560774736, "tick_direction": 3, "price": 0.3195, "mark_price": 0.31884152, "iv": 70.04, "instrument_name": "BTC-31MAR23-16000-C", "index_price": 22907.89, "direction": "sell", "amount": 0.3}, {"trade_seq": 318, "trade_id": "240023608", "timestamp": 1674560774722, "tick_direction": 3, "price": 0.3195, "mark_price": 0.31884152, "iv": 70.04, "instrument_name": "BTC-31MAR23-16000-C", "index_price": 22907.89, "direction": "sell", "amount": 0.3}, {"trade_seq": 317, "trade_id": "240023591", "timestamp": 1674560773600, "tick_direction": 3, "price": 0.3195, "mark_price": 0.31884446, "iv": 70.04, "instrument_name": "BTC-31MAR23-16000-C", "index_price": 22907.95, "direction": "sell", "amount": 0.1}, {"trade_seq": 316, "trade_id": "240023585", "timestamp": 1674560769324, "tick_direction": 3, "price": 0.3195, "mark_price": 0.31884272, "iv": 70.04, "instrument_name": "BTC-31MAR23-16000-C", "index_price": 22908.35, "direction": "sell", "amount": 0.1}, {"trade_seq": 315, "trade_id": "240023575", "timestamp": 1674560740937, "tick_direction": 3, "price": 0.3195, "mark_price": 0.31884333, "iv": 70.04, "instrument_name": "BTC-31MAR23-16000-C", "index_price": 22909.27, "direction": "sell", "amount": 1.0}, {"trade_seq": 314, "trade_id": "240023572", "timestamp": 1674560737243, "tick_direction": 3, "price": 0.3195, "mark_price": 0.3188306, "iv": 70.06, "instrument_name": "BTC-31MAR23-16000-C", "index_price": 22909.04, "direction": "sell", "amount": 0.9}, {"trade_seq": 313, "trade_id": "240023570", "timestamp": 1674560735577, "tick_direction": 3, "price": 0.3195, "mark_price": 0.31883521, "iv": 70.05, "instrument_name": "BTC-31MAR23-16000-C", "index_price": 22909.36, "direction": "sell", "amount": 0.1}, {"trade_seq": 312, "trade_id": "240023566", "timestamp": 1674560734348, "tick_direction": 3, "price": 0.3195, "mark_price": 0.31879397, "iv": 70.12, "instrument_name": "BTC-31MAR23-16000-C", "index_price": 22907.86, "direction": "sell", "amount": 0.1}, {"trade_seq": 311, "trade_id": "240023564", "timestamp": 1674560734313, "tick_direction": 3, "price": 0.3195, "mark_price": 0.31879397, "iv": 70.12, "instrument_name": "BTC-31MAR23-16000-C", "index_price": 22907.86, "direction": "sell", "amount": 0.1}, {"trade_seq": 310, "trade_id": "240023563", "timestamp": 1674560733930, "tick_direction": 3, "price": 0.3195, "mark_price": 0.31880889, "iv": 70.12, "instrument_name": "BTC-31MAR23-16000-C", "index_price": 22907.86, "direction": "sell", "amount": 1.1}, {"trade_seq": 309, "trade_id": "240023558", "timestamp": 1674560730174, "tick_direction": 3, "price": 0.3195, "mark_price": 0.31880372, "iv": 70.1, "instrument_name": "BTC-31MAR23-16000-C", "index_price": 22908.45, "direction": "sell", "amount": 1.2}, {"trade_seq": 308, "trade_id": "240023557", "timestamp": 1674560729744, "tick_direction": 3, "price": 0.3195, "mark_price": 0.31878692, "iv": 70.1, "instrument_name": "BTC-31MAR23-16000-C", "index_price": 22908.45, "direction": "sell", "amount": 0.1}, {"trade_seq": 307, "trade_id": "240023554", "timestamp": 1674560727389, "tick_direction": 3, "price": 0.3195, "mark_price": 0.31881495, "iv": 70.08, "instrument_name": "BTC-31MAR23-16000-C", "index_price": 22909.09, "direction": "sell", "amount": 0.2}, {"trade_seq": 306, "trade_id": "240023553", "timestamp": 1674560725058, "tick_direction": 3, "price": 0.3195, "mark_price": 0.3188241, "iv": 70.08, "instrument_name": "BTC-31MAR23-16000-C", "index_price": 22909.25, "direction": "sell", "amount": 0.8}, {"trade_seq": 305, "trade_id": "240023552", "timestamp": 1674560723398, "tick_direction": 3, "price": 0.3195, "mark_price": 0.3188242, "iv": 70.07, "instrument_name": "BTC-31MAR23-16000-C", "index_price": 22909.37, "direction": "sell", "amount": 0.1}, {"trade_seq": 304, "trade_id": "240023549", "timestamp": 1674560722732, "tick_direction": 3, "price": 0.3195, "mark_price": 0.31882819, "iv": 70.07, "instrument_name": "BTC-31MAR23-16000-C", "index_price": 22909.37, "direction": "sell", "amount": 0.3}, {"trade_seq": 303, "trade_id": "240023548", "timestamp": 1674560722622, "tick_direction": 3, "price": 0.3195, "mark_price": 0.31882819, "iv": 70.07, "instrument_name": "BTC-31MAR23-16000-C", "index_price": 22909.4, "direction": "sell", "amount": 0.1}, {"trade_seq": 302, "trade_id": "240023545", "timestamp": 1674560714717, "tick_direction": 2, "price": 0.3195, "mark_price": 0.3188057, "iv": 70.11, "instrument_name": "BTC-31MAR23-16000-C", "index_price": 22906.7, "direction": "sell", "amount": 1.0}, {"trade_seq": 301, "trade_id": "240014287", "timestamp": 1674550855416, "tick_direction": 1, "price": 0.3235, "mark_price": 0.3230291, "iv": 70.24, "instrument_name": "BTC-31MAR23-16000-C", "index_price": 23053.08, "direction": "sell", "amount": 5.0}, {"trade_seq": 300, "trade_id": "240014286", "timestamp": 1674550841460, "tick_direction": 1, "price": 0.3235, "mark_price": 0.32300566, "iv": 70.27, "instrument_name": "BTC-31MAR23-16000-C", "index_price": 23053.82, "direction": "sell", "amount": 0.2}, {"trade_seq": 299, "trade_id": "240014264", "timestamp": 1674550797838, "tick_direction": 1, "price": 0.3235, "mark_price": 0.32307363, "iv": 70.17, "instrument_name": "BTC-31MAR23-16000-C", "index_price": 23055.62, "direction": "sell", "amount": 0.1}, {"trade_seq": 298, "trade_id": "240014263", "timestamp": 1674550794616, "tick_direction": 1, "price": 0.3235, "mark_price": 0.32308386, "iv": 70.16, "instrument_name": "BTC-31MAR23-16000-C", "index_price": 23055.5, "direction": "sell", "amount": 2.7}, {"trade_seq": 297, "trade_id": "240014261", "timestamp": 1674550788284, "tick_direction": 0, "price": 0.3235, "mark_price": 0.32309222, "iv": 70.14, "instrument_name": "BTC-31MAR23-16000-C", "index_price": 23055.39, "direction": "sell", "amount": 1.0}, {"trade_seq": 296, "trade_id": "239883274", "timestamp": 1674399914272, "tick_direction": 1, "price": 0.3215, "mark_price": 0.32080486, "iv": 67.7, "instrument_name": "BTC-31MAR23-16000-C", "index_price": 23033.79, "direction": "sell", "amount": 1.4}, {"trade_seq": 295, "trade_id": "239883273", "timestamp": 1674399912704, "tick_direction": 1, "price": 0.3215, "mark_price": 0.32085564, "iv": 67.71, "instrument_name": "BTC-31MAR23-16000-C", "index_price": 23033.63, "direction": "sell", "amount": 1.2}, {"trade_seq": 294, "trade_id": "239883264", "timestamp": 1674399909634, "tick_direction": 1, "price": 0.3215, "mark_price": 0.32079946, "iv": 67.7, "instrument_name": "BTC-31MAR23-16000-C", "index_price": 23034.4, "direction": "sell", "amount": 0.7}, {"trade_seq": 293, "trade_id": "239883263", "timestamp": 1674399909133, "tick_direction": 1, "price": 0.3215, "mark_price": 0.32079946, "iv": 67.71, "instrument_name": "BTC-31MAR23-16000-C", "index_price": 23033.7, "direction": "sell", "amount": 1.3}, {"trade_seq": 292, "trade_id": "239883262", "timestamp": 1674399909003, "tick_direction": 0, "price": 0.3215, "mark_price": 0.32079946, "iv": 67.71, "instrument_name": "BTC-31MAR23-16000-C", "index_price": 23033.7, "direction": "sell", "amount": 1.9}, {"trade_seq": 291, "trade_id": "239883224", "timestamp": 1674399862300, "tick_direction": 1, "price": 0.3205, "mark_price": 0.32016402, "iv": 67.12, "instrument_name": "BTC-31MAR23-16000-C", "index_price": 23006.8, "direction": "sell", "amount": 0.1}, {"trade_seq": 290, "trade_id": "239883223", "timestamp": 1674399861582, "tick_direction": 1, "price": 0.3205, "mark_price": 0.32016378, "iv": 67.12, "instrument_name": "BTC-31MAR23-16000-C", "index_price": 23006.46, "direction": "sell", "amount": 0.5}, {"trade_seq": 289, "trade_id": "239883220", "timestamp": 1674399859238, "tick_direction": 1, "price": 0.3205, "mark_price": 0.32019198, "iv": 67.08, "instrument_name": "BTC-31MAR23-16000-C", "index_price": 23007.67, "direction": "sell", "amount": 0.3}, {"trade_seq": 288, "trade_id": "239883216", "timestamp": 1674399855958, "tick_direction": 1, "price": 0.3205, "mark_price": 0.32022698, "iv": 67.1, "instrument_name": "BTC-31MAR23-16000-C", "index_price": 23007.5, "direction": "sell", "amount": 0.1}, {"trade_seq": 287, "trade_id": "239883215", "timestamp": 1674399855940, "tick_direction": 1, "price": 0.3205, "mark_price": 0.32022698, "iv": 67.1, "instrument_name": "BTC-31MAR23-16000-C", "index_price": 23007.5, "direction": "sell", "amount": 0.4}, {"trade_seq": 286, "trade_id": "239883214", "timestamp": 1674399855936, "tick_direction": 1, "price": 0.3205, "mark_price": 0.32022698, "iv": 67.1, "instrument_name": "BTC-31MAR23-16000-C", "index_price": 23007.5, "direction": "sell", "amount": 0.2}, {"trade_seq": 285, "trade_id": "239883184", "timestamp": 1674399848366, "tick_direction": 1, "price": 0.3205, "mark_price": 0.32020462, "iv": 67.05, "instrument_name": "BTC-31MAR23-16000-C", "index_price": 23009.71, "direction": "sell", "amount": 0.3}, {"trade_seq": 284, "trade_id": "239883180", "timestamp": 1674399836751, "tick_direction": 1, "price": 0.3205, "mark_price": 0.32021763, "iv": 67.03, "instrument_name": "BTC-31MAR23-16000-C", "index_price": 23011.25, "direction": "sell", "amount": 0.7}, {"trade_seq": 283, "trade_id": "239883176", "timestamp": 1674399834819, "tick_direction": 1, "price": 0.3205, "mark_price": 0.32029194, "iv": 66.92, "instrument_name": "BTC-31MAR23-16000-C", "index_price": 23013.91, "direction": "sell", "amount": 0.2}, {"trade_seq": 282, "trade_id": "239883174", "timestamp": 1674399834536, "tick_direction": 1, "price": 0.3205, "mark_price": 0.32029194, "iv": 66.91, "instrument_name": "BTC-31MAR23-16000-C", "index_price": 23014.11, "direction": "sell", "amount": 0.4}, {"trade_seq": 281, "trade_id": "239883173", "timestamp": 1674399833372, "tick_direction": 0, "price": 0.3205, "mark_price": 0.32024004, "iv": 66.99, "instrument_name": "BTC-31MAR23-16000-C", "index_price": 23014.71, "direction": "sell", "amount": 0.3}, {"trade_seq": 280, "trade_id": "239800688", "timestamp": 1674299325385, "tick_direction": 2, "price": 0.3145, "mark_price": 0.31436633, "iv": 66.06, "instrument_name": "BTC-31MAR23-16000-C", "index_price": 22764.31, "direction": "sell", "amount": 3.0}, {"trade_seq": 279, "trade_id": "239800659", "timestamp": 1674299266134, "tick_direction": 1, "price": 0.315, "mark_price": 0.31449941, "iv": 66.66, "instrument_name": "BTC-31MAR23-16000-C", "index_price": 22770.09, "direction": "sell", "amount": 1.0}, {"trade_seq": 278, "trade_id": "239800631", "timestamp": 1674299238045, "tick_direction": 0, "price": 0.315, "mark_price": 0.31463584, "iv": 66.48, "instrument_name": "BTC-31MAR23-16000-C", "index_price": 22778.93, "direction": "sell", "amount": 0.2}, {"trade_seq": 277, "trade_id": "239800626", "timestamp": 1674299236314, "tick_direction": 2, "price": 0.3145, "mark_price": 0.31460081, "iv": 65.76, "instrument_name": "BTC-31MAR23-16000-C", "index_price": 22777.4, "direction": "sell", "amount": 1.0}, {"trade_seq": 276, "trade_id": "239800617", "timestamp": 1674299223406, "tick_direction": 1, "price": 0.315, "mark_price": 0.31467155, "iv": 66.37, "instrument_name": "BTC-31MAR23-16000-C", "index_price": 22782.15, "direction": "sell", "amount": 0.8}, {"trade_seq": 275, "trade_id": "239800616", "timestamp": 1674299223404, "tick_direction": 1, "price": 0.315, "mark_price": 0.31471401, "iv": 66.37, "instrument_name": "BTC-31MAR23-16000-C", "index_price": 22782.15, "direction": "sell", "amount": 0.1}, {"trade_seq": 274, "trade_id": "239800615", "timestamp": 1674299223401, "tick_direction": 0, "price": 0.315, "mark_price": 0.31471401, "iv": 66.37, "instrument_name": "BTC-31MAR23-16000-C", "index_price": 22782.15, "direction": "sell", "amount": 0.1}, {"trade_seq": 273, "trade_id": "239509746", "timestamp": 1674048475954, "tick_direction": 1, "price": 0.2715, "mark_price": 0.27066104, "iv": 63.71, "instrument_name": "BTC-31MAR23-16000-C", "index_price": 21264.56, "direction": "sell", "amount": 12.2}, {"trade_seq": 272, "trade_id": "239509745", "timestamp": 1674048475642, "tick_direction": 1, "price": 0.2715, "mark_price": 0.27066104, "iv": 63.71, "instrument_name": "BTC-31MAR23-16000-C", "index_price": 21264.56, "direction": "sell", "amount": 0.1}, {"trade_seq": 271, "trade_id": "239509744", "timestamp": 1674048475633, "tick_direction": 1, "price": 0.2715, "mark_price": 0.27066104, "iv": 63.71, "instrument_name": "BTC-31MAR23-16000-C", "index_price": 21264.56, "direction": "sell", "amount": 0.2}, {"trade_seq": 270, "trade_id": "239509743", "timestamp": 1674048475628, "tick_direction": 1, "price": 0.2715, "mark_price": 0.27066104, "iv": 63.71, "instrument_name": "BTC-31MAR23-16000-C", "index_price": 21264.56, "direction": "sell", "amount": 0.1}, {"trade_seq": 269, "trade_id": "239509733", "timestamp": 1674048473650, "tick_direction": 1, "price": 0.2715, "mark_price": 0.27064928, "iv": 63.72, "instrument_name": "BTC-31MAR23-16000-C", "index_price": 21264.49, "direction": "sell", "amount": 0.1}, {"trade_seq": 268, "trade_id": "239509732", "timestamp": 1674048471320, "tick_direction": 1, "price": 0.2715, "mark_price": 0.27064822, "iv": 63.73, "instrument_name": "BTC-31MAR23-16000-C", "index_price": 21264.37, "direction": "sell", "amount": 0.1}, {"trade_seq": 267, "trade_id": "239509723", "timestamp": 1674048468340, "tick_direction": 1, "price": 0.2715, "mark_price": 0.27068283, "iv": 63.69, "instrument_name": "BTC-31MAR23-16000-C", "index_price": 21265.81, "direction": "sell", "amount": 0.3}, {"trade_seq": 266, "trade_id": "239509716", "timestamp": 1674048451166, "tick_direction": 1, "price": 0.2715, "mark_price": 0.27079488, "iv": 63.55, "instrument_name": "BTC-31MAR23-16000-C", "index_price": 21267.37, "direction": "sell", "amount": 0.5}, {"trade_seq": 265, "trade_id": "239509708", "timestamp": 1674048450914, "tick_direction": 1, "price": 0.2715, "mark_price": 0.27079488, "iv": 63.55, "instrument_name": "BTC-31MAR23-16000-C", "index_price": 21267.37, "direction": "sell", "amount": 0.7}, {"trade_seq": 264, "trade_id": "239509707", "timestamp": 1674048450704, "tick_direction": 1, "price": 0.2715, "mark_price": 0.27079488, "iv": 63.55, "instrument_name": "BTC-31MAR23-16000-C", "index_price": 21267.38, "direction": "sell", "amount": 1.0}, {"trade_seq": 263, "trade_id": "239509694", "timestamp": 1674048397732, "tick_direction": 1, "price": 0.2715, "mark_price": 0.27063974, "iv": 63.69, "instrument_name": "BTC-31MAR23-16000-C", "index_price": 21267.47, "direction": "sell", "amount": 1.3}, {"trade_seq": 262, "trade_id": "239509693", "timestamp": 1674048397732, "tick_direction": 0, "price": 0.2715, "mark_price": 0.27063974, "iv": 63.69, "instrument_name": "BTC-31MAR23-16000-C", "index_price": 21267.47, "direction": "sell", "amount": 5.3}, {"trade_seq": 261, "trade_id": "239509692", "timestamp": 1674048387094, "tick_direction": 1, "price": 0.271, "mark_price": 0.2705865, "iv": 63.2, "instrument_name": "BTC-31MAR23-16000-C", "index_price": 21265.91, "direction": "sell", "amount": 0.1}, {"trade_seq": 260, "trade_id": "239509691", "timestamp": 1674048387092, "tick_direction": 1, "price": 0.271, "mark_price": 0.2705865, "iv": 63.2, "instrument_name": "BTC-31MAR23-16000-C", "index_price": 21265.91, "direction": "sell", "amount": 1.4}, {"trade_seq": 259, "trade_id": "239509690", "timestamp": 1674048378787, "tick_direction": 1, "price": 0.271, "mark_price": 0.27065043, "iv": 63.1, "instrument_name": "BTC-31MAR23-16000-C", "index_price": 21268.62, "direction": "sell", "amount": 0.3}, {"trade_seq": 258, "trade_id": "239509689", "timestamp": 1674048378786, "tick_direction": 1, "price": 0.271, "mark_price": 0.27065043, "iv": 63.1, "instrument_name": "BTC-31MAR23-16000-C", "index_price": 21268.62, "direction": "sell", "amount": 0.1}, {"trade_seq": 257, "trade_id": "239509685", "timestamp": 1674048376036, "tick_direction": 1, "price": 0.271, "mark_price": 0.27069384, "iv": 63.05, "instrument_name": "BTC-31MAR23-16000-C", "index_price": 21269.36, "direction": "sell", "amount": 0.6}, {"trade_seq": 256, "trade_id": "239509684", "timestamp": 1674048376026, "tick_direction": 1, "price": 0.271, "mark_price": 0.27069384, "iv": 63.05, "instrument_name": "BTC-31MAR23-16000-C", "index_price": 21269.36, "direction": "sell", "amount": 0.1}, {"trade_seq": 255, "trade_id": "239509683", "timestamp": 1674048376001, "tick_direction": 0, "price": 0.271, "mark_price": 0.27069384, "iv": 63.05, "instrument_name": "BTC-31MAR23-16000-C", "index_price": 21269.36, "direction": "sell", "amount": 0.8}, {"trade_seq": 254, "trade_id": "239470602", "timestamp": 1673977528218, "tick_direction": 2, "price": 0.27, "mark_price": 0.27020621, "iv": 64.08, "instrument_name": "BTC-31MAR23-16000-C", "index_price": 21182.65, "direction": "buy", "amount": 0.1}, {"trade_seq": 253, "trade_id": "239470533", "timestamp": 1673977343404, "tick_direction": 0, "price": 0.2705, "mark_price": 0.2704269, "iv": 64.47, "instrument_name": "BTC-31MAR23-16000-C", "index_price": 21189.85, "direction": "buy", "amount": 0.1}, {"trade_seq": 252, "trade_id": "239470206", "timestamp": 1673976926431, "tick_direction": 0, "price": 0.2695, "mark_price": 0.26938575, "iv": 64.56, "instrument_name": "BTC-31MAR23-16000-C", "index_price": 21160.05, "direction": "buy", "amount": 0.1}, {"trade_seq": 251, "trade_id": "239359430", "timestamp": 1673882046404, "tick_direction": 2, "price": 0.2585, "mark_price": 0.25894811, "iv": 64.6, "instrument_name": "BTC-31MAR23-16000-C", "index_price": 20760.05, "direction": "sell", "amount": 0.1}, {"trade_seq": 250, "trade_id": "239354548", "timestamp": 1673876973842, "tick_direction": 2, "price": 0.2605, "mark_price": 0.26069324, "iv": 65.54, "instrument_name": "BTC-31MAR23-16000-C", "index_price": 20793.3, "direction": "sell", "amount": 0.1}, {"trade_seq": 249, "trade_id": "239351529", "timestamp": 1673873598199, "tick_direction": 2, "price": 0.2615, "mark_price": 0.26157676, "iv": 66.57, "instrument_name": "BTC-31MAR23-16000-C", "index_price": 20795.13, "direction": "sell", "amount": 0.1}, {"trade_seq": 248, "trade_id": "239350200", "timestamp": 1673872454667, "tick_direction": 2, "price": 0.2625, "mark_price": 0.26271094, "iv": 66.55, "instrument_name": "BTC-31MAR23-16000-C", "index_price": 20826.16, "direction": "sell", "amount": 0.1}, {"trade_seq": 247, "trade_id": "239297326", "timestamp": 1673826627238, "tick_direction": 3, "price": 0.2635, "mark_price": 0.26375074, "iv": 65.9, "instrument_name": "BTC-31MAR23-16000-C", "index_price": 20863.55, "direction": "sell", "amount": 15.7}, {"trade_seq": 246, "trade_id": "239297325", "timestamp": 1673826623839, "tick_direction": 2, "price": 0.2635, "mark_price": 0.26375239, "iv": 65.89, "instrument_name": "BTC-31MAR23-16000-C", "index_price": 20863.28, "direction": "sell", "amount": 80.0}, {"trade_seq": 245, "trade_id": "239296430", "timestamp": 1673825493511, "tick_direction": 2, "price": 0.264, "mark_price": 0.26418827, "iv": 66.1, "instrument_name": "BTC-31MAR23-16000-C", "index_price": 20876.12, "direction": "sell", "amount": 1.0}, {"trade_seq": 244, "trade_id": "239296357", "timestamp": 1673825429044, "tick_direction": 1, "price": 0.2645, "mark_price": 0.26446931, "iv": 66.19, "instrument_name": "BTC-31MAR23-16000-C", "index_price": 20891.34, "direction": "sell", "amount": 1.1}, {"trade_seq": 243, "trade_id": "239296325", "timestamp": 1673825385561, "tick_direction": 1, "price": 0.2645, "mark_price": 0.26468778, "iv": 66.09, "instrument_name": "BTC-31MAR23-16000-C", "index_price": 20892.99, "direction": "sell", "amount": 1.1}, {"trade_seq": 242, "trade_id": "239296146", "timestamp": 1673825181929, "tick_direction": 0, "price": 0.2645, "mark_price": 0.26464212, "iv": 65.98, "instrument_name": "BTC-31MAR23-16000-C", "index_price": 20896.43, "direction": "sell", "amount": 1.1}, {"trade_seq": 241, "trade_id": "239275610", "timestamp": 1673800179985, "tick_direction": 2, "price": 0.263, "mark_price": 0.26424411, "iv": 63.95, "instrument_name": "BTC-31MAR23-16000-C", "index_price": 20914.36, "direction": "buy", "amount": 0.2}, {"trade_seq": 240, "trade_id": "239093312", "timestamp": 1673656837260, "tick_direction": 0, "price": 0.278, "mark_price": 0.27633504, "liquidation": "M", "iv": 64.47, "instrument_name": "BTC-31MAR23-16000-C", "index_price": 21279.47, "direction": "sell", "amount": 0.1}, {"trade_seq": 239, "trade_id": "239019498", "timestamp": 1673627081713, "tick_direction": 1, "price": 0.199, "mark_price": 0.19823515, "iv": 56.1, "instrument_name": "BTC-31MAR23-16000-C", "index_price": 19108.15, "direction": "sell", "amount": 1.0}, {"trade_seq": 238, "trade_id": "239019483", "timestamp": 1673627077564, "tick_direction": 1, "price": 0.199, "mark_price": 0.19841364, "iv": 56.01, "instrument_name": "BTC-31MAR23-16000-C", "index_price": 19112.57, "direction": "sell", "amount": 1.6}, {"trade_seq": 237, "trade_id": "239019453", "timestamp": 1673627056750, "tick_direction": 1, "price": 0.199, "mark_price": 0.19860763, "iv": 55.8, "instrument_name": "BTC-31MAR23-16000-C", "index_price": 19120.39, "direction": "sell", "amount": 1.3}, {"trade_seq": 236, "trade_id": "239019446", "timestamp": 1673627055185, "tick_direction": 0, "price": 0.199, "mark_price": 0.19872434, "iv": 55.76, "instrument_name": "BTC-31MAR23-16000-C", "index_price": 19122.3, "direction": "sell", "amount": 1.1}, {"trade_seq": 235, "trade_id": "238723339", "timestamp": 1673356424385, "tick_direction": 1, "price": 0.126, "mark_price": 0.12624105, "iv": 47.47, "instrument_name": "BTC-31MAR23-16000-C", "index_price": 17232.6, "direction": "sell", "amount": 0.5}, {"trade_seq": 234, "trade_id": "238715505", "timestamp": 1673331896069, "tick_direction": 0, "price": 0.126, "mark_price": 0.12589912, "iv": 47.39, "instrument_name": "BTC-31MAR23-16000-C", "index_price": 17222.74, "direction": "sell", "amount": 1.0}, {"trade_seq": 233, "trade_id": "238620837", "timestamp": 1673011823318, "tick_direction": 0, "price": 0.117, "mark_price": 0.11612503, "iv": 50.73, "instrument_name": "BTC-31MAR23-16000-C", "index_price": 16717.32, "direction": "buy", "amount": 0.1}, {"trade_seq": 232, "trade_id": "238612645", "timestamp": 1672995060963, "tick_direction": 2, "price": 0.117, "mark_price": 0.11731233, "iv": 49.07, "instrument_name": "BTC-31MAR23-16000-C", "index_price": 16797.02, "direction": "sell", "amount": 0.4}, {"trade_seq": 231, "trade_id": "238531715", "timestamp": 1672773264771, "tick_direction": 3, "price": 0.122, "mark_price": 0.12315107, "iv": 54.19, "instrument_name": "BTC-31MAR23-16000-C", "index_price": 16621.8, "direction": "buy", "amount": 0.6}, {"trade_seq": 230, "trade_id": "238531714", "timestamp": 1672773264758, "tick_direction": 3, "price": 0.122, "mark_price": 0.12315107, "iv": 54.19, "instrument_name": "BTC-31MAR23-16000-C", "index_price": 16621.8, "direction": "buy", "amount": 4.7}, {"trade_seq": 229, "trade_id": "238531612", "timestamp": 1672773222386, "tick_direction": 3, "price": 0.122, "mark_price": 0.12340041, "iv": 54.18, "instrument_name": "BTC-31MAR23-16000-C", "index_price": 16623.22, "direction": "buy", "amount": 17.8}, {"trade_seq": 228, "trade_id": "238531611", "timestamp": 1672773222385, "tick_direction": 3, "price": 0.122, "mark_price": 0.12340041, "iv": 54.18, "instrument_name": "BTC-31MAR23-16000-C", "index_price": 16623.22, "direction": "buy", "amount": 2.2}, {"trade_seq": 227, "trade_id": "238531580", "timestamp": 1672773214303, "tick_direction": 2, "price": 0.122, "mark_price": 0.12345349, "iv": 54.16, "instrument_name": "BTC-31MAR23-16000-C", "index_price": 16625.36, "direction": "sell", "amount": 7.5}, {"trade_seq": 226, "trade_id": "238519229", "timestamp": 1672738727335, "tick_direction": 1, "price": 0.1275, "mark_price": 0.12789366, "iv": 55.2, "instrument_name": "BTC-31MAR23-16000-C", "index_price": 16733.07, "direction": "sell", "amount": 0.5}, {"trade_seq": 225, "trade_id": "238466263", "timestamp": 1672555309607, "tick_direction": 3, "price": 0.123, "mark_price": 0.12374177, "iv": 55.76, "instrument_name": "BTC-31MAR23-16000-C", "index_price": 16535.54, "direction": "sell", "amount": 3.3}, {"trade_seq": 224, "trade_id": "238465909", "timestamp": 1672551587588, "tick_direction": 2, "price": 0.123, "mark_price": 0.12302731, "iv": 56.04, "instrument_name": "BTC-31MAR23-16000-C", "index_price": 16509.13, "direction": "sell", "amount": 1.7}, {"trade_seq": 223, "trade_id": "238457862", "timestamp": 1672500456479, "tick_direction": 3, "price": 0.126, "mark_price": 0.1260874, "iv": 56.18, "instrument_name": "BTC-31MAR23-16000-C", "index_price": 16590.45, "direction": "sell", "amount": 5.5}, {"trade_seq": 222, "trade_id": "238457837", "timestamp": 1672500452614, "tick_direction": 3, "price": 0.126, "mark_price": 0.1263262, "iv": 56.05, "instrument_name": "BTC-31MAR23-16000-C", "index_price": 16598.48, "direction": "sell", "amount": 0.2}, {"trade_seq": 221, "trade_id": "238457835", "timestamp": 1672500452613, "tick_direction": 3, "price": 0.126, "mark_price": 0.1263262, "iv": 56.05, "instrument_name": "BTC-31MAR23-16000-C", "index_price": 16598.48, "direction": "sell", "amount": 0.1}, {"trade_seq": 220, "trade_id": "238457833", "timestamp": 1672500452611, "tick_direction": 3, "price": 0.126, "mark_price": 0.1263262, "iv": 56.05, "instrument_name": "BTC-31MAR23-16000-C", "index_price": 16598.48, "direction": "sell", "amount": 0.8}, {"trade_seq": 219, "trade_id": "238457830", "timestamp": 1672500452004, "tick_direction": 3, "price": 0.126, "mark_price": 0.12638442, "iv": 56.05, "instrument_name": "BTC-31MAR23-16000-C", "index_price": 16598.48, "direction": "sell", "amount": 1.4}, {"trade_seq": 218, "trade_id": "238457818", "timestamp": 1672500450416, "tick_direction": 3, "price": 0.126, "mark_price": 0.12638526, "iv": 56.03, "instrument_name": "BTC-31MAR23-16000-C", "index_price": 16600.4, "direction": "sell", "amount": 0.4}, {"trade_seq": 217, "trade_id": "238457817", "timestamp": 1672500450389, "tick_direction": 2, "price": 0.126, "mark_price": 0.12638526, "iv": 56.03, "instrument_name": "BTC-31MAR23-16000-C", "index_price": 16600.4, "direction": "sell", "amount": 0.7}, {"trade_seq": 216, "trade_id": "238456531", "timestamp": 1672497583627, "tick_direction": 1, "price": 0.1265, "mark_price": 0.12678822, "iv": 56.06, "instrument_name": "BTC-31MAR23-16000-C", "index_price": 16609.03, "direction": "sell", "amount": 4.2}, {"trade_seq": 215, "trade_id": "238456366", "timestamp": 1672497115546, "tick_direction": 0, "price": 0.1265, "mark_price": 0.12664859, "iv": 56.02, "instrument_name": "BTC-31MAR23-16000-C", "index_price": 16616.89, "direction": "sell", "amount": 0.8}, {"trade_seq": 214, "trade_id": "238455890", "timestamp": 1672496624252, "tick_direction": 2, "price": 0.126, "mark_price": 0.12581754, "iv": 55.87, "instrument_name": "BTC-31MAR23-16000-C", "index_price": 16617.24, "direction": "sell", "amount": 0.9}, {"trade_seq": 213, "trade_id": "238438591", "timestamp": 1672424167679, "tick_direction": 0, "price": 0.127, "mark_price": 0.12731278, "iv": 57.53, "instrument_name": "BTC-31MAR23-16000-C", "index_price": 16528.23, "direction": "buy", "amount": 0.7}, {"trade_seq": 212, "trade_id": "238423581", "timestamp": 1672400971950, "tick_direction": 2, "price": 0.122, "mark_price": 0.12221896, "iv": 55.78, "instrument_name": "BTC-31MAR23-16000-C", "index_price": 16496.21, "direction": "buy", "amount": 6.5}, {"trade_seq": 211, "trade_id": "238413842", "timestamp": 1672387364242, "tick_direction": 0, "price": 0.127, "mark_price": 0.12602705, "iv": 58.75, "instrument_name": "BTC-31MAR23-16000-C", "index_price": 16477.66, "direction": "buy", "amount": 0.1}, {"trade_seq": 210, "trade_id": "238408900", "timestamp": 1672385519439, "tick_direction": 2, "price": 0.126, "mark_price": 0.12652223, "iv": 58.55, "instrument_name": "BTC-31MAR23-16000-C", "index_price": 16448.63, "direction": "buy", "amount": 0.2}, {"trade_seq": 209, "trade_id": "238407113", "timestamp": 1672385050014, "tick_direction": 2, "price": 0.128, "mark_price": 0.12847565, "iv": 58.6, "instrument_name": "BTC-31MAR23-16000-C", "index_price": 16509.6, "direction": "sell", "amount": 0.1}, {"trade_seq": 208, "trade_id": "238371896", "timestamp": 1672306052871, "tick_direction": 2, "price": 0.1305, "mark_price": 0.13181409, "iv": 58.69, "instrument_name": "BTC-31MAR23-16000-C", "index_price": 16581.44, "direction": "sell", "amount": 10.5}, {"trade_seq": 207, "trade_id": "238329356", "timestamp": 1672214405877, "tick_direction": 0, "price": 0.1355, "mark_price": 0.13426134, "iv": 60.25, "instrument_name": "BTC-31MAR23-16000-C", "index_price": 16639.01, "direction": "buy", "amount": 0.1}, {"trade_seq": 206, "trade_id": "238319634", "timestamp": 1672181512360, "tick_direction": 2, "price": 0.135, "mark_price": 0.13461082, "iv": 59.49, "instrument_name": "BTC-31MAR23-16000-C", "index_price": 16681.13, "direction": "buy", "amount": 6.2}, {"trade_seq": 205, "trade_id": "238276363", "timestamp": 1672041942546, "tick_direction": 3, "price": 0.142, "mark_price": 0.14091458, "iv": 59.92, "instrument_name": "BTC-31MAR23-16000-C", "index_price": 16842.71, "direction": "buy", "amount": 0.1}, {"trade_seq": 204, "trade_id": "238276360", "timestamp": 1672041942542, "tick_direction": 3, "price": 0.142, "mark_price": 0.14091458, "iv": 59.92, "instrument_name": "BTC-31MAR23-16000-C", "index_price": 16842.71, "direction": "buy", "amount": 0.1}, {"trade_seq": 203, "trade_id": "238241507", "timestamp": 1671834321192, "tick_direction": 1, "price": 0.1425, "mark_price": 0.14106973, "iv": 60.34, "instrument_name": "BTC-31MAR23-16000-C", "index_price": 16779.59, "direction": "buy", "amount": 0.1}, {"trade_seq": 202, "trade_id": "238241492", "timestamp": 1671834248866, "tick_direction": 0, "price": 0.1425, "mark_price": 0.14118431, "iv": 60.29, "instrument_name": "BTC-31MAR23-16000-C", "index_price": 16780.71, "direction": "buy", "amount": 0.1}, {"trade_seq": 201, "trade_id": "238230737", "timestamp": 1671806531474, "tick_direction": 2, "price": 0.141, "mark_price": 0.14131895, "iv": 59.42, "instrument_name": "BTC-31MAR23-16000-C", "index_price": 16793.35, "direction": "buy", "amount": 0.1}, {"trade_seq": 200, "trade_id": "238217684", "timestamp": 1671788335443, "tick_direction": 0, "price": 0.1425, "mark_price": 0.14232448, "iv": 59.4, "instrument_name": "BTC-31MAR23-16000-C", "index_price": 16832.5, "direction": "sell", "amount": 0.6}, {"trade_seq": 199, "trade_id": "238217681", "timestamp": 1671788328264, "tick_direction": 1, "price": 0.142, "mark_price": 0.14232492, "iv": 59.14, "instrument_name": "BTC-31MAR23-16000-C", "index_price": 16832.39, "direction": "buy", "amount": 1.0}, {"trade_seq": 198, "trade_id": "238217680", "timestamp": 1671788328264, "tick_direction": 1, "price": 0.142, "mark_price": 0.14232492, "iv": 59.14, "instrument_name": "BTC-31MAR23-16000-C", "index_price": 16832.39, "direction": "buy", "amount": 1.0}, {"trade_seq": 197, "trade_id": "238217679", "timestamp": 1671788328264, "tick_direction": 0, "price": 0.142, "mark_price": 0.14232492, "iv": 59.14, "instrument_name": "BTC-31MAR23-16000-C", "index_price": 16832.39, "direction": "buy", "amount": 1.0}, {"trade_seq": 196, "trade_id": "238217678", "timestamp": 1671788327171, "tick_direction": 3, "price": 0.1415, "mark_price": 0.14232636, "iv": 58.89, "instrument_name": "BTC-31MAR23-16000-C", "index_price": 16832.36, "direction": "sell", "amount": 1.0}, {"trade_seq": 195, "trade_id": "238217675", "timestamp": 1671788320785, "tick_direction": 3, "price": 0.1415, "mark_price": 0.14233129, "iv": 58.89, "instrument_name": "BTC-31MAR23-16000-C", "index_price": 16832.07, "direction": "sell", "amount": 0.9}, {"trade_seq": 194, "trade_id": "238217674", "timestamp": 1671788320785, "tick_direction": 3, "price": 0.1415, "mark_price": 0.14233129, "iv": 58.89, "instrument_name": "BTC-31MAR23-16000-C", "index_price": 16832.07, "direction": "sell", "amount": 0.1}, {"trade_seq": 193, "trade_id": "238217672", "timestamp": 1671788318830, "tick_direction": 2, "price": 0.1415, "mark_price": 0.14233077, "iv": 58.89, "instrument_name": "BTC-31MAR23-16000-C", "index_price": 16831.97, "direction": "sell", "amount": 1.0}, {"trade_seq": 192, "trade_id": "238217603", "timestamp": 1671788181042, "tick_direction": 3, "price": 0.142, "mark_price": 0.14241141, "iv": 59.18, "instrument_name": "BTC-31MAR23-16000-C", "index_price": 16830.44, "direction": "buy", "amount": 1.0}, {"trade_seq": 191, "trade_id": "238217602", "timestamp": 1671788181042, "tick_direction": 3, "price": 0.142, "mark_price": 0.14241141, "iv": 59.18, "instrument_name": "BTC-31MAR23-16000-C", "index_price": 16830.44, "direction": "buy", "amount": 1.0}, {"trade_seq": 190, "trade_id": "238217601", "timestamp": 1671788181042, "tick_direction": 3, "price": 0.142, "mark_price": 0.14241141, "iv": 59.18, "instrument_name": "BTC-31MAR23-16000-C", "index_price": 16830.44, "direction": "buy", "amount": 0.6}, {"trade_seq": 189, "trade_id": "238217589", "timestamp": 1671788164681, "tick_direction": 3, "price": 0.142, "mark_price": 0.14242563, "iv": 59.19, "instrument_name": "BTC-31MAR23-16000-C", "index_price": 16830.27, "direction": "buy", "amount": 0.4}, {"trade_seq": 188, "trade_id": "238217588", "timestamp": 1671788164681, "tick_direction": 3, "price": 0.142, "mark_price": 0.14242563, "iv": 59.19, "instrument_name": "BTC-31MAR23-16000-C", "index_price": 16830.27, "direction": "buy", "amount": 1.0}, {"trade_seq": 187, "trade_id": "238217573", "timestamp": 1671788149083, "tick_direction": 3, "price": 0.142, "mark_price": 0.14246565, "iv": 59.18, "instrument_name": "BTC-31MAR23-16000-C", "index_price": 16830.5, "direction": "buy", "amount": 1.0}, {"trade_seq": 186, "trade_id": "238217512", "timestamp": 1671787995948, "tick_direction": 3, "price": 0.142, "mark_price": 0.14238693, "iv": 59.27, "instrument_name": "BTC-31MAR23-16000-C", "index_price": 16826.9, "direction": "buy", "amount": 1.0}, {"trade_seq": 185, "trade_id": "238217435", "timestamp": 1671787729118, "tick_direction": 2, "price": 0.142, "mark_price": 0.14262076, "iv": 59.31, "instrument_name": "BTC-31MAR23-16000-C", "index_price": 16825.22, "direction": "buy", "amount": 1.0}, {"trade_seq": 184, "trade_id": "238217287", "timestamp": 1671787530842, "tick_direction": 1, "price": 0.1425, "mark_price": 0.1428629, "iv": 59.52, "instrument_name": "BTC-31MAR23-16000-C", "index_price": 16827.66, "direction": "buy", "amount": 0.2}, {"trade_seq": 183, "trade_id": "238217286", "timestamp": 1671787530842, "tick_direction": 0, "price": 0.1425, "mark_price": 0.1428629, "iv": 59.52, "instrument_name": "BTC-31MAR23-16000-C", "index_price": 16827.66, "direction": "buy", "amount": 1.0}, {"trade_seq": 182, "trade_id": "238217258", "timestamp": 1671787485303, "tick_direction": 2, "price": 0.142, "mark_price": 0.14283767, "iv": 59.32, "instrument_name": "BTC-31MAR23-16000-C", "index_price": 16826.47, "direction": "buy", "amount": 1.0}, {"trade_seq": 181, "trade_id": "238189530", "timestamp": 1671732243311, "tick_direction": 2, "price": 0.1365, "mark_price": 0.13626157, "iv": 60.51, "instrument_name": "BTC-31MAR23-16000-C", "index_price": 16569.98, "direction": "sell", "amount": 0.1}, {"trade_seq": 180, "trade_id": "237996189", "timestamp": 1671389721618, "tick_direction": 0, "price": 0.151, "mark_price": 0.15026472, "iv": 63.45, "instrument_name": "BTC-31MAR23-16000-C", "index_price": 16730.24, "direction": "sell", "amount": 5.0}, {"trade_seq": 179, "trade_id": "237971123", "timestamp": 1671300701356, "tick_direction": 2, "price": 0.147, "mark_price": 0.14870961, "iv": 61.82, "instrument_name": "BTC-31MAR23-16000-C", "index_price": 16688.37, "direction": "sell", "amount": 0.1}, {"trade_seq": 178, "trade_id": "237918870", "timestamp": 1671219370517, "tick_direction": 2, "price": 0.153, "mark_price": 0.15348024, "iv": 62.41, "instrument_name": "BTC-31MAR23-16000-C", "index_price": 16821.01, "direction": "buy", "amount": 1.0}, {"trade_seq": 177, "trade_id": "237891359", "timestamp": 1671199716601, "tick_direction": 3, "price": 0.157, "mark_price": 0.15684215, "iv": 61.99, "instrument_name": "BTC-31MAR23-16000-C", "index_price": 16972.11, "direction": "sell", "amount": 0.1}, {"trade_seq": 176, "trade_id": "237891157", "timestamp": 1671199607099, "tick_direction": 2, "price": 0.157, "mark_price": 0.15691984, "iv": 61.92, "instrument_name": "BTC-31MAR23-16000-C", "index_price": 16974.1, "direction": "sell", "amount": 0.1}, {"trade_seq": 175, "trade_id": "237798708", "timestamp": 1671109693304, "tick_direction": 3, "price": 0.175, "mark_price": 0.17428942, "iv": 60.71, "instrument_name": "BTC-31MAR23-16000-C", "index_price": 17656.39, "direction": "sell", "amount": 4.4}, {"trade_seq": 174, "trade_id": "237798704", "timestamp": 1671109692763, "tick_direction": 2, "price": 0.175, "mark_price": 0.17428942, "iv": 60.71, "instrument_name": "BTC-31MAR23-16000-C", "index_price": 17656.39, "direction": "sell", "amount": 0.6}, {"trade_seq": 173, "trade_id": "237798108", "timestamp": 1671108265329, "tick_direction": 2, "price": 0.176, "mark_price": 0.1754892, "iv": 60.77, "instrument_name": "BTC-31MAR23-16000-C", "index_price": 17684.29, "direction": "sell", "amount": 5.0}, {"trade_seq": 172, "trade_id": "237769576", "timestamp": 1671055700951, "tick_direction": 1, "price": 0.184, "mark_price": 0.18377409, "iv": 62.33, "instrument_name": "BTC-31MAR23-16000-C", "index_price": 17809.65, "direction": "sell", "amount": 5.0}, {"trade_seq": 171, "trade_id": "237769575", "timestamp": 1671055700951, "tick_direction": 1, "price": 0.184, "mark_price": 0.18377409, "iv": 62.33, "instrument_name": "BTC-31MAR23-16000-C", "index_price": 17809.65, "direction": "sell", "amount": 0.6}, {"trade_seq": 170, "trade_id": "237769564", "timestamp": 1671055692142, "tick_direction": 1, "price": 0.184, "mark_price": 0.18379425, "iv": 62.32, "instrument_name": "BTC-31MAR23-16000-C", "index_price": 17811.77, "direction": "sell", "amount": 0.1}, {"trade_seq": 169, "trade_id": "237769563", "timestamp": 1671055692132, "tick_direction": 1, "price": 0.184, "mark_price": 0.18379425, "iv": 62.32, "instrument_name": "BTC-31MAR23-16000-C", "index_price": 17811.77, "direction": "sell", "amount": 0.1}, {"trade_seq": 168, "trade_id": "237769554", "timestamp": 1671055675146, "tick_direction": 1, "price": 0.184, "mark_price": 0.18382551, "iv": 62.3, "instrument_name": "BTC-31MAR23-16000-C", "index_price": 17813.78, "direction": "sell", "amount": 0.1}, {"trade_seq": 167, "trade_id": "237769551", "timestamp": 1671055644670, "tick_direction": 1, "price": 0.184, "mark_price": 0.18381573, "iv": 62.3, "instrument_name": "BTC-31MAR23-16000-C", "index_price": 17813.34, "direction": "sell", "amount": 0.1}, {"trade_seq": 166, "trade_id": "237769528", "timestamp": 1671055500407, "tick_direction": 1, "price": 0.184, "mark_price": 0.18375544, "iv": 62.3, "instrument_name": "BTC-31MAR23-16000-C", "index_price": 17812.73, "direction": "sell", "amount": 0.1}, {"trade_seq": 165, "trade_id": "237769526", "timestamp": 1671055500391, "tick_direction": 1, "price": 0.184, "mark_price": 0.18375544, "iv": 62.3, "instrument_name": "BTC-31MAR23-16000-C", "index_price": 17812.73, "direction": "sell", "amount": 0.1}, {"trade_seq": 164, "trade_id": "237769525", "timestamp": 1671055500369, "tick_direction": 1, "price": 0.184, "mark_price": 0.18375544, "iv": 62.3, "instrument_name": "BTC-31MAR23-16000-C", "index_price": 17812.73, "direction": "sell", "amount": 0.1}, {"trade_seq": 163, "trade_id": "237769522", "timestamp": 1671055488385, "tick_direction": 1, "price": 0.184, "mark_price": 0.18368057, "iv": 62.34, "instrument_name": "BTC-31MAR23-16000-C", "index_price": 17810.07, "direction": "sell", "amount": 0.1}, {"trade_seq": 162, "trade_id": "237769516", "timestamp": 1671055449675, "tick_direction": 1, "price": 0.184, "mark_price": 0.18371903, "iv": 62.32, "instrument_name": "BTC-31MAR23-16000-C", "index_price": 17810.68, "direction": "sell", "amount": 0.1}, {"trade_seq": 161, "trade_id": "237769512", "timestamp": 1671055447652, "tick_direction": 1, "price": 0.184, "mark_price": 0.18371622, "iv": 62.31, "instrument_name": "BTC-31MAR23-16000-C", "index_price": 17811.88, "direction": "sell", "amount": 0.1}, {"trade_seq": 160, "trade_id": "237769511", "timestamp": 1671055447640, "tick_direction": 1, "price": 0.184, "mark_price": 0.18371622, "iv": 62.31, "instrument_name": "BTC-31MAR23-16000-C", "index_price": 17811.88, "direction": "sell", "amount": 0.1}, {"trade_seq": 159, "trade_id": "237769507", "timestamp": 1671055440145, "tick_direction": 1, "price": 0.184, "mark_price": 0.1837081, "iv": 62.31, "instrument_name": "BTC-31MAR23-16000-C", "index_price": 17812.29, "direction": "sell", "amount": 0.1}, {"trade_seq": 158, "trade_id": "237769506", "timestamp": 1671055440135, "tick_direction": 1, "price": 0.184, "mark_price": 0.1837081, "iv": 62.31, "instrument_name": "BTC-31MAR23-16000-C", "index_price": 17812.29, "direction": "sell", "amount": 0.1}, {"trade_seq": 157, "trade_id": "237769502", "timestamp": 1671055439519, "tick_direction": 1, "price": 0.184, "mark_price": 0.1837081, "iv": 62.31, "instrument_name": "BTC-31MAR23-16000-C", "index_price": 17812.17, "direction": "sell", "amount": 0.1}, {"trade_seq": 156, "trade_id": "237769500", "timestamp": 1671055435316, "tick_direction": 1, "price": 0.184, "mark_price": 0.18370417, "iv": 62.31, "instrument_name": "BTC-31MAR23-16000-C", "index_price": 17812.34, "direction": "sell", "amount": 0.1}, {"trade_seq": 155, "trade_id": "237769498", "timestamp": 1671055431395, "tick_direction": 1, "price": 0.184, "mark_price": 0.1837067, "iv": 62.31, "instrument_name": "BTC-31MAR23-16000-C", "index_price": 17812.7, "direction": "sell", "amount": 0.1}, {"trade_seq": 154, "trade_id": "237769497", "timestamp": 1671055427354, "tick_direction": 1, "price": 0.184, "mark_price": 0.18370976, "iv": 62.3, "instrument_name": "BTC-31MAR23-16000-C", "index_price": 17813.06, "direction": "sell", "amount": 0.1}, {"trade_seq": 153, "trade_id": "237769495", "timestamp": 1671055421270, "tick_direction": 1, "price": 0.184, "mark_price": 0.18373012, "iv": 62.29, "instrument_name": "BTC-31MAR23-16000-C", "index_price": 17813.89, "direction": "sell", "amount": 0.1}, {"trade_seq": 152, "trade_id": "237769494", "timestamp": 1671055421245, "tick_direction": 1, "price": 0.184, "mark_price": 0.18373012, "iv": 62.29, "instrument_name": "BTC-31MAR23-16000-C", "index_price": 17813.89, "direction": "sell", "amount": 0.1}, {"trade_seq": 151, "trade_id": "237769493", "timestamp": 1671055417216, "tick_direction": 1, "price": 0.184, "mark_price": 0.18371848, "iv": 62.29, "instrument_name": "BTC-31MAR23-16000-C", "index_price": 17813.66, "direction": "sell", "amount": 0.1}, {"trade_seq": 150, "trade_id": "237769492", "timestamp": 1671055417208, "tick_direction": 1, "price": 0.184, "mark_price": 0.18371848, "iv": 62.29, "instrument_name": "BTC-31MAR23-16000-C", "index_price": 17813.66, "direction": "sell", "amount": 0.1}, {"trade_seq": 149, "trade_id": "237769491", "timestamp": 1671055417186, "tick_direction": 1, "price": 0.184, "mark_price": 0.18371848, "iv": 62.29, "instrument_name": "BTC-31MAR23-16000-C", "index_price": 17813.66, "direction": "sell", "amount": 0.1}, {"trade_seq": 148, "trade_id": "237769490", "timestamp": 1671055415243, "tick_direction": 1, "price": 0.184, "mark_price": 0.18370904, "iv": 62.3, "instrument_name": "BTC-31MAR23-16000-C", "index_price": 17813.35, "direction": "sell", "amount": 0.1}, {"trade_seq": 147, "trade_id": "237769489", "timestamp": 1671055415235, "tick_direction": 1, "price": 0.184, "mark_price": 0.18370904, "iv": 62.3, "instrument_name": "BTC-31MAR23-16000-C", "index_price": 17813.35, "direction": "sell", "amount": 0.1}, {"trade_seq": 146, "trade_id": "237769488", "timestamp": 1671055415226, "tick_direction": 1, "price": 0.184, "mark_price": 0.18370904, "iv": 62.3, "instrument_name": "BTC-31MAR23-16000-C", "index_price": 17813.35, "direction": "sell", "amount": 0.1}, {"trade_seq": 145, "trade_id": "237769487", "timestamp": 1671055415215, "tick_direction": 1, "price": 0.184, "mark_price": 0.18370904, "iv": 62.3, "instrument_name": "BTC-31MAR23-16000-C", "index_price": 17813.35, "direction": "sell", "amount": 0.3}, {"trade_seq": 144, "trade_id": "237769486", "timestamp": 1671055415207, "tick_direction": 1, "price": 0.184, "mark_price": 0.18370904, "iv": 62.3, "instrument_name": "BTC-31MAR23-16000-C", "index_price": 17813.35, "direction": "sell", "amount": 0.2}, {"trade_seq": 143, "trade_id": "237769483", "timestamp": 1671055413153, "tick_direction": 1, "price": 0.184, "mark_price": 0.18373606, "iv": 62.3, "instrument_name": "BTC-31MAR23-16000-C", "index_price": 17813.5, "direction": "sell", "amount": 0.1}, {"trade_seq": 142, "trade_id": "237769482", "timestamp": 1671055413144, "tick_direction": 1, "price": 0.184, "mark_price": 0.18373606, "iv": 62.3, "instrument_name": "BTC-31MAR23-16000-C", "index_price": 17813.5, "direction": "sell", "amount": 0.1}, {"trade_seq": 141, "trade_id": "237769481", "timestamp": 1671055409067, "tick_direction": 1, "price": 0.184, "mark_price": 0.18375576, "iv": 62.27, "instrument_name": "BTC-31MAR23-16000-C", "index_price": 17814.83, "direction": "sell", "amount": 0.1}, {"trade_seq": 140, "trade_id": "237769480", "timestamp": 1671055405029, "tick_direction": 1, "price": 0.184, "mark_price": 0.18375119, "iv": 62.27, "instrument_name": "BTC-31MAR23-16000-C", "index_price": 17814.63, "direction": "sell", "amount": 0.1}, {"trade_seq": 139, "trade_id": "237769479", "timestamp": 1671055405017, "tick_direction": 1, "price": 0.184, "mark_price": 0.18375119, "iv": 62.27, "instrument_name": "BTC-31MAR23-16000-C", "index_price": 17814.63, "direction": "sell", "amount": 0.1}, {"trade_seq": 138, "trade_id": "237769478", "timestamp": 1671055402979, "tick_direction": 1, "price": 0.184, "mark_price": 0.18376509, "iv": 62.29, "instrument_name": "BTC-31MAR23-16000-C", "index_price": 17813.11, "direction": "sell", "amount": 0.1}, {"trade_seq": 137, "trade_id": "237769477", "timestamp": 1671055402968, "tick_direction": 1, "price": 0.184, "mark_price": 0.18376509, "iv": 62.29, "instrument_name": "BTC-31MAR23-16000-C", "index_price": 17813.11, "direction": "sell", "amount": 0.1}, {"trade_seq": 136, "trade_id": "237769474", "timestamp": 1671055401496, "tick_direction": 1, "price": 0.184, "mark_price": 0.18380336, "iv": 62.27, "instrument_name": "BTC-31MAR23-16000-C", "index_price": 17814.61, "direction": "sell", "amount": 0.1}, {"trade_seq": 135, "trade_id": "237769472", "timestamp": 1671055400948, "tick_direction": 1, "price": 0.184, "mark_price": 0.18380256, "iv": 62.25, "instrument_name": "BTC-31MAR23-16000-C", "index_price": 17816.12, "direction": "sell", "amount": 0.1}, {"trade_seq": 134, "trade_id": "237769471", "timestamp": 1671055400939, "tick_direction": 1, "price": 0.184, "mark_price": 0.18380256, "iv": 62.25, "instrument_name": "BTC-31MAR23-16000-C", "index_price": 17816.12, "direction": "sell", "amount": 0.1}, {"trade_seq": 133, "trade_id": "237769470", "timestamp": 1671055400900, "tick_direction": 1, "price": 0.184, "mark_price": 0.18380256, "iv": 62.25, "instrument_name": "BTC-31MAR23-16000-C", "index_price": 17816.12, "direction": "sell", "amount": 0.1}, {"trade_seq": 132, "trade_id": "237769435", "timestamp": 1671055328838, "tick_direction": 1, "price": 0.184, "mark_price": 0.18386792, "iv": 62.17, "instrument_name": "BTC-31MAR23-16000-C", "index_price": 17818.59, "direction": "sell", "amount": 0.1}, {"trade_seq": 131, "trade_id": "237769434", "timestamp": 1671055328827, "tick_direction": 1, "price": 0.184, "mark_price": 0.18386792, "iv": 62.17, "instrument_name": "BTC-31MAR23-16000-C", "index_price": 17818.59, "direction": "sell", "amount": 0.1}, {"trade_seq": 130, "trade_id": "237769433", "timestamp": 1671055328812, "tick_direction": 1, "price": 0.184, "mark_price": 0.18386792, "iv": 62.17, "instrument_name": "BTC-31MAR23-16000-C", "index_price": 17818.59, "direction": "sell", "amount": 0.1}, {"trade_seq": 129, "trade_id": "237769018", "timestamp": 1671054492739, "tick_direction": 1, "price": 0.184, "mark_price": 0.1836384, "iv": 62.27, "instrument_name": "BTC-31MAR23-16000-C", "index_price": 17822.61, "direction": "sell", "amount": 5.0}, {"trade_seq": 128, "trade_id": "237769017", "timestamp": 1671054492739, "tick_direction": 1, "price": 0.184, "mark_price": 0.1836384, "iv": 62.27, "instrument_name": "BTC-31MAR23-16000-C", "index_price": 17822.61, "direction": "sell", "amount": 3.1}, {"trade_seq": 127, "trade_id": "237769009", "timestamp": 1671054453238, "tick_direction": 1, "price": 0.184, "mark_price": 0.1834031, "iv": 62.34, "instrument_name": "BTC-31MAR23-16000-C", "index_price": 17820.81, "direction": "sell", "amount": 0.7}, {"trade_seq": 126, "trade_id": "237769004", "timestamp": 1671054452071, "tick_direction": 1, "price": 0.184, "mark_price": 0.1833922, "iv": 62.34, "instrument_name": "BTC-31MAR23-16000-C", "index_price": 17820.71, "direction": "sell", "amount": 0.1}, {"trade_seq": 125, "trade_id": "237769003", "timestamp": 1671054452062, "tick_direction": 1, "price": 0.184, "mark_price": 0.1833922, "iv": 62.34, "instrument_name": "BTC-31MAR23-16000-C", "index_price": 17820.71, "direction": "sell", "amount": 0.1}, {"trade_seq": 124, "trade_id": "237769002", "timestamp": 1671054452050, "tick_direction": 1, "price": 0.184, "mark_price": 0.1833922, "iv": 62.34, "instrument_name": "BTC-31MAR23-16000-C", "index_price": 17820.71, "direction": "sell", "amount": 0.2}, {"trade_seq": 123, "trade_id": "237769001", "timestamp": 1671054452036, "tick_direction": 1, "price": 0.184, "mark_price": 0.1833922, "iv": 62.34, "instrument_name": "BTC-31MAR23-16000-C", "index_price": 17820.71, "direction": "sell", "amount": 0.3}, {"trade_seq": 122, "trade_id": "237769000", "timestamp": 1671054452013, "tick_direction": 1, "price": 0.184, "mark_price": 0.1833922, "iv": 62.34, "instrument_name": "BTC-31MAR23-16000-C", "index_price": 17820.71, "direction": "sell", "amount": 0.5}, {"trade_seq": 121, "trade_id": "237768992", "timestamp": 1671054443874, "tick_direction": 1, "price": 0.184, "mark_price": 0.18338275, "iv": 62.35, "instrument_name": "BTC-31MAR23-16000-C", "index_price": 17822.15, "direction": "sell", "amount": 5.0}, {"trade_seq": 120, "trade_id": "237768991", "timestamp": 1671054443874, "tick_direction": 1, "price": 0.184, "mark_price": 0.18338275, "iv": 62.35, "instrument_name": "BTC-31MAR23-16000-C", "index_price": 17822.15, "direction": "sell", "amount": 1.5}, {"trade_seq": 119, "trade_id": "237768980", "timestamp": 1671054440095, "tick_direction": 1, "price": 0.184, "mark_price": 0.18341433, "iv": 62.33, "instrument_name": "BTC-31MAR23-16000-C", "index_price": 17824.03, "direction": "sell", "amount": 0.1}, {"trade_seq": 118, "trade_id": "237768979", "timestamp": 1671054428990, "tick_direction": 0, "price": 0.184, "mark_price": 0.18339216, "iv": 62.33, "instrument_name": "BTC-31MAR23-16000-C", "index_price": 17824.23, "direction": "sell", "amount": 3.4}, {"trade_seq": 117, "trade_id": "237506358", "timestamp": 1670589967981, "tick_direction": 3, "price": 0.166, "mark_price": 0.16493022, "iv": 61.3, "instrument_name": "BTC-31MAR23-16000-C", "index_price": 17192.43, "direction": "buy", "amount": 0.2}, {"trade_seq": 116, "trade_id": "237506357", "timestamp": 1670589967950, "tick_direction": 3, "price": 0.166, "mark_price": 0.16493022, "iv": 61.3, "instrument_name": "BTC-31MAR23-16000-C", "index_price": 17192.43, "direction": "buy", "amount": 0.3}, {"trade_seq": 115, "trade_id": "237506353", "timestamp": 1670589967709, "tick_direction": 3, "price": 0.166, "mark_price": 0.16493022, "iv": 61.3, "instrument_name": "BTC-31MAR23-16000-C", "index_price": 17192.43, "direction": "buy", "amount": 0.3}, {"trade_seq": 114, "trade_id": "237506352", "timestamp": 1670589967679, "tick_direction": 3, "price": 0.166, "mark_price": 0.16493022, "iv": 61.3, "instrument_name": "BTC-31MAR23-16000-C", "index_price": 17192.43, "direction": "buy", "amount": 0.5}, {"trade_seq": 113, "trade_id": "237506350", "timestamp": 1670589967177, "tick_direction": 3, "price": 0.166, "mark_price": 0.16487146, "iv": 61.3, "instrument_name": "BTC-31MAR23-16000-C", "index_price": 17192.43, "direction": "buy", "amount": 0.7}, {"trade_seq": 112, "trade_id": "237506298", "timestamp": 1670589965296, "tick_direction": 3, "price": 0.166, "mark_price": 0.16503715, "iv": 61.29, "instrument_name": "BTC-31MAR23-16000-C", "index_price": 17191.44, "direction": "buy", "amount": 1.0}, {"trade_seq": 111, "trade_id": "237506267", "timestamp": 1670589964932, "tick_direction": 2, "price": 0.166, "mark_price": 0.16503715, "iv": 61.25, "instrument_name": "BTC-31MAR23-16000-C", "index_price": 17194.22, "direction": "buy", "amount": 1.5}, {"trade_seq": 110, "trade_id": "237506173", "timestamp": 1670589959705, "tick_direction": 1, "price": 0.1665, "mark_price": 0.16541167, "iv": 61.31, "instrument_name": "BTC-31MAR23-16000-C", "index_price": 17208.02, "direction": "buy", "amount": 0.3}, {"trade_seq": 109, "trade_id": "237503315", "timestamp": 1670584445818, "tick_direction": 0, "price": 0.1665, "mark_price": 0.16581683, "iv": 61.25, "instrument_name": "BTC-31MAR23-16000-C", "index_price": 17212.82, "direction": "buy", "amount": 2.0}, {"trade_seq": 108, "trade_id": "237498576", "timestamp": 1670575693869, "tick_direction": 2, "price": 0.1635, "mark_price": 0.16563353, "iv": 59.83, "instrument_name": "BTC-31MAR23-16000-C", "index_price": 17205.08, "direction": "sell", "amount": 2.7}, {"trade_seq": 107, "trade_id": "237487948", "timestamp": 1670549407063, "tick_direction": 1, "price": 0.1685, "mark_price": 0.16840555, "iv": 61.12, "instrument_name": "BTC-31MAR23-16000-C", "index_price": 17285.09, "direction": "buy", "amount": 0.2}, {"trade_seq": 106, "trade_id": "237487941", "timestamp": 1670549407013, "tick_direction": 1, "price": 0.1685, "mark_price": 0.16840555, "iv": 61.12, "instrument_name": "BTC-31MAR23-16000-C", "index_price": 17285.09, "direction": "buy", "amount": 0.2}, {"trade_seq": 105, "trade_id": "237487937", "timestamp": 1670549406987, "tick_direction": 1, "price": 0.1685, "mark_price": 0.16840555, "iv": 61.12, "instrument_name": "BTC-31MAR23-16000-C", "index_price": 17285.09, "direction": "buy", "amount": 0.1}, {"trade_seq": 104, "trade_id": "237487935", "timestamp": 1670549406914, "tick_direction": 0, "price": 0.1685, "mark_price": 0.16840555, "iv": 61.12, "instrument_name": "BTC-31MAR23-16000-C", "index_price": 17285.09, "direction": "buy", "amount": 0.1}, {"trade_seq": 103, "trade_id": "237384904", "timestamp": 1670368739671, "tick_direction": 3, "price": 0.164, "mark_price": 0.16485243, "iv": 61.4, "instrument_name": "BTC-31MAR23-16000-C", "index_price": 17024.42, "direction": "buy", "amount": 0.2}, {"trade_seq": 102, "trade_id": "237384903", "timestamp": 1670368738790, "tick_direction": 2, "price": 0.164, "mark_price": 0.1648487, "iv": 61.41, "instrument_name": "BTC-31MAR23-16000-C", "index_price": 17023.83, "direction": "buy", "amount": 1.5}, {"trade_seq": 101, "trade_id": "237123740", "timestamp": 1669942423787, "tick_direction": 1, "price": 0.1675, "mark_price": 0.16800322, "iv": 62.36, "instrument_name": "BTC-31MAR23-16000-C", "index_price": 16997.35, "direction": "buy", "amount": 0.1}, {"trade_seq": 100, "trade_id": "237123734", "timestamp": 1669942417430, "tick_direction": 1, "price": 0.1675, "mark_price": 0.16793363, "iv": 62.4, "instrument_name": "BTC-31MAR23-16000-C", "index_price": 16994.61, "direction": "buy", "amount": 0.1}, {"trade_seq": 99, "trade_id": "237123733", "timestamp": 1669942417415, "tick_direction": 0, "price": 0.1675, "mark_price": 0.16793363, "iv": 62.4, "instrument_name": "BTC-31MAR23-16000-C", "index_price": 16994.61, "direction": "buy", "amount": 0.1}, {"trade_seq": 98, "trade_id": "236843351", "timestamp": 1669645943038, "tick_direction": 2, "price": 0.1535, "mark_price": 0.15394063, "iv": 64.9, "instrument_name": "BTC-31MAR23-16000-C", "index_price": 16225.31, "direction": "sell", "amount": 0.6}, {"trade_seq": 97, "trade_id": "236783627", "timestamp": 1669506802688, "tick_direction": 3, "price": 0.161, "mark_price": 0.16112454, "iv": 65.56, "instrument_name": "BTC-31MAR23-16000-C", "index_price": 16448.58, "direction": "buy", "amount": 2.5}, {"trade_seq": 96, "trade_id": "236783542", "timestamp": 1669506802175, "tick_direction": 3, "price": 0.161, "mark_price": 0.16112454, "iv": 65.56, "instrument_name": "BTC-31MAR23-16000-C", "index_price": 16448.58, "direction": "buy", "amount": 1.2}, {"trade_seq": 95, "trade_id": "236783440", "timestamp": 1669506792805, "tick_direction": 2, "price": 0.161, "mark_price": 0.16115332, "iv": 65.55, "instrument_name": "BTC-31MAR23-16000-C", "index_price": 16448.68, "direction": "buy", "amount": 1.3}, {"trade_seq": 94, "trade_id": "236777841", "timestamp": 1669488818286, "tick_direction": 3, "price": 0.1635, "mark_price": 0.16296397, "iv": 66.09, "instrument_name": "BTC-31MAR23-16000-C", "index_price": 16487.68, "direction": "sell", "amount": 0.1}, {"trade_seq": 93, "trade_id": "236777840", "timestamp": 1669488818286, "tick_direction": 3, "price": 0.1635, "mark_price": 0.16296397, "iv": 66.09, "instrument_name": "BTC-31MAR23-16000-C", "index_price": 16487.68, "direction": "sell", "amount": 0.1}, {"trade_seq": 92, "trade_id": "236777839", "timestamp": 1669488818286, "tick_direction": 2, "price": 0.1635, "mark_price": 0.16296397, "iv": 66.09, "instrument_name": "BTC-31MAR23-16000-C", "index_price": 16487.68, "direction": "sell", "amount": 0.1}, {"trade_seq": 91, "trade_id": "236755719", "timestamp": 1669428428296, "tick_direction": 0, "price": 0.1675, "mark_price": 0.167846, "iv": 65.55, "instrument_name": "BTC-31MAR23-16000-C", "index_price": 16642.82, "direction": "buy", "amount": 0.5}, {"trade_seq": 90, "trade_id": "236725055", "timestamp": 1669366694925, "tick_direction": 3, "price": 0.165, "mark_price": 0.1649424, "iv": 67.02, "instrument_name": "BTC-31MAR23-16000-C", "index_price": 16439.68, "direction": "buy", "amount": 0.1}, {"trade_seq": 89, "trade_id": "236725054", "timestamp": 1669366694925, "tick_direction": 2, "price": 0.165, "mark_price": 0.1649424, "iv": 67.02, "instrument_name": "BTC-31MAR23-16000-C", "index_price": 16439.68, "direction": "buy", "amount": 5.9}, {"trade_seq": 88, "trade_id": "236702431", "timestamp": 1669335589860, "tick_direction": 2, "price": 0.1705, "mark_price": 0.17090776, "iv": 68.04, "instrument_name": "BTC-31MAR23-16000-C", "index_price": 16543.12, "direction": "sell", "amount": 0.1}, {"trade_seq": 87, "trade_id": "236702409", "timestamp": 1669335538284, "tick_direction": 0, "price": 0.171, "mark_price": 0.17116031, "iv": 68.15, "instrument_name": "BTC-31MAR23-16000-C", "index_price": 16552.7, "direction": "sell", "amount": 0.1}, {"trade_seq": 86, "trade_id": "236702379", "timestamp": 1669335462490, "tick_direction": 3, "price": 0.1705, "mark_price": 0.1710179, "iv": 67.99, "instrument_name": "BTC-31MAR23-16000-C", "index_price": 16548.19, "direction": "sell", "amount": 0.2}, {"trade_seq": 85, "trade_id": "236702321", "timestamp": 1669335320277, "tick_direction": 2, "price": 0.1705, "mark_price": 0.17092063, "iv": 68.03, "instrument_name": "BTC-31MAR23-16000-C", "index_price": 16544.2, "direction": "sell", "amount": 0.1}, {"trade_seq": 84, "trade_id": "236692537", "timestamp": 1669308715692, "tick_direction": 2, "price": 0.1725, "mark_price": 0.17349463, "iv": 68.42, "instrument_name": "BTC-31MAR23-16000-C", "index_price": 16596.22, "direction": "buy", "amount": 5.0}, {"trade_seq": 83, "trade_id": "236582601", "timestamp": 1669157367203, "tick_direction": 2, "price": 0.1675, "mark_price": 0.16872204, "iv": 70.94, "instrument_name": "BTC-31MAR23-16000-C", "index_price": 16151.99, "direction": "sell", "amount": 2.6}, {"trade_seq": 82, "trade_id": "236566207", "timestamp": 1669133606360, "tick_direction": 1, "price": 0.169, "mark_price": 0.16883819, "iv": 71.77, "instrument_name": "BTC-31MAR23-16000-C", "index_price": 16180.74, "direction": "sell", "amount": 0.2}, {"trade_seq": 81, "trade_id": "236559128", "timestamp": 1669129399162, "tick_direction": 0, "price": 0.169, "mark_price": 0.16928285, "iv": 72.1, "instrument_name": "BTC-31MAR23-16000-C", "index_price": 16150.01, "direction": "buy", "amount": 0.3}, {"trade_seq": 80, "trade_id": "236534973", "timestamp": 1669103711642, "tick_direction": 0, "price": 0.1585, "mark_price": 0.15855263, "iv": 72.05, "instrument_name": "BTC-31MAR23-16000-C", "index_price": 15733.55, "direction": "sell", "amount": 0.5}, {"trade_seq": 79, "trade_id": "236534736", "timestamp": 1669103457087, "tick_direction": 2, "price": 0.1575, "mark_price": 0.15789212, "iv": 71.93, "instrument_name": "BTC-31MAR23-16000-C", "index_price": 15697.9, "direction": "sell", "amount": 0.4}, {"trade_seq": 78, "trade_id": "236524976", "timestamp": 1669087212684, "tick_direction": 0, "price": 0.1595, "mark_price": 0.15786887, "iv": 71.19, "instrument_name": "BTC-31MAR23-16000-C", "index_price": 15843.04, "direction": "sell", "amount": 2.7}, {"trade_seq": 77, "trade_id": "236516738", "timestamp": 1669075388228, "tick_direction": 1, "price": 0.1565, "mark_price": 0.15620484, "iv": 70.76, "instrument_name": "BTC-31MAR23-16000-C", "index_price": 15756.04, "direction": "sell", "amount": 0.7}, {"trade_seq": 76, "trade_id": "236516737", "timestamp": 1669075388225, "tick_direction": 1, "price": 0.1565, "mark_price": 0.15620484, "iv": 70.76, "instrument_name": "BTC-31MAR23-16000-C", "index_price": 15756.04, "direction": "sell", "amount": 1.0}, {"trade_seq": 75, "trade_id": "236516736", "timestamp": 1669075388221, "tick_direction": 0, "price": 0.1565, "mark_price": 0.15620484, "iv": 70.76, "instrument_name": "BTC-31MAR23-16000-C", "index_price": 15756.04, "direction": "buy", "amount": 0.6}, {"trade_seq": 74, "trade_id": "236495299", "timestamp": 1669060627223, "tick_direction": 2, "price": 0.154, "mark_price": 0.15485098, "iv": 70.77, "instrument_name": "BTC-31MAR23-16000-C", "index_price": 15660.04, "direction": "buy", "amount": 0.6}, {"trade_seq": 73, "trade_id": "236494003", "timestamp": 1669060134127, "tick_direction": 3, "price": 0.1545, "mark_price": 0.15505306, "iv": 70.82, "instrument_name": "BTC-31MAR23-16000-C", "index_price": 15672.97, "direction": "buy", "amount": 2.7}, {"trade_seq": 72, "trade_id": "236493936", "timestamp": 1669060114251, "tick_direction": 3, "price": 0.1545, "mark_price": 0.15486879, "iv": 70.91, "instrument_name": "BTC-31MAR23-16000-C", "index_price": 15666.31, "direction": "buy", "amount": 14.0}, {"trade_seq": 71, "trade_id": "236493917", "timestamp": 1669060104165, "tick_direction": 3, "price": 0.1545, "mark_price": 0.15486329, "iv": 70.9, "instrument_name": "BTC-31MAR23-16000-C", "index_price": 15666.94, "direction": "buy", "amount": 2.6}, {"trade_seq": 70, "trade_id": "236493916", "timestamp": 1669060103876, "tick_direction": 2, "price": 0.1545, "mark_price": 0.15486329, "iv": 70.91, "instrument_name": "BTC-31MAR23-16000-C", "index_price": 15665.5, "direction": "sell", "amount": 0.7}, {"trade_seq": 69, "trade_id": "236475474", "timestamp": 1669048907411, "tick_direction": 2, "price": 0.1605, "mark_price": 0.16146089, "iv": 70.05, "instrument_name": "BTC-31MAR23-16000-C", "index_price": 15984.21, "direction": "sell", "amount": 0.3}, {"trade_seq": 68, "trade_id": "236475260", "timestamp": 1669048707055, "tick_direction": 2, "price": 0.1617, "mark_price": 0.16113545, "iv": 70.63, "instrument_name": "BTC-31MAR23-16000-C", "index_price": 15978.88, "direction": "buy", "combo_id": "BTC-CDIAG-31MAR23_30DEC22-16000_17000", "block_trade_id": "56932", "amount": 50.0}, {"trade_seq": 67, "trade_id": "236468788", "timestamp": 1669044239078, "tick_direction": 2, "price": 0.165, "mark_price": 0.1644427, "iv": 70.37, "instrument_name": "BTC-31MAR23-16000-C", "index_price": 16114.27, "direction": "buy", "combo_id": "BTC-CDIAG-31MAR23_30DEC22-16000_17000", "block_trade_id": "56924", "amount": 100.0}, {"trade_seq": 66, "trade_id": "236468470", "timestamp": 1669043985215, "tick_direction": 2, "price": 0.1656, "mark_price": 0.1648692, "iv": 70.45, "instrument_name": "BTC-31MAR23-16000-C", "index_price": 16129.39, "direction": "buy", "combo_id": "BTC-CDIAG-31MAR23_30DEC22-16000_17000", "block_trade_id": "56923", "amount": 100.0}, {"trade_seq": 65, "trade_id": "236468157", "timestamp": 1669043760730, "tick_direction": 0, "price": 0.1664, "mark_price": 0.16470252, "iv": 70.86, "instrument_name": "BTC-31MAR23-16000-C", "index_price": 16123.35, "direction": "buy", "combo_id": "BTC-CDIAG-31MAR23_30DEC22-16000_17000", "block_trade_id": "56922", "amount": 100.0}, {"trade_seq": 64, "trade_id": "236467213", "timestamp": 1669043146470, "tick_direction": 3, "price": 0.1653, "mark_price": 0.16455586, "iv": 70.38, "instrument_name": "BTC-31MAR23-16000-C", "index_price": 16120.97, "direction": "buy", "combo_id": "BTC-CDIAG-31MAR23_30DEC22-16000_17000", "block_trade_id": "56919", "amount": 28.0}, {"trade_seq": 63, "trade_id": "236467212", "timestamp": 1669043146465, "tick_direction": 2, "price": 0.1653, "mark_price": 0.16455586, "iv": 70.38, "instrument_name": "BTC-31MAR23-16000-C", "index_price": 16120.97, "direction": "buy", "combo_id": "BTC-CDIAG-31MAR23_30DEC22-16000_17000", "block_trade_id": "56918", "amount": 50.0}, {"trade_seq": 62, "trade_id": "236464243", "timestamp": 1669041345170, "tick_direction": 1, "price": 0.166, "mark_price": 0.16501376, "iv": 70.28, "instrument_name": "BTC-31MAR23-16000-C", "index_price": 16165.6, "direction": "buy", "amount": 3.5}, {"trade_seq": 61, "trade_id": "236464242", "timestamp": 1669041345170, "tick_direction": 0, "price": 0.166, "mark_price": 0.16501376, "iv": 70.28, "instrument_name": "BTC-31MAR23-16000-C", "index_price": 16165.6, "direction": "buy", "amount": 2.8}, {"trade_seq": 60, "trade_id": "236447496", "timestamp": 1669024488810, "tick_direction": 1, "price": 0.163, "mark_price": 0.16383085, "iv": 69.44, "instrument_name": "BTC-31MAR23-16000-C", "index_price": 16118.29, "direction": "sell", "amount": 0.6}, {"trade_seq": 59, "trade_id": "236447495", "timestamp": 1669024488807, "tick_direction": 1, "price": 0.163, "mark_price": 0.16383085, "iv": 69.44, "instrument_name": "BTC-31MAR23-16000-C", "index_price": 16118.29, "direction": "sell", "amount": 0.9}, {"trade_seq": 58, "trade_id": "236447309", "timestamp": 1669024485260, "tick_direction": 0, "price": 0.163, "mark_price": 0.16333273, "iv": 69.62, "instrument_name": "BTC-31MAR23-16000-C", "index_price": 16102.29, "direction": "buy", "amount": 0.3}, {"trade_seq": 57, "trade_id": "236444835", "timestamp": 1669022017818, "tick_direction": 0, "price": 0.1595, "mark_price": 0.16062072, "iv": 69.36, "instrument_name": "BTC-31MAR23-16000-C", "index_price": 16001.69, "direction": "sell", "amount": 1.2}, {"trade_seq": 56, "trade_id": "236444267", "timestamp": 1669021674655, "tick_direction": 3, "price": 0.159, "mark_price": 0.1600037, "iv": 69.33, "instrument_name": "BTC-31MAR23-16000-C", "index_price": 15981.34, "direction": "buy", "amount": 4.5}, {"trade_seq": 55, "trade_id": "236444265", "timestamp": 1669021674643, "tick_direction": 2, "price": 0.159, "mark_price": 0.1600037, "iv": 69.33, "instrument_name": "BTC-31MAR23-16000-C", "index_price": 15981.34, "direction": "sell", "amount": 0.7}, {"trade_seq": 54, "trade_id": "236443938", "timestamp": 1669021339858, "tick_direction": 2, "price": 0.16, "mark_price": 0.1613784, "iv": 69.44, "instrument_name": "BTC-31MAR23-16000-C", "index_price": 16009.84, "direction": "sell", "amount": 2.0}, {"trade_seq": 53, "trade_id": "236443924", "timestamp": 1669021314919, "tick_direction": 3, "price": 0.1605, "mark_price": 0.16150189, "iv": 69.63, "instrument_name": "BTC-31MAR23-16000-C", "index_price": 16012.92, "direction": "buy", "amount": 2.4}, {"trade_seq": 52, "trade_id": "236443923", "timestamp": 1669021314916, "tick_direction": 3, "price": 0.1605, "mark_price": 0.16150189, "iv": 69.63, "instrument_name": "BTC-31MAR23-16000-C", "index_price": 16012.92, "direction": "buy", "amount": 0.1}, {"trade_seq": 51, "trade_id": "236443922", "timestamp": 1669021314913, "tick_direction": 3, "price": 0.1605, "mark_price": 0.16150189, "iv": 69.63, "instrument_name": "BTC-31MAR23-16000-C", "index_price": 16012.92, "direction": "buy", "amount": 3.7}, {"trade_seq": 50, "trade_id": "236443921", "timestamp": 1669021314893, "tick_direction": 2, "price": 0.1605, "mark_price": 0.16150189, "iv": 69.63, "instrument_name": "BTC-31MAR23-16000-C", "index_price": 16013.35, "direction": "sell", "amount": 2.2}, {"trade_seq": 49, "trade_id": "236443913", "timestamp": 1669021293019, "tick_direction": 3, "price": 0.161, "mark_price": 0.1616411, "iv": 69.8, "instrument_name": "BTC-31MAR23-16000-C", "index_price": 16016.98, "direction": "buy", "amount": 1.4}, {"trade_seq": 48, "trade_id": "236443912", "timestamp": 1669021293015, "tick_direction": 3, "price": 0.161, "mark_price": 0.1616411, "iv": 69.8, "instrument_name": "BTC-31MAR23-16000-C", "index_price": 16016.98, "direction": "buy", "amount": 2.3}, {"trade_seq": 47, "trade_id": "236443911", "timestamp": 1669021293013, "tick_direction": 2, "price": 0.161, "mark_price": 0.1616411, "iv": 69.8, "instrument_name": "BTC-31MAR23-16000-C", "index_price": 16016.98, "direction": "buy", "amount": 3.5}, {"trade_seq": 46, "trade_id": "236301181", "timestamp": 1668759849008, "tick_direction": 2, "price": 0.1875, "mark_price": 0.1883995, "iv": 72.44, "instrument_name": "BTC-31MAR23-16000-C", "index_price": 16703.19, "direction": "sell", "amount": 2.2}, {"trade_seq": 45, "trade_id": "236301078", "timestamp": 1668759765831, "tick_direction": 1, "price": 0.188, "mark_price": 0.18837593, "iv": 72.66, "instrument_name": "BTC-31MAR23-16000-C", "index_price": 16703.98, "direction": "buy", "amount": 4.8}, {"trade_seq": 44, "trade_id": "236301077", "timestamp": 1668759765829, "tick_direction": 0, "price": 0.188, "mark_price": 0.18837593, "iv": 72.66, "instrument_name": "BTC-31MAR23-16000-C", "index_price": 16703.98, "direction": "sell", "amount": 2.3}, {"trade_seq": 43, "trade_id": "236132209", "timestamp": 1668602270934, "tick_direction": 0, "price": 0.187, "mark_price": 0.18325213, "iv": 73.49, "instrument_name": "BTC-31MAR23-16000-C", "index_price": 16584.22, "direction": "buy", "amount": 0.1}, {"trade_seq": 42, "trade_id": "236032364", "timestamp": 1668518998200, "tick_direction": 0, "price": 0.184, "mark_price": 0.18485741, "iv": 68.78, "instrument_name": "BTC-31MAR23-16000-C", "index_price": 16885.83, "direction": "buy", "amount": 0.2}, {"trade_seq": 41, "trade_id": "235871084", "timestamp": 1668433840361, "tick_direction": 2, "price": 0.178, "mark_price": 0.18070771, "iv": 67.75, "instrument_name": "BTC-31MAR23-16000-C", "index_price": 16694.71, "direction": "sell", "amount": 8.0}, {"trade_seq": 40, "trade_id": "235840303", "timestamp": 1668424674608, "tick_direction": 0, "price": 0.1865, "mark_price": 0.18569913, "iv": 69.71, "instrument_name": "BTC-31MAR23-16000-C", "index_price": 16838.53, "direction": "buy", "amount": 8.0}, {"trade_seq": 39, "trade_id": "235763856", "timestamp": 1668399576739, "tick_direction": 2, "price": 0.1785, "mark_price": 0.17814081, "iv": 76.19, "instrument_name": "BTC-31MAR23-16000-C", "index_price": 15938.17, "direction": "sell", "amount": 1.1}, {"trade_seq": 38, "trade_id": "235473868", "timestamp": 1668177181483, "tick_direction": 3, "price": 0.19, "mark_price": 0.19106053, "iv": 73.84, "instrument_name": "BTC-31MAR23-16000-C", "index_price": 16517.04, "direction": "buy", "amount": 5.0}, {"trade_seq": 37, "trade_id": "235473801", "timestamp": 1668177177841, "tick_direction": 2, "price": 0.19, "mark_price": 0.19077384, "iv": 73.96, "instrument_name": "BTC-31MAR23-16000-C", "index_price": 16506.66, "direction": "buy", "amount": 5.0}, {"trade_seq": 36, "trade_id": "235353069", "timestamp": 1668150595499, "tick_direction": 0, "price": 0.207, "mark_price": 0.20779051, "iv": 72.3, "instrument_name": "BTC-31MAR23-16000-C", "index_price": 17225.64, "direction": "buy", "amount": 10.0}, {"trade_seq": 35, "trade_id": "235348024", "timestamp": 1668148624863, "tick_direction": 1, "price": 0.206, "mark_price": 0.20810383, "iv": 72.08, "instrument_name": "BTC-31MAR23-16000-C", "index_price": 17232.41, "direction": "buy", "amount": 4.6}, {"trade_seq": 34, "trade_id": "235347773", "timestamp": 1668148508975, "tick_direction": 1, "price": 0.206, "mark_price": 0.20835214, "iv": 72.03, "instrument_name": "BTC-31MAR23-16000-C", "index_price": 17231.73, "direction": "buy", "amount": 0.8}, {"trade_seq": 33, "trade_id": "235347772", "timestamp": 1668148508974, "tick_direction": 0, "price": 0.206, "mark_price": 0.20835214, "iv": 72.03, "instrument_name": "BTC-31MAR23-16000-C", "index_price": 17231.73, "direction": "buy", "amount": 4.6}, {"trade_seq": 32, "trade_id": "235346534", "timestamp": 1668147721999, "tick_direction": 2, "price": 0.205, "mark_price": 0.20749488, "iv": 72.49, "instrument_name": "BTC-31MAR23-16000-C", "index_price": 17160.13, "direction": "buy", "amount": 10.0}, {"trade_seq": 31, "trade_id": "235346424", "timestamp": 1668147665899, "tick_direction": 1, "price": 0.206, "mark_price": 0.20868466, "iv": 72.46, "instrument_name": "BTC-31MAR23-16000-C", "index_price": 17198.16, "direction": "buy", "amount": 0.2}, {"trade_seq": 30, "trade_id": "235346423", "timestamp": 1668147665899, "tick_direction": 0, "price": 0.206, "mark_price": 0.20868466, "iv": 72.46, "instrument_name": "BTC-31MAR23-16000-C", "index_price": 17198.16, "direction": "buy", "amount": 9.8}, {"trade_seq": 29, "trade_id": "235346417", "timestamp": 1668147649144, "tick_direction": 3, "price": 0.205, "mark_price": 0.20882384, "iv": 71.98, "instrument_name": "BTC-31MAR23-16000-C", "index_price": 17199.02, "direction": "buy", "amount": 1.0}, {"trade_seq": 28, "trade_id": "235346416", "timestamp": 1668147649144, "tick_direction": 2, "price": 0.205, "mark_price": 0.20882384, "iv": 71.98, "instrument_name": "BTC-31MAR23-16000-C", "index_price": 17199.02, "direction": "buy", "amount": 9.0}, {"trade_seq": 27, "trade_id": "235107798", "timestamp": 1668088414869, "tick_direction": 1, "price": 0.219, "mark_price": 0.21459771, "iv": 76.63, "instrument_name": "BTC-31MAR23-16000-C", "index_price": 17400.81, "direction": "sell", "amount": 32.1}, {"trade_seq": 26, "trade_id": "235107795", "timestamp": 1668088414844, "tick_direction": 1, "price": 0.219, "mark_price": 0.21459771, "iv": 76.63, "instrument_name": "BTC-31MAR23-16000-C", "index_price": 17400.81, "direction": "sell", "amount": 0.1}, {"trade_seq": 25, "trade_id": "235107793", "timestamp": 1668088414826, "tick_direction": 1, "price": 0.219, "mark_price": 0.21459771, "iv": 76.63, "instrument_name": "BTC-31MAR23-16000-C", "index_price": 17400.81, "direction": "sell", "amount": 0.1}, {"trade_seq": 24, "trade_id": "235107792", "timestamp": 1668088414806, "tick_direction": 1, "price": 0.219, "mark_price": 0.21459771, "iv": 76.63, "instrument_name": "BTC-31MAR23-16000-C", "index_price": 17400.81, "direction": "sell", "amount": 0.1}, {"trade_seq": 23, "trade_id": "235107791", "timestamp": 1668088414746, "tick_direction": 1, "price": 0.219, "mark_price": 0.21459771, "iv": 76.63, "instrument_name": "BTC-31MAR23-16000-C", "index_price": 17400.81, "direction": "sell", "amount": 2.8}, {"trade_seq": 22, "trade_id": "235107784", "timestamp": 1668088414719, "tick_direction": 1, "price": 0.219, "mark_price": 0.21459771, "iv": 76.63, "instrument_name": "BTC-31MAR23-16000-C", "index_price": 17400.81, "direction": "sell", "amount": 0.2}, {"trade_seq": 21, "trade_id": "235107783", "timestamp": 1668088414711, "tick_direction": 1, "price": 0.219, "mark_price": 0.21459771, "iv": 76.63, "instrument_name": "BTC-31MAR23-16000-C", "index_price": 17400.81, "direction": "sell", "amount": 3.3}, {"trade_seq": 20, "trade_id": "235107781", "timestamp": 1668088414605, "tick_direction": 1, "price": 0.219, "mark_price": 0.21459771, "iv": 76.63, "instrument_name": "BTC-31MAR23-16000-C", "index_price": 17400.81, "direction": "sell", "amount": 4.7}, {"trade_seq": 19, "trade_id": "235107780", "timestamp": 1668088414574, "tick_direction": 0, "price": 0.219, "mark_price": 0.21459771, "iv": 76.63, "instrument_name": "BTC-31MAR23-16000-C", "index_price": 17400.81, "direction": "sell", "amount": 6.6}, {"trade_seq": 18, "trade_id": "234863214", "timestamp": 1668044618019, "tick_direction": 1, "price": 0.189, "mark_price": 0.18912788, "iv": 76.12, "instrument_name": "BTC-31MAR23-16000-C", "index_price": 16164.87, "direction": "buy", "amount": 7.0}, {"trade_seq": 17, "trade_id": "234863211", "timestamp": 1668044617969, "tick_direction": 1, "price": 0.189, "mark_price": 0.18912788, "iv": 76.12, "instrument_name": "BTC-31MAR23-16000-C", "index_price": 16164.87, "direction": "buy", "amount": 3.0}, {"trade_seq": 16, "trade_id": "234863210", "timestamp": 1668044617969, "tick_direction": 1, "price": 0.189, "mark_price": 0.18912788, "iv": 76.12, "instrument_name": "BTC-31MAR23-16000-C", "index_price": 16164.87, "direction": "buy", "amount": 10.0}, {"trade_seq": 15, "trade_id": "234863060", "timestamp": 1668044561848, "tick_direction": 1, "price": 0.189, "mark_price": 0.18924175, "iv": 76.08, "instrument_name": "BTC-31MAR23-16000-C", "index_price": 16163.92, "direction": "buy", "amount": 5.4}, {"trade_seq": 14, "trade_id": "234863039", "timestamp": 1668044553291, "tick_direction": 1, "price": 0.189, "mark_price": 0.18943888, "iv": 76.0, "instrument_name": "BTC-31MAR23-16000-C", "index_price": 16171.95, "direction": "buy", "amount": 1.3}, {"trade_seq": 13, "trade_id": "234863038", "timestamp": 1668044553290, "tick_direction": 0, "price": 0.189, "mark_price": 0.18943888, "iv": 76.0, "instrument_name": "BTC-31MAR23-16000-C", "index_price": 16171.95, "direction": "buy", "amount": 3.3}, {"trade_seq": 12, "trade_id": "234769959", "timestamp": 1668033842551, "tick_direction": 1, "price": 0.1885, "mark_price": 0.18938843, "iv": 77.48, "instrument_name": "BTC-31MAR23-16000-C", "index_price": 16014.87, "direction": "sell", "amount": 1.8}, {"trade_seq": 11, "trade_id": "234769958", "timestamp": 1668033842526, "tick_direction": 0, "price": 0.1885, "mark_price": 0.18938843, "iv": 77.48, "instrument_name": "BTC-31MAR23-16000-C", "index_price": 16014.87, "direction": "sell", "amount": 2.7}, {"trade_seq": 10, "trade_id": "234738936", "timestamp": 1668030456737, "tick_direction": 2, "price": 0.1855, "mark_price": 0.18573982, "iv": 78.01, "instrument_name": "BTC-31MAR23-16000-C", "index_price": 15829.41, "direction": "buy", "amount": 5.0}, {"trade_seq": 9, "trade_id": "234738747", "timestamp": 1668030427283, "tick_direction": 1, "price": 0.186, "mark_price": 0.18555976, "iv": 78.28, "instrument_name": "BTC-31MAR23-16000-C", "index_price": 15825.14, "direction": "buy", "amount": 0.7}, {"trade_seq": 8, "trade_id": "234738746", "timestamp": 1668030427283, "tick_direction": 0, "price": 0.186, "mark_price": 0.18555976, "iv": 78.28, "instrument_name": "BTC-31MAR23-16000-C", "index_price": 15825.14, "direction": "buy", "amount": 5.0}, {"trade_seq": 7, "trade_id": "234738378", "timestamp": 1668030390280, "tick_direction": 3, "price": 0.185, "mark_price": 0.18569808, "iv": 77.79, "instrument_name": "BTC-31MAR23-16000-C", "index_price": 15838.27, "direction": "buy", "amount": 7.5}, {"trade_seq": 6, "trade_id": "234738377", "timestamp": 1668030390280, "tick_direction": 3, "price": 0.185, "mark_price": 0.18569808, "iv": 77.79, "instrument_name": "BTC-31MAR23-16000-C", "index_price": 15838.27, "direction": "buy", "amount": 0.1}, {"trade_seq": 5, "trade_id": "234738376", "timestamp": 1668030390277, "tick_direction": 2, "price": 0.185, "mark_price": 0.18569808, "iv": 77.79, "instrument_name": "BTC-31MAR23-16000-C", "index_price": 15838.27, "direction": "buy", "amount": 2.4}, {"trade_seq": 4, "trade_id": "234646801", "timestamp": 1668022862773, "tick_direction": 2, "price": 0.213, "mark_price": 0.21293596, "iv": 77.12, "instrument_name": "BTC-31MAR23-16000-C", "index_price": 16919.51, "direction": "buy", "amount": 2.2}, {"trade_seq": 3, "trade_id": "231928813", "timestamp": 1665679868458, "tick_direction": 0, "price": 0.2677, "mark_price": 0.26687311, "iv": 70.09, "instrument_name": "BTC-31MAR23-16000-C", "index_price": 19140.32, "direction": "buy", "combo_id": "BTC-CS-31MAR23-16000_28000", "block_trade_id": "52443", "amount": 100.0}, {"trade_seq": 2, "trade_id": "231926651", "timestamp": 1665679371637, "tick_direction": 2, "price": 0.2655, "mark_price": 0.26757095, "iv": 68.98, "instrument_name": "BTC-31MAR23-16000-C", "index_price": 19157.78, "direction": "buy", "combo_id": "BTC-CS-31MAR23-16000_28000", "block_trade_id": "52440", "amount": 100.0}, {"trade_seq": 1, "trade_id": "219947683", "timestamp": 1655616800723, "tick_direction": 1, "price": 0.32, "mark_price": 0.31607113, "iv": 78.66, "instrument_name": "BTC-31MAR23-16000-C", "index_price": 18043.62, "direction": "sell", "amount": 0.1}], "has_more": false}