{"trades": [{"trade_seq": 3361, "trade_id": "137692900", "timestamp": 1616425488756, "tick_direction": 1, "price": 0.0005, "mark_price": 3.7e-07, "iv": 217.96, "instrument_name": "BTC-26MAR21-100000-C", "index_price": 57058.29, "direction": "buy", "amount": 1.0}, {"trade_seq": 3360, "trade_id": "137692899", "timestamp": 1616425488756, "tick_direction": 1, "price": 0.0005, "mark_price": 3.7e-07, "iv": 217.96, "instrument_name": "BTC-26MAR21-100000-C", "index_price": 57058.29, "direction": "buy", "amount": 3.0}, {"trade_seq": 3359, "trade_id": "137217778", "timestamp": 1616185494861, "tick_direction": 1, "price": 0.0005, "mark_price": 2.52e-06, "iv": 154.65, "instrument_name": "BTC-26MAR21-100000-C", "index_price": 59196.62, "direction": "buy", "amount": 3.0}, {"trade_seq": 3358, "trade_id": "137217769", "timestamp": 1616185481564, "tick_direction": 1, "price": 0.0005, "mark_price": 2.54e-06, "iv": 154.6, "instrument_name": "BTC-26MAR21-100000-C", "index_price": 59196.51, "direction": "buy", "amount": 19.0}, {"trade_seq": 3357, "trade_id": "137217768", "timestamp": 1616185481564, "tick_direction": 1, "price": 0.0005, "mark_price": 2.54e-06, "iv": 154.6, "instrument_name": "BTC-26MAR21-100000-C", "index_price": 59196.51, "direction": "buy", "amount": 1.0}, {"trade_seq": 3356, "trade_id": "137199968", "timestamp": 1616173125199, "tick_direction": 1, "price": 0.0005, "mark_price": 6.633e-05, "iv": 154.49, "instrument_name": "BTC-26MAR21-100000-C", "index_price": 58853.24, "direction": "sell", "amount": 30.0}, {"trade_seq": 3355, "trade_id": "137199967", "timestamp": 1616173124148, "tick_direction": 1, "price": 0.0005, "mark_price": 6.629e-05, "iv": 154.49, "instrument_name": "BTC-26MAR21-100000-C", "index_price": 58853.75, "direction": "sell", "amount": 31.0}, {"trade_seq": 3354, "trade_id": "137199966", "timestamp": 1616173124147, "tick_direction": 1, "price": 0.0005, "mark_price": 6.629e-05, "iv": 154.49, "instrument_name": "BTC-26MAR21-100000-C", "index_price": 58853.75, "direction": "sell", "amount": 31.0}, {"trade_seq": 3353, "trade_id": "137199965", "timestamp": 1616173124145, "tick_direction": 1, "price": 0.0005, "mark_price": 6.629e-05, "iv": 154.49, "instrument_name": "BTC-26MAR21-100000-C", "index_price": 58853.75, "direction": "buy", "amount": 30.0}, {"trade_seq": 3352, "trade_id": "137155666", "timestamp": 1616157066136, "tick_direction": 1, "price": 0.0005, "mark_price": 6.967e-05, "iv": 151.19, "instrument_name": "BTC-26MAR21-100000-C", "index_price": 59107.62, "direction": "sell", "amount": 31.0}, {"trade_seq": 3351, "trade_id": "137155665", "timestamp": 1616157066134, "tick_direction": 0, "price": 0.0005, "mark_price": 6.967e-05, "iv": 151.19, "instrument_name": "BTC-26MAR21-100000-C", "index_price": 59107.62, "direction": "buy", "amount": 30.0}, {"trade_seq": 3350, "trade_id": "137147126", "timestamp": 1616154929095, "tick_direction": 2, "price": 0.0001, "mark_price": 7.118e-05, "iv": 130.11, "instrument_name": "BTC-26MAR21-100000-C", "index_price": 58748.8, "direction": "sell", "block_trade_id": "9497", "amount": 25.0}, {"trade_seq": 3349, "trade_id": "137098984", "timestamp": 1616133686752, "tick_direction": 0, "price": 0.001, "mark_price": 9.855e-05, "iv": 164.57, "instrument_name": "BTC-26MAR21-100000-C", "index_price": 58435.75, "direction": "buy", "amount": 1.0}, {"trade_seq": 3348, "trade_id": "137086662", "timestamp": 1616127532505, "tick_direction": 1, "price": 0.0005, "mark_price": 7.447e-05, "iv": 153.66, "instrument_name": "BTC-26MAR21-100000-C", "index_price": 57751.62, "direction": "buy", "amount": 1.0}, {"trade_seq": 3347, "trade_id": "137086661", "timestamp": 1616127532505, "tick_direction": 1, "price": 0.0005, "mark_price": 7.447e-05, "iv": 153.66, "instrument_name": "BTC-26MAR21-100000-C", "index_price": 57751.62, "direction": "buy", "amount": 2.0}, {"trade_seq": 3346, "trade_id": "137086660", "timestamp": 1616127532505, "tick_direction": 0, "price": 0.0005, "mark_price": 7.447e-05, "iv": 153.66, "instrument_name": "BTC-26MAR21-100000-C", "index_price": 57751.62, "direction": "buy", "amount": 1.0}, {"trade_seq": 3345, "trade_id": "136984771", "timestamp": 1616089462785, "tick_direction": 2, "price": 0.0001, "mark_price": 6.611e-05, "iv": 121.29, "instrument_name": "BTC-26MAR21-100000-C", "index_price": 59329.16, "direction": "sell", "block_trade_id": "9468", "amount": 25.0}, {"trade_seq": 3344, "trade_id": "136805871", "timestamp": 1616022257150, "tick_direction": 3, "price": 0.0005, "mark_price": 0.00013573, "iv": 139.03, "instrument_name": "BTC-26MAR21-100000-C", "index_price": 58492.12, "direction": "buy", "amount": 0.3}, {"trade_seq": 3343, "trade_id": "136805772", "timestamp": 1616022227051, "tick_direction": 3, "price": 0.0005, "mark_price": 0.00013659, "iv": 138.98, "instrument_name": "BTC-26MAR21-100000-C", "index_price": 58500.6, "direction": "buy", "amount": 0.7}, {"trade_seq": 3342, "trade_id": "136772915", "timestamp": 1616014496208, "tick_direction": 3, "price": 0.0005, "mark_price": 0.00069618, "iv": 140.74, "instrument_name": "BTC-26MAR21-100000-C", "index_price": 57852.58, "direction": "sell", "amount": 5.0}, {"trade_seq": 3341, "trade_id": "136772914", "timestamp": 1616014496208, "tick_direction": 3, "price": 0.0005, "mark_price": 0.00069618, "iv": 140.74, "instrument_name": "BTC-26MAR21-100000-C", "index_price": 57852.58, "direction": "sell", "amount": 30.0}, {"trade_seq": 3340, "trade_id": "136772913", "timestamp": 1616014496208, "tick_direction": 2, "price": 0.0005, "mark_price": 0.00069618, "iv": 140.74, "instrument_name": "BTC-26MAR21-100000-C", "index_price": 57852.58, "direction": "sell", "amount": 1.0}, {"trade_seq": 3339, "trade_id": "136741364", "timestamp": 1616008224951, "tick_direction": 1, "price": 0.001, "mark_price": 0.00063142, "iv": 153.27, "instrument_name": "BTC-26MAR21-100000-C", "index_price": 57603.71, "direction": "buy", "amount": 0.1}, {"trade_seq": 3338, "trade_id": "136740318", "timestamp": 1616008069693, "tick_direction": 1, "price": 0.001, "mark_price": 0.00062797, "iv": 152.64, "instrument_name": "BTC-26MAR21-100000-C", "index_price": 57763.56, "direction": "buy", "amount": 4.5}, {"trade_seq": 3337, "trade_id": "136740317", "timestamp": 1616008069693, "tick_direction": 1, "price": 0.001, "mark_price": 0.00062797, "iv": 152.64, "instrument_name": "BTC-26MAR21-100000-C", "index_price": 57763.56, "direction": "buy", "amount": 0.5}, {"trade_seq": 3336, "trade_id": "136740316", "timestamp": 1616008069693, "tick_direction": 1, "price": 0.001, "mark_price": 0.00062797, "iv": 152.64, "instrument_name": "BTC-26MAR21-100000-C", "index_price": 57763.56, "direction": "buy", "amount": 2.5}, {"trade_seq": 3335, "trade_id": "136740315", "timestamp": 1616008069693, "tick_direction": 0, "price": 0.001, "mark_price": 0.00062797, "iv": 152.64, "instrument_name": "BTC-26MAR21-100000-C", "index_price": 57763.56, "direction": "buy", "amount": 2.5}, {"trade_seq": 3334, "trade_id": "136711153", "timestamp": 1616002789997, "tick_direction": 3, "price": 0.0005, "mark_price": 0.00023465, "iv": 148.76, "instrument_name": "BTC-26MAR21-100000-C", "index_price": 55508.95, "direction": "sell", "amount": 1.0}, {"trade_seq": 3333, "trade_id": "136701220", "timestamp": 1615998077707, "tick_direction": 3, "price": 0.0005, "mark_price": 0.00014037, "iv": 149.17, "instrument_name": "BTC-26MAR21-100000-C", "index_price": 55296.54, "direction": "sell", "amount": 4.5}, {"trade_seq": 3332, "trade_id": "136700947", "timestamp": 1615998043116, "tick_direction": 2, "price": 0.0005, "mark_price": 0.00013505, "iv": 149.45, "instrument_name": "BTC-26MAR21-100000-C", "index_price": 55232.74, "direction": "sell", "amount": 0.5}, {"trade_seq": 3331, "trade_id": "136686713", "timestamp": 1615993823360, "tick_direction": 1, "price": 0.001, "mark_price": 0.00015607, "iv": 161.76, "instrument_name": "BTC-26MAR21-100000-C", "index_price": 55178.25, "direction": "buy", "amount": 14.0}, {"trade_seq": 3330, "trade_id": "136686712", "timestamp": 1615993823360, "tick_direction": 1, "price": 0.001, "mark_price": 0.00015607, "iv": 161.76, "instrument_name": "BTC-26MAR21-100000-C", "index_price": 55178.25, "direction": "buy", "amount": 30.0}, {"trade_seq": 3329, "trade_id": "136686711", "timestamp": 1615993823360, "tick_direction": 1, "price": 0.001, "mark_price": 0.00015607, "iv": 161.76, "instrument_name": "BTC-26MAR21-100000-C", "index_price": 55178.25, "direction": "buy", "amount": 1.0}, {"trade_seq": 3328, "trade_id": "136686710", "timestamp": 1615993823360, "tick_direction": 1, "price": 0.001, "mark_price": 0.00015607, "iv": 161.76, "instrument_name": "BTC-26MAR21-100000-C", "index_price": 55178.25, "direction": "buy", "amount": 2.5}, {"trade_seq": 3327, "trade_id": "136686709", "timestamp": 1615993823360, "tick_direction": 1, "price": 0.001, "mark_price": 0.00015607, "iv": 161.76, "instrument_name": "BTC-26MAR21-100000-C", "index_price": 55178.25, "direction": "buy", "amount": 1.5}, {"trade_seq": 3326, "trade_id": "136686708", "timestamp": 1615993823360, "tick_direction": 0, "price": 0.001, "mark_price": 0.00015607, "iv": 161.76, "instrument_name": "BTC-26MAR21-100000-C", "index_price": 55178.25, "direction": "buy", "amount": 1.0}, {"trade_seq": 3325, "trade_id": "136672046", "timestamp": 1615989954678, "tick_direction": 3, "price": 0.0005, "mark_price": 0.00025199, "iv": 150.03, "instrument_name": "BTC-26MAR21-100000-C", "index_price": 54857.62, "direction": "sell", "amount": 2.5}, {"trade_seq": 3324, "trade_id": "136580466", "timestamp": 1615959238500, "tick_direction": 3, "price": 0.0005, "mark_price": 0.00019749, "iv": 144.27, "instrument_name": "BTC-26MAR21-100000-C", "index_price": 55571.3, "direction": "buy", "amount": 0.1}, {"trade_seq": 3323, "trade_id": "136580465", "timestamp": 1615959238500, "tick_direction": 3, "price": 0.0005, "mark_price": 0.00019749, "iv": 144.27, "instrument_name": "BTC-26MAR21-100000-C", "index_price": 55571.3, "direction": "buy", "amount": 0.7}, {"trade_seq": 3322, "trade_id": "136579004", "timestamp": 1615958511270, "tick_direction": 3, "price": 0.0005, "mark_price": 0.00019327, "iv": 144.81, "instrument_name": "BTC-26MAR21-100000-C", "index_price": 55432.01, "direction": "buy", "amount": 0.5}, {"trade_seq": 3321, "trade_id": "136503169", "timestamp": 1615924099438, "tick_direction": 3, "price": 0.0005, "mark_price": 0.00072819, "iv": 140.49, "instrument_name": "BTC-26MAR21-100000-C", "index_price": 55728.22, "direction": "sell", "amount": 5.0}, {"trade_seq": 3320, "trade_id": "136503168", "timestamp": 1615924099438, "tick_direction": 3, "price": 0.0005, "mark_price": 0.00072819, "iv": 140.49, "instrument_name": "BTC-26MAR21-100000-C", "index_price": 55728.22, "direction": "sell", "amount": 0.1}, {"trade_seq": 3319, "trade_id": "136503167", "timestamp": 1615924099438, "tick_direction": 2, "price": 0.0005, "mark_price": 0.00072819, "iv": 140.49, "instrument_name": "BTC-26MAR21-100000-C", "index_price": 55728.22, "direction": "sell", "amount": 1.7}, {"trade_seq": 3318, "trade_id": "136492985", "timestamp": 1615918370896, "tick_direction": 1, "price": 0.001, "mark_price": 0.00045917, "iv": 154.05, "instrument_name": "BTC-26MAR21-100000-C", "index_price": 55176.71, "direction": "buy", "amount": 2.5}, {"trade_seq": 3317, "trade_id": "136492984", "timestamp": 1615918370896, "tick_direction": 0, "price": 0.001, "mark_price": 0.00045917, "iv": 154.05, "instrument_name": "BTC-26MAR21-100000-C", "index_price": 55176.71, "direction": "buy", "amount": 2.5}, {"trade_seq": 3316, "trade_id": "136492902", "timestamp": 1615918288926, "tick_direction": 2, "price": 0.0005, "mark_price": 0.00044172, "iv": 142.17, "instrument_name": "BTC-26MAR21-100000-C", "index_price": 55130.85, "direction": "sell", "amount": 0.3}, {"trade_seq": 3315, "trade_id": "136468136", "timestamp": 1615909462624, "tick_direction": 0, "price": 0.0006, "mark_price": 0.0002361, "iv": 142.96, "instrument_name": "BTC-26MAR21-100000-C", "index_price": 55499.52, "direction": "sell", "block_trade_id": "9385", "amount": 25.0}, {"trade_seq": 3314, "trade_id": "136404177", "timestamp": 1615887223385, "tick_direction": 3, "price": 0.0005, "mark_price": 0.00047449, "iv": 135.34, "instrument_name": "BTC-26MAR21-100000-C", "index_price": 56350.83, "direction": "sell", "amount": 0.5}, {"trade_seq": 3313, "trade_id": "136404176", "timestamp": 1615887223367, "tick_direction": 3, "price": 0.0005, "mark_price": 0.00047449, "iv": 135.34, "instrument_name": "BTC-26MAR21-100000-C", "index_price": 56350.83, "direction": "buy", "amount": 0.5}, {"trade_seq": 3312, "trade_id": "136404161", "timestamp": 1615887215190, "tick_direction": 3, "price": 0.0005, "mark_price": 0.00047964, "iv": 135.31, "instrument_name": "BTC-26MAR21-100000-C", "index_price": 56351.59, "direction": "buy", "amount": 0.7}, {"trade_seq": 3311, "trade_id": "136403977", "timestamp": 1615887196715, "tick_direction": 3, "price": 0.0005, "mark_price": 0.00048158, "iv": 135.41, "instrument_name": "BTC-26MAR21-100000-C", "index_price": 56324.89, "direction": "buy", "amount": 0.5}, {"trade_seq": 3310, "trade_id": "136403976", "timestamp": 1615887196715, "tick_direction": 3, "price": 0.0005, "mark_price": 0.00048158, "iv": 135.41, "instrument_name": "BTC-26MAR21-100000-C", "index_price": 56324.89, "direction": "buy", "amount": 1.0}, {"trade_seq": 3309, "trade_id": "136402827", "timestamp": 1615886763343, "tick_direction": 3, "price": 0.0005, "mark_price": 0.00072806, "iv": 136.75, "instrument_name": "BTC-26MAR21-100000-C", "index_price": 55982.62, "direction": "buy", "amount": 0.5}, {"trade_seq": 3308, "trade_id": "136402826", "timestamp": 1615886763219, "tick_direction": 3, "price": 0.0005, "mark_price": 0.00072806, "iv": 136.75, "instrument_name": "BTC-26MAR21-100000-C", "index_price": 55982.62, "direction": "buy", "amount": 1.5}, {"trade_seq": 3307, "trade_id": "136402825", "timestamp": 1615886763191, "tick_direction": 3, "price": 0.0005, "mark_price": 0.00072806, "iv": 136.75, "instrument_name": "BTC-26MAR21-100000-C", "index_price": 55982.62, "direction": "sell", "amount": 1.0}, {"trade_seq": 3306, "trade_id": "136359291", "timestamp": 1615874935944, "tick_direction": 3, "price": 0.0005, "mark_price": 0.00033772, "iv": 141.54, "instrument_name": "BTC-26MAR21-100000-C", "index_price": 54314.16, "direction": "sell", "amount": 2.0}, {"trade_seq": 3305, "trade_id": "136359266", "timestamp": 1615874925530, "tick_direction": 3, "price": 0.0005, "mark_price": 0.00033878, "iv": 141.46, "instrument_name": "BTC-26MAR21-100000-C", "index_price": 54329.17, "direction": "buy", "amount": 2.0}, {"trade_seq": 3304, "trade_id": "136358591", "timestamp": 1615874559510, "tick_direction": 3, "price": 0.0005, "mark_price": 0.00033843, "iv": 141.94, "instrument_name": "BTC-26MAR21-100000-C", "index_price": 54213.69, "direction": "sell", "amount": 0.3}, {"trade_seq": 3303, "trade_id": "136358590", "timestamp": 1615874559288, "tick_direction": 3, "price": 0.0005, "mark_price": 0.00033843, "iv": 142.0, "instrument_name": "BTC-26MAR21-100000-C", "index_price": 54205.68, "direction": "sell", "amount": 0.3}, {"trade_seq": 3302, "trade_id": "136352661", "timestamp": 1615872928752, "tick_direction": 3, "price": 0.0005, "mark_price": 0.00085087, "iv": 143.24, "instrument_name": "BTC-26MAR21-100000-C", "index_price": 53839.41, "direction": "sell", "amount": 0.1}, {"trade_seq": 3301, "trade_id": "136352656", "timestamp": 1615872928523, "tick_direction": 3, "price": 0.0005, "mark_price": 0.00085087, "iv": 143.24, "instrument_name": "BTC-26MAR21-100000-C", "index_price": 53839.41, "direction": "sell", "amount": 0.1}, {"trade_seq": 3300, "trade_id": "136352655", "timestamp": 1615872928462, "tick_direction": 2, "price": 0.0005, "mark_price": 0.00085087, "iv": 143.24, "instrument_name": "BTC-26MAR21-100000-C", "index_price": 53839.41, "direction": "sell", "amount": 0.4}, {"trade_seq": 3299, "trade_id": "136345047", "timestamp": 1615869686796, "tick_direction": 1, "price": 0.001, "mark_price": 0.00082653, "iv": 152.39, "instrument_name": "BTC-26MAR21-100000-C", "index_price": 54507.05, "direction": "buy", "amount": 0.1}, {"trade_seq": 3298, "trade_id": "136345015", "timestamp": 1615869669333, "tick_direction": 1, "price": 0.001, "mark_price": 0.0008298, "iv": 152.41, "instrument_name": "BTC-26MAR21-100000-C", "index_price": 54508.63, "direction": "buy", "amount": 0.1}, {"trade_seq": 3297, "trade_id": "136338281", "timestamp": 1615866939781, "tick_direction": 1, "price": 0.001, "mark_price": 0.00096956, "iv": 152.86, "instrument_name": "BTC-26MAR21-100000-C", "index_price": 54242.1, "direction": "buy", "amount": 0.1}, {"trade_seq": 3296, "trade_id": "136338273", "timestamp": 1615866938363, "tick_direction": 1, "price": 0.001, "mark_price": 0.00096732, "iv": 152.88, "instrument_name": "BTC-26MAR21-100000-C", "index_price": 54235.98, "direction": "buy", "amount": 0.1}, {"trade_seq": 3295, "trade_id": "136338272", "timestamp": 1615866938232, "tick_direction": 1, "price": 0.001, "mark_price": 0.00096732, "iv": 152.88, "instrument_name": "BTC-26MAR21-100000-C", "index_price": 54235.98, "direction": "buy", "amount": 0.1}, {"trade_seq": 3294, "trade_id": "136338271", "timestamp": 1615866937898, "tick_direction": 0, "price": 0.001, "mark_price": 0.00096728, "iv": 152.93, "instrument_name": "BTC-26MAR21-100000-C", "index_price": 54231.03, "direction": "buy", "amount": 0.2}, {"trade_seq": 3293, "trade_id": "136337665", "timestamp": 1615866797810, "tick_direction": 3, "price": 0.0005, "mark_price": 0.00096334, "iv": 141.59, "instrument_name": "BTC-26MAR21-100000-C", "index_price": 54088.22, "direction": "buy", "amount": 2.8}, {"trade_seq": 3292, "trade_id": "136337664", "timestamp": 1615866797809, "tick_direction": 3, "price": 0.0005, "mark_price": 0.00096334, "iv": 141.59, "instrument_name": "BTC-26MAR21-100000-C", "index_price": 54088.22, "direction": "buy", "amount": 2.4}, {"trade_seq": 3291, "trade_id": "136337663", "timestamp": 1615866797807, "tick_direction": 3, "price": 0.0005, "mark_price": 0.00096334, "iv": 141.59, "instrument_name": "BTC-26MAR21-100000-C", "index_price": 54088.22, "direction": "buy", "amount": 10.7}, {"trade_seq": 3290, "trade_id": "136337662", "timestamp": 1615866797800, "tick_direction": 3, "price": 0.0005, "mark_price": 0.00096334, "iv": 141.59, "instrument_name": "BTC-26MAR21-100000-C", "index_price": 54088.22, "direction": "sell", "amount": 28.0}, {"trade_seq": 3289, "trade_id": "136337661", "timestamp": 1615866797800, "tick_direction": 3, "price": 0.0005, "mark_price": 0.00096334, "iv": 141.59, "instrument_name": "BTC-26MAR21-100000-C", "index_price": 54088.22, "direction": "sell", "amount": 1.0}, {"trade_seq": 3288, "trade_id": "136337660", "timestamp": 1615866797800, "tick_direction": 3, "price": 0.0005, "mark_price": 0.00096334, "iv": 141.59, "instrument_name": "BTC-26MAR21-100000-C", "index_price": 54088.22, "direction": "sell", "amount": 4.0}, {"trade_seq": 3287, "trade_id": "136337659", "timestamp": 1615866797800, "tick_direction": 2, "price": 0.0005, "mark_price": 0.00096334, "iv": 141.59, "instrument_name": "BTC-26MAR21-100000-C", "index_price": 54088.22, "direction": "sell", "amount": 1.6}, {"trade_seq": 3286, "trade_id": "136335145", "timestamp": 1615865870769, "tick_direction": 1, "price": 0.001, "mark_price": 0.00119857, "iv": 153.62, "instrument_name": "BTC-26MAR21-100000-C", "index_price": 54038.0, "direction": "buy", "amount": 0.1}, {"trade_seq": 3285, "trade_id": "136335115", "timestamp": 1615865868408, "tick_direction": 1, "price": 0.001, "mark_price": 0.00120228, "iv": 153.61, "instrument_name": "BTC-26MAR21-100000-C", "index_price": 54042.06, "direction": "buy", "amount": 0.1}, {"trade_seq": 3284, "trade_id": "136335114", "timestamp": 1615865868243, "tick_direction": 1, "price": 0.001, "mark_price": 0.00120228, "iv": 153.61, "instrument_name": "BTC-26MAR21-100000-C", "index_price": 54042.06, "direction": "buy", "amount": 0.1}, {"trade_seq": 3283, "trade_id": "136335113", "timestamp": 1615865868202, "tick_direction": 1, "price": 0.001, "mark_price": 0.00120228, "iv": 153.61, "instrument_name": "BTC-26MAR21-100000-C", "index_price": 54042.06, "direction": "buy", "amount": 0.1}, {"trade_seq": 3282, "trade_id": "136335071", "timestamp": 1615865862897, "tick_direction": 1, "price": 0.001, "mark_price": 0.00121469, "iv": 153.43, "instrument_name": "BTC-26MAR21-100000-C", "index_price": 54080.72, "direction": "sell", "amount": 0.1}, {"trade_seq": 3281, "trade_id": "136304980", "timestamp": 1615857257605, "tick_direction": 1, "price": 0.001, "mark_price": 0.00085505, "iv": 155.27, "instrument_name": "BTC-26MAR21-100000-C", "index_price": 53375.86, "direction": "sell", "amount": 0.2}, {"trade_seq": 3280, "trade_id": "136285272", "timestamp": 1615855153694, "tick_direction": 1, "price": 0.001, "mark_price": 0.00079548, "iv": 149.77, "instrument_name": "BTC-26MAR21-100000-C", "index_price": 54798.58, "direction": "buy", "amount": 0.1}, {"trade_seq": 3279, "trade_id": "136285271", "timestamp": 1615855153471, "tick_direction": 1, "price": 0.001, "mark_price": 0.00079548, "iv": 149.77, "instrument_name": "BTC-26MAR21-100000-C", "index_price": 54798.58, "direction": "buy", "amount": 0.1}, {"trade_seq": 3278, "trade_id": "136285267", "timestamp": 1615855152623, "tick_direction": 1, "price": 0.001, "mark_price": 0.00079534, "iv": 149.78, "instrument_name": "BTC-26MAR21-100000-C", "index_price": 54791.2, "direction": "buy", "amount": 0.1}, {"trade_seq": 3277, "trade_id": "136285162", "timestamp": 1615855101293, "tick_direction": 1, "price": 0.001, "mark_price": 0.00081455, "iv": 149.58, "instrument_name": "BTC-26MAR21-100000-C", "index_price": 54851.52, "direction": "buy", "amount": 0.1}, {"trade_seq": 3276, "trade_id": "136285161", "timestamp": 1615855100695, "tick_direction": 1, "price": 0.001, "mark_price": 0.00081544, "iv": 149.56, "instrument_name": "BTC-26MAR21-100000-C", "index_price": 54839.34, "direction": "buy", "amount": 0.1}, {"trade_seq": 3275, "trade_id": "136285160", "timestamp": 1615855100309, "tick_direction": 1, "price": 0.001, "mark_price": 0.00081544, "iv": 149.56, "instrument_name": "BTC-26MAR21-100000-C", "index_price": 54839.34, "direction": "buy", "amount": 0.1}, {"trade_seq": 3274, "trade_id": "136284323", "timestamp": 1615854926653, "tick_direction": 0, "price": 0.001, "mark_price": 0.00082349, "iv": 150.22, "instrument_name": "BTC-26MAR21-100000-C", "index_price": 54679.66, "direction": "buy", "amount": 0.4}, {"trade_seq": 3273, "trade_id": "136270177", "timestamp": 1615852902920, "tick_direction": 3, "price": 0.0005, "mark_price": 0.0008037, "iv": 136.12, "instrument_name": "BTC-26MAR21-100000-C", "index_price": 55349.52, "direction": "sell", "amount": 0.1}, {"trade_seq": 3272, "trade_id": "136270176", "timestamp": 1615852902857, "tick_direction": 3, "price": 0.0005, "mark_price": 0.0008037, "iv": 136.12, "instrument_name": "BTC-26MAR21-100000-C", "index_price": 55349.52, "direction": "sell", "amount": 0.2}, {"trade_seq": 3271, "trade_id": "136270175", "timestamp": 1615852902786, "tick_direction": 3, "price": 0.0005, "mark_price": 0.0008037, "iv": 136.12, "instrument_name": "BTC-26MAR21-100000-C", "index_price": 55349.52, "direction": "sell", "amount": 0.1}, {"trade_seq": 3270, "trade_id": "136270174", "timestamp": 1615852902786, "tick_direction": 3, "price": 0.0005, "mark_price": 0.0008037, "iv": 136.12, "instrument_name": "BTC-26MAR21-100000-C", "index_price": 55349.52, "direction": "sell", "amount": 0.1}, {"trade_seq": 3269, "trade_id": "136270170", "timestamp": 1615852900071, "tick_direction": 3, "price": 0.0005, "mark_price": 0.00080431, "iv": 136.1, "instrument_name": "BTC-26MAR21-100000-C", "index_price": 55335.97, "direction": "sell", "amount": 0.2}, {"trade_seq": 3268, "trade_id": "136270164", "timestamp": 1615852900032, "tick_direction": 3, "price": 0.0005, "mark_price": 0.00080431, "iv": 136.1, "instrument_name": "BTC-26MAR21-100000-C", "index_price": 55335.97, "direction": "sell", "amount": 0.3}, {"trade_seq": 3267, "trade_id": "136270160", "timestamp": 1615852897597, "tick_direction": 3, "price": 0.0005, "mark_price": 0.00080374, "iv": 136.07, "instrument_name": "BTC-26MAR21-100000-C", "index_price": 55342.18, "direction": "sell", "amount": 0.1}, {"trade_seq": 3266, "trade_id": "136270159", "timestamp": 1615852897533, "tick_direction": 3, "price": 0.0005, "mark_price": 0.00080374, "iv": 136.07, "instrument_name": "BTC-26MAR21-100000-C", "index_price": 55342.18, "direction": "sell", "amount": 0.1}, {"trade_seq": 3265, "trade_id": "136270117", "timestamp": 1615852889399, "tick_direction": 3, "price": 0.0005, "mark_price": 0.00081394, "iv": 135.93, "instrument_name": "BTC-26MAR21-100000-C", "index_price": 55361.4, "direction": "sell", "amount": 0.1}, {"trade_seq": 3264, "trade_id": "136270081", "timestamp": 1615852883318, "tick_direction": 3, "price": 0.0005, "mark_price": 0.00082431, "iv": 135.65, "instrument_name": "BTC-26MAR21-100000-C", "index_price": 55430.32, "direction": "sell", "amount": 0.1}, {"trade_seq": 3263, "trade_id": "136270080", "timestamp": 1615852883040, "tick_direction": 2, "price": 0.0005, "mark_price": 0.00082431, "iv": 135.65, "instrument_name": "BTC-26MAR21-100000-C", "index_price": 55430.32, "direction": "sell", "amount": 0.1}, {"trade_seq": 3262, "trade_id": "136249909", "timestamp": 1615845721137, "tick_direction": 3, "price": 0.001, "mark_price": 0.00073405, "iv": 140.99, "instrument_name": "BTC-26MAR21-100000-C", "index_price": 56878.14, "direction": "buy", "amount": 1.0}, {"trade_seq": 3261, "trade_id": "136226324", "timestamp": 1615837876304, "tick_direction": 3, "price": 0.001, "mark_price": 0.00073092, "iv": 141.65, "instrument_name": "BTC-26MAR21-100000-C", "index_price": 56564.02, "direction": "buy", "amount": 1.0}, {"trade_seq": 3260, "trade_id": "136187352", "timestamp": 1615823941932, "tick_direction": 3, "price": 0.001, "mark_price": 0.00094226, "iv": 141.72, "instrument_name": "BTC-26MAR21-100000-C", "index_price": 56237.49, "direction": "buy", "amount": 0.1}, {"trade_seq": 3259, "trade_id": "136187351", "timestamp": 1615823941931, "tick_direction": 3, "price": 0.001, "mark_price": 0.00094226, "iv": 141.72, "instrument_name": "BTC-26MAR21-100000-C", "index_price": 56237.49, "direction": "buy", "amount": 0.4}, {"trade_seq": 3258, "trade_id": "136186595", "timestamp": 1615823812656, "tick_direction": 2, "price": 0.001, "mark_price": 0.0009733, "iv": 141.4, "instrument_name": "BTC-26MAR21-100000-C", "index_price": 56317.93, "direction": "buy", "amount": 0.5}, {"trade_seq": 3257, "trade_id": "136112864", "timestamp": 1615811226399, "tick_direction": 0, "price": 0.0015, "mark_price": 0.00117857, "iv": 150.47, "instrument_name": "BTC-26MAR21-100000-C", "index_price": 55615.32, "direction": "buy", "amount": 50.0}, {"trade_seq": 3256, "trade_id": "136090716", "timestamp": 1615807630379, "tick_direction": 1, "price": 0.001, "mark_price": 0.00070654, "iv": 141.09, "instrument_name": "BTC-26MAR21-100000-C", "index_price": 55990.53, "direction": "buy", "amount": 14.7}, {"trade_seq": 3255, "trade_id": "136090606", "timestamp": 1615807614021, "tick_direction": 1, "price": 0.001, "mark_price": 0.00069827, "iv": 141.31, "instrument_name": "BTC-26MAR21-100000-C", "index_price": 55939.77, "direction": "buy", "amount": 20.0}, {"trade_seq": 3254, "trade_id": "136089658", "timestamp": 1615807279765, "tick_direction": 1, "price": 0.001, "mark_price": 0.00071234, "iv": 140.8, "instrument_name": "BTC-26MAR21-100000-C", "index_price": 56069.17, "direction": "buy", "amount": 0.1}, {"trade_seq": 3253, "trade_id": "136089622", "timestamp": 1615807271094, "tick_direction": 1, "price": 0.001, "mark_price": 0.00070831, "iv": 140.88, "instrument_name": "BTC-26MAR21-100000-C", "index_price": 56044.55, "direction": "buy", "amount": 0.1}, {"trade_seq": 3252, "trade_id": "136089621", "timestamp": 1615807271029, "tick_direction": 1, "price": 0.001, "mark_price": 0.00070831, "iv": 140.88, "instrument_name": "BTC-26MAR21-100000-C", "index_price": 56044.55, "direction": "buy", "amount": 0.1}, {"trade_seq": 3251, "trade_id": "136089604", "timestamp": 1615807265528, "tick_direction": 1, "price": 0.001, "mark_price": 0.00070699, "iv": 140.92, "instrument_name": "BTC-26MAR21-100000-C", "index_price": 56025.2, "direction": "buy", "amount": 0.1}, {"trade_seq": 3250, "trade_id": "136089603", "timestamp": 1615807265450, "tick_direction": 1, "price": 0.001, "mark_price": 0.00070699, "iv": 140.92, "instrument_name": "BTC-26MAR21-100000-C", "index_price": 56025.2, "direction": "buy", "amount": 0.1}, {"trade_seq": 3249, "trade_id": "136089591", "timestamp": 1615807253192, "tick_direction": 1, "price": 0.001, "mark_price": 0.00070695, "iv": 140.91, "instrument_name": "BTC-26MAR21-100000-C", "index_price": 56016.02, "direction": "buy", "amount": 0.1}, {"trade_seq": 3248, "trade_id": "136089590", "timestamp": 1615807250415, "tick_direction": 1, "price": 0.001, "mark_price": 0.00070689, "iv": 140.91, "instrument_name": "BTC-26MAR21-100000-C", "index_price": 56026.38, "direction": "buy", "amount": 0.1}, {"trade_seq": 3247, "trade_id": "136088883", "timestamp": 1615807125107, "tick_direction": 1, "price": 0.001, "mark_price": 0.00068746, "iv": 141.23, "instrument_name": "BTC-26MAR21-100000-C", "index_price": 55969.39, "direction": "buy", "amount": 0.1}, {"trade_seq": 3246, "trade_id": "136088508", "timestamp": 1615807039528, "tick_direction": 1, "price": 0.001, "mark_price": 0.0006756, "iv": 141.36, "instrument_name": "BTC-26MAR21-100000-C", "index_price": 55942.81, "direction": "buy", "amount": 0.1}, {"trade_seq": 3245, "trade_id": "136088492", "timestamp": 1615807039084, "tick_direction": 1, "price": 0.001, "mark_price": 0.00067472, "iv": 141.36, "instrument_name": "BTC-26MAR21-100000-C", "index_price": 55936.32, "direction": "buy", "amount": 0.1}, {"trade_seq": 3244, "trade_id": "136088480", "timestamp": 1615807035702, "tick_direction": 1, "price": 0.001, "mark_price": 0.00067448, "iv": 141.38, "instrument_name": "BTC-26MAR21-100000-C", "index_price": 55929.36, "direction": "buy", "amount": 0.1}, {"trade_seq": 3243, "trade_id": "136088470", "timestamp": 1615807035348, "tick_direction": 1, "price": 0.001, "mark_price": 0.00067488, "iv": 141.38, "instrument_name": "BTC-26MAR21-100000-C", "index_price": 55929.36, "direction": "buy", "amount": 0.1}, {"trade_seq": 3242, "trade_id": "136088310", "timestamp": 1615807030334, "tick_direction": 1, "price": 0.001, "mark_price": 0.00067386, "iv": 141.39, "instrument_name": "BTC-26MAR21-100000-C", "index_price": 55923.84, "direction": "buy", "amount": 0.1}, {"trade_seq": 3241, "trade_id": "136088284", "timestamp": 1615807025753, "tick_direction": 1, "price": 0.001, "mark_price": 0.00067467, "iv": 141.35, "instrument_name": "BTC-26MAR21-100000-C", "index_price": 55939.46, "direction": "buy", "amount": 0.1}, {"trade_seq": 3240, "trade_id": "136088159", "timestamp": 1615807022079, "tick_direction": 1, "price": 0.001, "mark_price": 0.00067403, "iv": 141.36, "instrument_name": "BTC-26MAR21-100000-C", "index_price": 55931.16, "direction": "buy", "amount": 0.1}, {"trade_seq": 3239, "trade_id": "136088157", "timestamp": 1615807021613, "tick_direction": 1, "price": 0.001, "mark_price": 0.00067403, "iv": 141.36, "instrument_name": "BTC-26MAR21-100000-C", "index_price": 55931.16, "direction": "buy", "amount": 0.1}, {"trade_seq": 3238, "trade_id": "136087602", "timestamp": 1615806909583, "tick_direction": 1, "price": 0.001, "mark_price": 0.00069428, "iv": 140.69, "instrument_name": "BTC-26MAR21-100000-C", "index_price": 56128.57, "direction": "buy", "amount": 0.1}, {"trade_seq": 3237, "trade_id": "136087065", "timestamp": 1615806796708, "tick_direction": 1, "price": 0.001, "mark_price": 0.00067111, "iv": 141.01, "instrument_name": "BTC-26MAR21-100000-C", "index_price": 56040.56, "direction": "buy", "amount": 0.1}, {"trade_seq": 3236, "trade_id": "136087064", "timestamp": 1615806796574, "tick_direction": 1, "price": 0.001, "mark_price": 0.00067111, "iv": 141.01, "instrument_name": "BTC-26MAR21-100000-C", "index_price": 56038.41, "direction": "buy", "amount": 0.1}, {"trade_seq": 3235, "trade_id": "136087044", "timestamp": 1615806795110, "tick_direction": 1, "price": 0.001, "mark_price": 0.00067303, "iv": 141.07, "instrument_name": "BTC-26MAR21-100000-C", "index_price": 56022.39, "direction": "buy", "amount": 0.1}, {"trade_seq": 3234, "trade_id": "136087043", "timestamp": 1615806795013, "tick_direction": 1, "price": 0.001, "mark_price": 0.00067303, "iv": 141.07, "instrument_name": "BTC-26MAR21-100000-C", "index_price": 56022.39, "direction": "buy", "amount": 0.1}, {"trade_seq": 3233, "trade_id": "136087035", "timestamp": 1615806794035, "tick_direction": 1, "price": 0.001, "mark_price": 0.00067453, "iv": 141.02, "instrument_name": "BTC-26MAR21-100000-C", "index_price": 56021.53, "direction": "buy", "amount": 0.1}, {"trade_seq": 3232, "trade_id": "136087034", "timestamp": 1615806793716, "tick_direction": 1, "price": 0.001, "mark_price": 0.00067453, "iv": 141.02, "instrument_name": "BTC-26MAR21-100000-C", "index_price": 56021.53, "direction": "buy", "amount": 0.1}, {"trade_seq": 3231, "trade_id": "136086948", "timestamp": 1615806787674, "tick_direction": 1, "price": 0.001, "mark_price": 0.00067852, "iv": 140.87, "instrument_name": "BTC-26MAR21-100000-C", "index_price": 56060.77, "direction": "buy", "amount": 0.1}, {"trade_seq": 3230, "trade_id": "136086946", "timestamp": 1615806787281, "tick_direction": 1, "price": 0.001, "mark_price": 0.00067852, "iv": 140.88, "instrument_name": "BTC-26MAR21-100000-C", "index_price": 56069.93, "direction": "buy", "amount": 0.1}, {"trade_seq": 3229, "trade_id": "136086294", "timestamp": 1615806713987, "tick_direction": 1, "price": 0.001, "mark_price": 0.00069998, "iv": 140.26, "instrument_name": "BTC-26MAR21-100000-C", "index_price": 56219.63, "direction": "buy", "amount": 0.1}, {"trade_seq": 3228, "trade_id": "136086285", "timestamp": 1615806711415, "tick_direction": 1, "price": 0.001, "mark_price": 0.0006987, "iv": 140.29, "instrument_name": "BTC-26MAR21-100000-C", "index_price": 56216.08, "direction": "buy", "amount": 0.1}, {"trade_seq": 3227, "trade_id": "136086279", "timestamp": 1615806709410, "tick_direction": 1, "price": 0.001, "mark_price": 0.0006995, "iv": 140.27, "instrument_name": "BTC-26MAR21-100000-C", "index_price": 56220.74, "direction": "buy", "amount": 0.1}, {"trade_seq": 3226, "trade_id": "136086259", "timestamp": 1615806706485, "tick_direction": 1, "price": 0.001, "mark_price": 0.00069853, "iv": 140.29, "instrument_name": "BTC-26MAR21-100000-C", "index_price": 56217.97, "direction": "buy", "amount": 0.1}, {"trade_seq": 3225, "trade_id": "136086257", "timestamp": 1615806705497, "tick_direction": 1, "price": 0.001, "mark_price": 0.00069807, "iv": 140.3, "instrument_name": "BTC-26MAR21-100000-C", "index_price": 56214.71, "direction": "buy", "amount": 0.1}, {"trade_seq": 3224, "trade_id": "136086256", "timestamp": 1615806705386, "tick_direction": 1, "price": 0.001, "mark_price": 0.00069807, "iv": 140.3, "instrument_name": "BTC-26MAR21-100000-C", "index_price": 56214.71, "direction": "buy", "amount": 0.1}, {"trade_seq": 3223, "trade_id": "136086245", "timestamp": 1615806702662, "tick_direction": 1, "price": 0.001, "mark_price": 0.00069852, "iv": 140.29, "instrument_name": "BTC-26MAR21-100000-C", "index_price": 56211.49, "direction": "buy", "amount": 0.1}, {"trade_seq": 3222, "trade_id": "136086243", "timestamp": 1615806701587, "tick_direction": 1, "price": 0.001, "mark_price": 0.00069818, "iv": 140.29, "instrument_name": "BTC-26MAR21-100000-C", "index_price": 56216.22, "direction": "buy", "amount": 0.1}, {"trade_seq": 3221, "trade_id": "136086240", "timestamp": 1615806701321, "tick_direction": 1, "price": 0.001, "mark_price": 0.00069818, "iv": 140.29, "instrument_name": "BTC-26MAR21-100000-C", "index_price": 56216.22, "direction": "buy", "amount": 0.1}, {"trade_seq": 3220, "trade_id": "136086232", "timestamp": 1615806699645, "tick_direction": 1, "price": 0.001, "mark_price": 0.00069839, "iv": 140.29, "instrument_name": "BTC-26MAR21-100000-C", "index_price": 56213.71, "direction": "buy", "amount": 0.2}, {"trade_seq": 3219, "trade_id": "136086194", "timestamp": 1615806680873, "tick_direction": 1, "price": 0.001, "mark_price": 0.00070242, "iv": 140.17, "instrument_name": "BTC-26MAR21-100000-C", "index_price": 56244.36, "direction": "buy", "amount": 0.1}, {"trade_seq": 3218, "trade_id": "136084368", "timestamp": 1615806298660, "tick_direction": 1, "price": 0.001, "mark_price": 0.00073797, "iv": 139.35, "instrument_name": "BTC-26MAR21-100000-C", "index_price": 56481.59, "direction": "buy", "amount": 0.1}, {"trade_seq": 3217, "trade_id": "136083599", "timestamp": 1615806188285, "tick_direction": 1, "price": 0.001, "mark_price": 0.000745, "iv": 139.3, "instrument_name": "BTC-26MAR21-100000-C", "index_price": 56475.55, "direction": "buy", "amount": 0.1}, {"trade_seq": 3216, "trade_id": "136080697", "timestamp": 1615806027788, "tick_direction": 1, "price": 0.001, "mark_price": 0.00072882, "iv": 139.87, "instrument_name": "BTC-26MAR21-100000-C", "index_price": 56315.5, "direction": "buy", "amount": 0.1}, {"trade_seq": 3215, "trade_id": "136080658", "timestamp": 1615806025499, "tick_direction": 1, "price": 0.001, "mark_price": 0.00072789, "iv": 139.89, "instrument_name": "BTC-26MAR21-100000-C", "index_price": 56310.79, "direction": "buy", "amount": 0.1}, {"trade_seq": 3214, "trade_id": "136080615", "timestamp": 1615806017992, "tick_direction": 1, "price": 0.001, "mark_price": 0.00073032, "iv": 139.84, "instrument_name": "BTC-26MAR21-100000-C", "index_price": 56323.62, "direction": "buy", "amount": 0.1}, {"trade_seq": 3213, "trade_id": "136080614", "timestamp": 1615806016265, "tick_direction": 1, "price": 0.001, "mark_price": 0.00073032, "iv": 139.84, "instrument_name": "BTC-26MAR21-100000-C", "index_price": 56321.8, "direction": "buy", "amount": 0.1}, {"trade_seq": 3212, "trade_id": "136080584", "timestamp": 1615806009688, "tick_direction": 1, "price": 0.001, "mark_price": 0.00073232, "iv": 139.8, "instrument_name": "BTC-26MAR21-100000-C", "index_price": 56329.77, "direction": "buy", "amount": 0.1}, {"trade_seq": 3211, "trade_id": "136080583", "timestamp": 1615806009334, "tick_direction": 1, "price": 0.001, "mark_price": 0.00073232, "iv": 139.8, "instrument_name": "BTC-26MAR21-100000-C", "index_price": 56329.77, "direction": "buy", "amount": 0.1}, {"trade_seq": 3210, "trade_id": "136080578", "timestamp": 1615806006460, "tick_direction": 1, "price": 0.001, "mark_price": 0.00073352, "iv": 139.78, "instrument_name": "BTC-26MAR21-100000-C", "index_price": 56327.0, "direction": "buy", "amount": 0.1}, {"trade_seq": 3209, "trade_id": "136080577", "timestamp": 1615806006375, "tick_direction": 1, "price": 0.001, "mark_price": 0.00073352, "iv": 139.78, "instrument_name": "BTC-26MAR21-100000-C", "index_price": 56327.0, "direction": "buy", "amount": 0.1}, {"trade_seq": 3208, "trade_id": "136080491", "timestamp": 1615806001751, "tick_direction": 1, "price": 0.001, "mark_price": 0.0007413, "iv": 139.62, "instrument_name": "BTC-26MAR21-100000-C", "index_price": 56373.03, "direction": "buy", "amount": 0.1}, {"trade_seq": 3207, "trade_id": "136080471", "timestamp": 1615805999574, "tick_direction": 1, "price": 0.001, "mark_price": 0.00074102, "iv": 139.62, "instrument_name": "BTC-26MAR21-100000-C", "index_price": 56376.64, "direction": "buy", "amount": 0.1}, {"trade_seq": 3206, "trade_id": "136080470", "timestamp": 1615805999455, "tick_direction": 1, "price": 0.001, "mark_price": 0.00074102, "iv": 139.62, "instrument_name": "BTC-26MAR21-100000-C", "index_price": 56376.64, "direction": "buy", "amount": 0.2}, {"trade_seq": 3205, "trade_id": "136080461", "timestamp": 1615805994423, "tick_direction": 1, "price": 0.001, "mark_price": 0.00074135, "iv": 139.61, "instrument_name": "BTC-26MAR21-100000-C", "index_price": 56379.51, "direction": "buy", "amount": 0.1}, {"trade_seq": 3204, "trade_id": "136080460", "timestamp": 1615805994224, "tick_direction": 1, "price": 0.001, "mark_price": 0.00074135, "iv": 139.61, "instrument_name": "BTC-26MAR21-100000-C", "index_price": 56379.51, "direction": "buy", "amount": 0.1}, {"trade_seq": 3203, "trade_id": "136080459", "timestamp": 1615805994089, "tick_direction": 1, "price": 0.001, "mark_price": 0.00074043, "iv": 139.61, "instrument_name": "BTC-26MAR21-100000-C", "index_price": 56379.51, "direction": "buy", "amount": 0.1}, {"trade_seq": 3202, "trade_id": "136080452", "timestamp": 1615805993913, "tick_direction": 1, "price": 0.001, "mark_price": 0.00074043, "iv": 139.61, "instrument_name": "BTC-26MAR21-100000-C", "index_price": 56379.51, "direction": "buy", "amount": 0.2}, {"trade_seq": 3201, "trade_id": "136080446", "timestamp": 1615805992399, "tick_direction": 1, "price": 0.001, "mark_price": 0.00074068, "iv": 139.63, "instrument_name": "BTC-26MAR21-100000-C", "index_price": 56374.19, "direction": "buy", "amount": 0.1}, {"trade_seq": 3200, "trade_id": "136080445", "timestamp": 1615805992398, "tick_direction": 1, "price": 0.001, "mark_price": 0.00074068, "iv": 139.63, "instrument_name": "BTC-26MAR21-100000-C", "index_price": 56374.19, "direction": "buy", "amount": 0.1}, {"trade_seq": 3199, "trade_id": "136080444", "timestamp": 1615805992267, "tick_direction": 1, "price": 0.001, "mark_price": 0.00074068, "iv": 139.63, "instrument_name": "BTC-26MAR21-100000-C", "index_price": 56374.19, "direction": "buy", "amount": 0.3}, {"trade_seq": 3198, "trade_id": "136080443", "timestamp": 1615805992145, "tick_direction": 1, "price": 0.001, "mark_price": 0.00074068, "iv": 139.63, "instrument_name": "BTC-26MAR21-100000-C", "index_price": 56374.19, "direction": "buy", "amount": 0.9}, {"trade_seq": 3197, "trade_id": "136080439", "timestamp": 1615805986284, "tick_direction": 1, "price": 0.001, "mark_price": 0.00074085, "iv": 139.63, "instrument_name": "BTC-26MAR21-100000-C", "index_price": 56373.42, "direction": "buy", "amount": 0.2}, {"trade_seq": 3196, "trade_id": "136080438", "timestamp": 1615805986139, "tick_direction": 1, "price": 0.001, "mark_price": 0.00074085, "iv": 139.63, "instrument_name": "BTC-26MAR21-100000-C", "index_price": 56373.42, "direction": "buy", "amount": 0.5}, {"trade_seq": 3195, "trade_id": "136072700", "timestamp": 1615804374470, "tick_direction": 1, "price": 0.001, "mark_price": 0.00071765, "iv": 140.52, "instrument_name": "BTC-26MAR21-100000-C", "index_price": 56132.7, "direction": "buy", "amount": 0.1}, {"trade_seq": 3194, "trade_id": "136072696", "timestamp": 1615804373776, "tick_direction": 1, "price": 0.001, "mark_price": 0.00071745, "iv": 140.52, "instrument_name": "BTC-26MAR21-100000-C", "index_price": 56115.75, "direction": "buy", "amount": 0.1}, {"trade_seq": 3193, "trade_id": "136072694", "timestamp": 1615804373430, "tick_direction": 1, "price": 0.001, "mark_price": 0.00071745, "iv": 140.52, "instrument_name": "BTC-26MAR21-100000-C", "index_price": 56115.75, "direction": "buy", "amount": 0.1}, {"trade_seq": 3192, "trade_id": "136069047", "timestamp": 1615803778568, "tick_direction": 1, "price": 0.001, "mark_price": 0.00070196, "iv": 140.64, "instrument_name": "BTC-26MAR21-100000-C", "index_price": 56068.71, "direction": "buy", "amount": 0.1}, {"trade_seq": 3191, "trade_id": "136068732", "timestamp": 1615803765258, "tick_direction": 1, "price": 0.001, "mark_price": 0.00070849, "iv": 140.49, "instrument_name": "BTC-26MAR21-100000-C", "index_price": 56134.4, "direction": "buy", "amount": 0.1}, {"trade_seq": 3190, "trade_id": "136067750", "timestamp": 1615803665622, "tick_direction": 1, "price": 0.001, "mark_price": 0.00073428, "iv": 139.96, "instrument_name": "BTC-26MAR21-100000-C", "index_price": 56262.19, "direction": "buy", "amount": 0.1}, {"trade_seq": 3189, "trade_id": "136067749", "timestamp": 1615803665263, "tick_direction": 1, "price": 0.001, "mark_price": 0.00073428, "iv": 139.96, "instrument_name": "BTC-26MAR21-100000-C", "index_price": 56262.19, "direction": "buy", "amount": 0.3}, {"trade_seq": 3188, "trade_id": "136067748", "timestamp": 1615803664904, "tick_direction": 1, "price": 0.001, "mark_price": 0.00073387, "iv": 139.96, "instrument_name": "BTC-26MAR21-100000-C", "index_price": 56262.19, "direction": "buy", "amount": 0.1}, {"trade_seq": 3187, "trade_id": "136067739", "timestamp": 1615803663809, "tick_direction": 1, "price": 0.001, "mark_price": 0.00073309, "iv": 139.97, "instrument_name": "BTC-26MAR21-100000-C", "index_price": 56253.3, "direction": "buy", "amount": 0.1}, {"trade_seq": 3186, "trade_id": "136064497", "timestamp": 1615803267820, "tick_direction": 1, "price": 0.001, "mark_price": 0.00077315, "iv": 139.86, "instrument_name": "BTC-26MAR21-100000-C", "index_price": 56276.27, "direction": "buy", "amount": 0.1}, {"trade_seq": 3185, "trade_id": "136064463", "timestamp": 1615803265158, "tick_direction": 1, "price": 0.001, "mark_price": 0.00077065, "iv": 139.91, "instrument_name": "BTC-26MAR21-100000-C", "index_price": 56256.45, "direction": "buy", "amount": 0.2}, {"trade_seq": 3184, "trade_id": "136064418", "timestamp": 1615803264572, "tick_direction": 1, "price": 0.001, "mark_price": 0.00077065, "iv": 139.92, "instrument_name": "BTC-26MAR21-100000-C", "index_price": 56248.1, "direction": "buy", "amount": 0.2}, {"trade_seq": 3183, "trade_id": "136062133", "timestamp": 1615803030405, "tick_direction": 1, "price": 0.001, "mark_price": 0.00078482, "iv": 140.3, "instrument_name": "BTC-26MAR21-100000-C", "index_price": 56165.92, "direction": "buy", "amount": 0.1}, {"trade_seq": 3182, "trade_id": "136062132", "timestamp": 1615803029933, "tick_direction": 1, "price": 0.001, "mark_price": 0.00078457, "iv": 140.33, "instrument_name": "BTC-26MAR21-100000-C", "index_price": 56145.1, "direction": "buy", "amount": 0.1}, {"trade_seq": 3181, "trade_id": "136062069", "timestamp": 1615803028356, "tick_direction": 1, "price": 0.001, "mark_price": 0.00078465, "iv": 140.34, "instrument_name": "BTC-26MAR21-100000-C", "index_price": 56137.96, "direction": "buy", "amount": 0.1}, {"trade_seq": 3180, "trade_id": "136062045", "timestamp": 1615803026840, "tick_direction": 1, "price": 0.001, "mark_price": 0.00078202, "iv": 140.39, "instrument_name": "BTC-26MAR21-100000-C", "index_price": 56123.99, "direction": "buy", "amount": 0.1}, {"trade_seq": 3179, "trade_id": "136062010", "timestamp": 1615803026071, "tick_direction": 1, "price": 0.001, "mark_price": 0.00077949, "iv": 140.4, "instrument_name": "BTC-26MAR21-100000-C", "index_price": 56123.71, "direction": "buy", "amount": 0.1}, {"trade_seq": 3178, "trade_id": "136062009", "timestamp": 1615803025933, "tick_direction": 1, "price": 0.001, "mark_price": 0.00077949, "iv": 140.4, "instrument_name": "BTC-26MAR21-100000-C", "index_price": 56123.71, "direction": "buy", "amount": 0.1}, {"trade_seq": 3177, "trade_id": "136062007", "timestamp": 1615803025595, "tick_direction": 1, "price": 0.001, "mark_price": 0.00077949, "iv": 140.4, "instrument_name": "BTC-26MAR21-100000-C", "index_price": 56123.71, "direction": "buy", "amount": 0.1}, {"trade_seq": 3176, "trade_id": "136061990", "timestamp": 1615803023788, "tick_direction": 1, "price": 0.001, "mark_price": 0.00077969, "iv": 140.48, "instrument_name": "BTC-26MAR21-100000-C", "index_price": 56105.87, "direction": "buy", "amount": 0.1}, {"trade_seq": 3175, "trade_id": "136061961", "timestamp": 1615803020169, "tick_direction": 1, "price": 0.001, "mark_price": 0.00077973, "iv": 140.46, "instrument_name": "BTC-26MAR21-100000-C", "index_price": 56116.83, "direction": "buy", "amount": 0.1}, {"trade_seq": 3174, "trade_id": "136061952", "timestamp": 1615803019675, "tick_direction": 1, "price": 0.001, "mark_price": 0.00077951, "iv": 140.46, "instrument_name": "BTC-26MAR21-100000-C", "index_price": 56116.83, "direction": "buy", "amount": 0.1}, {"trade_seq": 3173, "trade_id": "136057479", "timestamp": 1615802427279, "tick_direction": 1, "price": 0.001, "mark_price": 0.000743, "iv": 141.85, "instrument_name": "BTC-26MAR21-100000-C", "index_price": 55698.05, "direction": "buy", "amount": 5.0}, {"trade_seq": 3172, "trade_id": "136021984", "timestamp": 1615800509957, "tick_direction": 1, "price": 0.001, "mark_price": 0.00072038, "iv": 141.4, "instrument_name": "BTC-26MAR21-100000-C", "index_price": 55808.65, "direction": "buy", "amount": 0.2}, {"trade_seq": 3171, "trade_id": "136021981", "timestamp": 1615800509672, "tick_direction": 1, "price": 0.001, "mark_price": 0.00072038, "iv": 141.41, "instrument_name": "BTC-26MAR21-100000-C", "index_price": 55818.32, "direction": "buy", "amount": 0.1}, {"trade_seq": 3170, "trade_id": "136021952", "timestamp": 1615800509273, "tick_direction": 1, "price": 0.001, "mark_price": 0.00072038, "iv": 141.41, "instrument_name": "BTC-26MAR21-100000-C", "index_price": 55818.32, "direction": "buy", "amount": 0.1}, {"trade_seq": 3169, "trade_id": "136021501", "timestamp": 1615800491624, "tick_direction": 1, "price": 0.001, "mark_price": 0.00075789, "iv": 140.6, "instrument_name": "BTC-26MAR21-100000-C", "index_price": 56030.12, "direction": "buy", "amount": 0.1}, {"trade_seq": 3168, "trade_id": "136021496", "timestamp": 1615800491231, "tick_direction": 1, "price": 0.001, "mark_price": 0.00075789, "iv": 140.6, "instrument_name": "BTC-26MAR21-100000-C", "index_price": 56030.12, "direction": "buy", "amount": 0.2}, {"trade_seq": 3167, "trade_id": "136017420", "timestamp": 1615800377516, "tick_direction": 1, "price": 0.001, "mark_price": 0.00077779, "iv": 140.37, "instrument_name": "BTC-26MAR21-100000-C", "index_price": 56141.31, "direction": "buy", "amount": 0.1}, {"trade_seq": 3166, "trade_id": "136017404", "timestamp": 1615800376796, "tick_direction": 1, "price": 0.001, "mark_price": 0.00076444, "iv": 140.38, "instrument_name": "BTC-26MAR21-100000-C", "index_price": 56124.77, "direction": "buy", "amount": 0.1}, {"trade_seq": 3165, "trade_id": "136017394", "timestamp": 1615800376582, "tick_direction": 1, "price": 0.001, "mark_price": 0.00076444, "iv": 140.38, "instrument_name": "BTC-26MAR21-100000-C", "index_price": 56124.77, "direction": "buy", "amount": 0.1}, {"trade_seq": 3164, "trade_id": "136017374", "timestamp": 1615800376216, "tick_direction": 1, "price": 0.001, "mark_price": 0.00076444, "iv": 140.38, "instrument_name": "BTC-26MAR21-100000-C", "index_price": 56124.77, "direction": "buy", "amount": 0.1}, {"trade_seq": 3163, "trade_id": "136017342", "timestamp": 1615800375862, "tick_direction": 1, "price": 0.001, "mark_price": 0.00076995, "iv": 140.67, "instrument_name": "BTC-26MAR21-100000-C", "index_price": 56086.55, "direction": "buy", "amount": 0.1}, {"trade_seq": 3162, "trade_id": "136017331", "timestamp": 1615800375480, "tick_direction": 1, "price": 0.001, "mark_price": 0.00076995, "iv": 140.67, "instrument_name": "BTC-26MAR21-100000-C", "index_price": 56086.55, "direction": "buy", "amount": 0.1}, {"trade_seq": 3161, "trade_id": "136017297", "timestamp": 1615800375126, "tick_direction": 1, "price": 0.001, "mark_price": 0.00076995, "iv": 140.67, "instrument_name": "BTC-26MAR21-100000-C", "index_price": 56086.55, "direction": "buy", "amount": 0.1}, {"trade_seq": 3160, "trade_id": "136007898", "timestamp": 1615800218303, "tick_direction": 1, "price": 0.001, "mark_price": 0.00092479, "iv": 137.69, "instrument_name": "BTC-26MAR21-100000-C", "index_price": 56777.23, "direction": "buy", "amount": 0.1}, {"trade_seq": 3159, "trade_id": "136007645", "timestamp": 1615800207153, "tick_direction": 1, "price": 0.001, "mark_price": 0.00094866, "iv": 137.37, "instrument_name": "BTC-26MAR21-100000-C", "index_price": 56861.46, "direction": "buy", "amount": 0.1}, {"trade_seq": 3158, "trade_id": "136007644", "timestamp": 1615800206990, "tick_direction": 1, "price": 0.001, "mark_price": 0.00094866, "iv": 137.37, "instrument_name": "BTC-26MAR21-100000-C", "index_price": 56861.46, "direction": "buy", "amount": 0.1}, {"trade_seq": 3157, "trade_id": "136007643", "timestamp": 1615800206679, "tick_direction": 1, "price": 0.001, "mark_price": 0.00094866, "iv": 137.37, "instrument_name": "BTC-26MAR21-100000-C", "index_price": 56861.46, "direction": "buy", "amount": 0.2}, {"trade_seq": 3156, "trade_id": "136007583", "timestamp": 1615800202444, "tick_direction": 1, "price": 0.001, "mark_price": 0.00096155, "iv": 137.2, "instrument_name": "BTC-26MAR21-100000-C", "index_price": 56904.26, "direction": "buy", "amount": 0.1}, {"trade_seq": 3155, "trade_id": "136001437", "timestamp": 1615799941022, "tick_direction": 1, "price": 0.001, "mark_price": 0.00121492, "iv": 134.25, "instrument_name": "BTC-26MAR21-100000-C", "index_price": 57681.93, "direction": "sell", "amount": 2.3}, {"trade_seq": 3154, "trade_id": "135996893", "timestamp": 1615799371869, "tick_direction": 1, "price": 0.001, "mark_price": 0.0011593, "iv": 133.66, "instrument_name": "BTC-26MAR21-100000-C", "index_price": 57826.31, "direction": "sell", "amount": 1.0}, {"trade_seq": 3153, "trade_id": "135989666", "timestamp": 1615798183577, "tick_direction": 1, "price": 0.001, "mark_price": 0.00086765, "iv": 133.05, "instrument_name": "BTC-26MAR21-100000-C", "index_price": 58042.28, "direction": "sell", "amount": 0.1}, {"trade_seq": 3152, "trade_id": "135989665", "timestamp": 1615798183480, "tick_direction": 1, "price": 0.001, "mark_price": 0.00086765, "iv": 133.05, "instrument_name": "BTC-26MAR21-100000-C", "index_price": 58042.28, "direction": "sell", "amount": 0.4}, {"trade_seq": 3151, "trade_id": "135989664", "timestamp": 1615798183444, "tick_direction": 1, "price": 0.001, "mark_price": 0.00086765, "iv": 133.05, "instrument_name": "BTC-26MAR21-100000-C", "index_price": 58042.28, "direction": "sell", "amount": 1.2}, {"trade_seq": 3150, "trade_id": "135987211", "timestamp": 1615797268528, "tick_direction": 1, "price": 0.001, "mark_price": 0.00073805, "iv": 132.49, "instrument_name": "BTC-26MAR21-100000-C", "index_price": 58172.37, "direction": "sell", "amount": 0.1}, {"trade_seq": 3149, "trade_id": "135987209", "timestamp": 1615797268525, "tick_direction": 1, "price": 0.001, "mark_price": 0.00073805, "iv": 132.49, "instrument_name": "BTC-26MAR21-100000-C", "index_price": 58172.37, "direction": "sell", "amount": 0.1}, {"trade_seq": 3148, "trade_id": "135987201", "timestamp": 1615797268348, "tick_direction": 1, "price": 0.001, "mark_price": 0.0007365, "iv": 132.49, "instrument_name": "BTC-26MAR21-100000-C", "index_price": 58182.18, "direction": "sell", "amount": 0.4}, {"trade_seq": 3147, "trade_id": "135987168", "timestamp": 1615797266516, "tick_direction": 1, "price": 0.001, "mark_price": 0.00073624, "iv": 132.51, "instrument_name": "BTC-26MAR21-100000-C", "index_price": 58174.62, "direction": "sell", "amount": 0.1}, {"trade_seq": 3146, "trade_id": "135987166", "timestamp": 1615797266213, "tick_direction": 1, "price": 0.001, "mark_price": 0.00073631, "iv": 132.51, "instrument_name": "BTC-26MAR21-100000-C", "index_price": 58176.51, "direction": "sell", "amount": 0.1}, {"trade_seq": 3145, "trade_id": "135987165", "timestamp": 1615797265878, "tick_direction": 1, "price": 0.001, "mark_price": 0.00073631, "iv": 132.51, "instrument_name": "BTC-26MAR21-100000-C", "index_price": 58176.51, "direction": "sell", "amount": 0.4}, {"trade_seq": 3144, "trade_id": "135987152", "timestamp": 1615797263424, "tick_direction": 1, "price": 0.001, "mark_price": 0.00073459, "iv": 132.52, "instrument_name": "BTC-26MAR21-100000-C", "index_price": 58171.15, "direction": "sell", "amount": 0.1}, {"trade_seq": 3143, "trade_id": "135987151", "timestamp": 1615797263364, "tick_direction": 1, "price": 0.001, "mark_price": 0.00073459, "iv": 132.52, "instrument_name": "BTC-26MAR21-100000-C", "index_price": 58172.17, "direction": "sell", "amount": 0.3}, {"trade_seq": 3142, "trade_id": "135987150", "timestamp": 1615797261162, "tick_direction": 1, "price": 0.001, "mark_price": 0.00073414, "iv": 132.52, "instrument_name": "BTC-26MAR21-100000-C", "index_price": 58169.75, "direction": "sell", "amount": 0.1}, {"trade_seq": 3141, "trade_id": "135987149", "timestamp": 1615797261100, "tick_direction": 1, "price": 0.001, "mark_price": 0.00073414, "iv": 132.52, "instrument_name": "BTC-26MAR21-100000-C", "index_price": 58169.75, "direction": "sell", "amount": 0.1}, {"trade_seq": 3140, "trade_id": "135987148", "timestamp": 1615797260971, "tick_direction": 1, "price": 0.001, "mark_price": 0.00073414, "iv": 132.52, "instrument_name": "BTC-26MAR21-100000-C", "index_price": 58169.75, "direction": "sell", "amount": 0.1}, {"trade_seq": 3139, "trade_id": "135987147", "timestamp": 1615797260952, "tick_direction": 1, "price": 0.001, "mark_price": 0.00073414, "iv": 132.52, "instrument_name": "BTC-26MAR21-100000-C", "index_price": 58169.75, "direction": "sell", "amount": 0.3}, {"trade_seq": 3138, "trade_id": "135987145", "timestamp": 1615797258462, "tick_direction": 1, "price": 0.001, "mark_price": 0.00073266, "iv": 132.53, "instrument_name": "BTC-26MAR21-100000-C", "index_price": 58170.71, "direction": "sell", "amount": 0.1}, {"trade_seq": 3137, "trade_id": "135987144", "timestamp": 1615797258420, "tick_direction": 1, "price": 0.001, "mark_price": 0.00073266, "iv": 132.53, "instrument_name": "BTC-26MAR21-100000-C", "index_price": 58170.71, "direction": "sell", "amount": 0.2}, {"trade_seq": 3136, "trade_id": "135987142", "timestamp": 1615797256167, "tick_direction": 1, "price": 0.001, "mark_price": 0.00073348, "iv": 132.51, "instrument_name": "BTC-26MAR21-100000-C", "index_price": 58177.3, "direction": "sell", "amount": 0.3}, {"trade_seq": 3135, "trade_id": "135987141", "timestamp": 1615797256033, "tick_direction": 1, "price": 0.001, "mark_price": 0.00073348, "iv": 132.51, "instrument_name": "BTC-26MAR21-100000-C", "index_price": 58177.3, "direction": "sell", "amount": 0.3}, {"trade_seq": 3134, "trade_id": "135987136", "timestamp": 1615797255000, "tick_direction": 1, "price": 0.001, "mark_price": 0.00073274, "iv": 132.52, "instrument_name": "BTC-26MAR21-100000-C", "index_price": 58177.07, "direction": "sell", "amount": 0.1}, {"trade_seq": 3133, "trade_id": "135987135", "timestamp": 1615797254933, "tick_direction": 1, "price": 0.001, "mark_price": 0.00073274, "iv": 132.52, "instrument_name": "BTC-26MAR21-100000-C", "index_price": 58177.07, "direction": "sell", "amount": 0.3}, {"trade_seq": 3132, "trade_id": "135987134", "timestamp": 1615797254843, "tick_direction": 1, "price": 0.001, "mark_price": 0.00073274, "iv": 132.52, "instrument_name": "BTC-26MAR21-100000-C", "index_price": 58177.07, "direction": "sell", "amount": 0.8}, {"trade_seq": 3131, "trade_id": "135987133", "timestamp": 1615797254708, "tick_direction": 1, "price": 0.001, "mark_price": 0.00073274, "iv": 132.52, "instrument_name": "BTC-26MAR21-100000-C", "index_price": 58177.07, "direction": "sell", "amount": 2.7}, {"trade_seq": 3130, "trade_id": "135987132", "timestamp": 1615797254618, "tick_direction": 1, "price": 0.001, "mark_price": 0.00073274, "iv": 132.52, "instrument_name": "BTC-26MAR21-100000-C", "index_price": 58177.07, "direction": "buy", "amount": 0.4}, {"trade_seq": 3129, "trade_id": "135987131", "timestamp": 1615797254618, "tick_direction": 0, "price": 0.001, "mark_price": 0.00073274, "iv": 132.52, "instrument_name": "BTC-26MAR21-100000-C", "index_price": 58177.07, "direction": "buy", "amount": 2.6}, {"trade_seq": 3128, "trade_id": "135957791", "timestamp": 1615792924003, "tick_direction": 3, "price": 0.0005, "mark_price": 0.00093572, "iv": 123.16, "instrument_name": "BTC-26MAR21-100000-C", "index_price": 57622.9, "direction": "sell", "amount": 2.0}, {"trade_seq": 3127, "trade_id": "135957790", "timestamp": 1615792924003, "tick_direction": 3, "price": 0.0005, "mark_price": 0.00093572, "iv": 123.16, "instrument_name": "BTC-26MAR21-100000-C", "index_price": 57622.9, "direction": "sell", "amount": 4.0}, {"trade_seq": 3126, "trade_id": "135957789", "timestamp": 1615792924003, "tick_direction": 3, "price": 0.0005, "mark_price": 0.00093572, "iv": 123.16, "instrument_name": "BTC-26MAR21-100000-C", "index_price": 57622.9, "direction": "sell", "amount": 0.1}, {"trade_seq": 3125, "trade_id": "135957788", "timestamp": 1615792924003, "tick_direction": 3, "price": 0.0005, "mark_price": 0.00093572, "iv": 123.16, "instrument_name": "BTC-26MAR21-100000-C", "index_price": 57622.9, "direction": "sell", "amount": 61.0}, {"trade_seq": 3124, "trade_id": "135957787", "timestamp": 1615792924003, "tick_direction": 2, "price": 0.0005, "mark_price": 0.00093572, "iv": 123.16, "instrument_name": "BTC-26MAR21-100000-C", "index_price": 57622.9, "direction": "sell", "amount": 0.3}, {"trade_seq": 3123, "trade_id": "135935115", "timestamp": 1615789729349, "tick_direction": 2, "price": 0.001, "mark_price": 0.00092223, "iv": 127.35, "instrument_name": "BTC-26MAR21-100000-C", "index_price": 59187.91, "direction": "buy", "amount": 0.1}, {"trade_seq": 3122, "trade_id": "135862380", "timestamp": 1615766105998, "tick_direction": 3, "price": 0.0015, "mark_price": 0.00134307, "iv": 131.68, "instrument_name": "BTC-26MAR21-100000-C", "index_price": 59405.42, "direction": "sell", "amount": 20.0}, {"trade_seq": 3121, "trade_id": "135862352", "timestamp": 1615766100996, "tick_direction": 3, "price": 0.0015, "mark_price": 0.00134241, "iv": 131.65, "instrument_name": "BTC-26MAR21-100000-C", "index_price": 59417.88, "direction": "sell", "amount": 16.0}, {"trade_seq": 3120, "trade_id": "135862261", "timestamp": 1615766093432, "tick_direction": 3, "price": 0.0015, "mark_price": 0.00134158, "iv": 131.62, "instrument_name": "BTC-26MAR21-100000-C", "index_price": 59424.15, "direction": "sell", "amount": 0.1}, {"trade_seq": 3119, "trade_id": "135862260", "timestamp": 1615766093328, "tick_direction": 3, "price": 0.0015, "mark_price": 0.00134158, "iv": 131.62, "instrument_name": "BTC-26MAR21-100000-C", "index_price": 59424.15, "direction": "sell", "amount": 0.1}, {"trade_seq": 3118, "trade_id": "135862259", "timestamp": 1615766093172, "tick_direction": 3, "price": 0.0015, "mark_price": 0.00134158, "iv": 131.62, "instrument_name": "BTC-26MAR21-100000-C", "index_price": 59424.15, "direction": "sell", "amount": 0.1}, {"trade_seq": 3117, "trade_id": "135862248", "timestamp": 1615766091730, "tick_direction": 3, "price": 0.0015, "mark_price": 0.00134013, "iv": 131.62, "instrument_name": "BTC-26MAR21-100000-C", "index_price": 59421.76, "direction": "sell", "amount": 0.1}, {"trade_seq": 3116, "trade_id": "135862129", "timestamp": 1615766080495, "tick_direction": 3, "price": 0.0015, "mark_price": 0.00134065, "iv": 131.47, "instrument_name": "BTC-26MAR21-100000-C", "index_price": 59458.76, "direction": "sell", "amount": 0.3}, {"trade_seq": 3115, "trade_id": "135862113", "timestamp": 1615766079964, "tick_direction": 3, "price": 0.0015, "mark_price": 0.00134065, "iv": 131.47, "instrument_name": "BTC-26MAR21-100000-C", "index_price": 59458.76, "direction": "sell", "amount": 0.1}, {"trade_seq": 3114, "trade_id": "135862111", "timestamp": 1615766079570, "tick_direction": 3, "price": 0.0015, "mark_price": 0.00133592, "iv": 131.61, "instrument_name": "BTC-26MAR21-100000-C", "index_price": 59436.02, "direction": "sell", "amount": 0.1}, {"trade_seq": 3113, "trade_id": "135862109", "timestamp": 1615766079214, "tick_direction": 3, "price": 0.0015, "mark_price": 0.00133592, "iv": 131.61, "instrument_name": "BTC-26MAR21-100000-C", "index_price": 59436.02, "direction": "sell", "amount": 0.1}, {"trade_seq": 3112, "trade_id": "135862089", "timestamp": 1615766078057, "tick_direction": 3, "price": 0.0015, "mark_price": 0.00133192, "iv": 131.65, "instrument_name": "BTC-26MAR21-100000-C", "index_price": 59421.59, "direction": "sell", "amount": 0.1}, {"trade_seq": 3111, "trade_id": "135862088", "timestamp": 1615766077928, "tick_direction": 3, "price": 0.0015, "mark_price": 0.00133192, "iv": 131.65, "instrument_name": "BTC-26MAR21-100000-C", "index_price": 59421.59, "direction": "sell", "amount": 0.1}, {"trade_seq": 3110, "trade_id": "135862057", "timestamp": 1615766076311, "tick_direction": 3, "price": 0.0015, "mark_price": 0.00132757, "iv": 131.7, "instrument_name": "BTC-26MAR21-100000-C", "index_price": 59409.48, "direction": "sell", "amount": 0.1}, {"trade_seq": 3109, "trade_id": "135861389", "timestamp": 1615766041720, "tick_direction": 3, "price": 0.0015, "mark_price": 0.00132826, "iv": 131.52, "instrument_name": "BTC-26MAR21-100000-C", "index_price": 59460.82, "direction": "sell", "amount": 0.1}, {"trade_seq": 3108, "trade_id": "135861388", "timestamp": 1615766041671, "tick_direction": 3, "price": 0.0015, "mark_price": 0.00132826, "iv": 131.52, "instrument_name": "BTC-26MAR21-100000-C", "index_price": 59460.82, "direction": "sell", "amount": 0.2}, {"trade_seq": 3107, "trade_id": "135861387", "timestamp": 1615766041543, "tick_direction": 3, "price": 0.0015, "mark_price": 0.00132826, "iv": 131.52, "instrument_name": "BTC-26MAR21-100000-C", "index_price": 59460.82, "direction": "sell", "amount": 0.4}, {"trade_seq": 3106, "trade_id": "135861386", "timestamp": 1615766041474, "tick_direction": 3, "price": 0.0015, "mark_price": 0.00132826, "iv": 131.52, "instrument_name": "BTC-26MAR21-100000-C", "index_price": 59464.01, "direction": "sell", "amount": 0.4}, {"trade_seq": 3105, "trade_id": "135861385", "timestamp": 1615766041437, "tick_direction": 2, "price": 0.0015, "mark_price": 0.00132826, "iv": 131.52, "instrument_name": "BTC-26MAR21-100000-C", "index_price": 59464.01, "direction": "sell", "amount": 1.6}, {"trade_seq": 3104, "trade_id": "135834786", "timestamp": 1615755435002, "tick_direction": 2, "price": 0.002, "mark_price": 0.00148052, "iv": 133.21, "instrument_name": "BTC-26MAR21-100000-C", "index_price": 60263.09, "direction": "buy", "amount": 0.5}, {"trade_seq": 3103, "trade_id": "135749825", "timestamp": 1615715207484, "tick_direction": 0, "price": 0.003, "mark_price": 0.00218598, "iv": 135.93, "instrument_name": "BTC-26MAR21-100000-C", "index_price": 60994.98, "direction": "buy", "amount": 0.1}, {"trade_seq": 3102, "trade_id": "135724084", "timestamp": 1615701461358, "tick_direction": 2, "price": 0.0015, "mark_price": 0.00219989, "iv": 121.48, "instrument_name": "BTC-26MAR21-100000-C", "index_price": 61040.62, "direction": "sell", "amount": 5.0}, {"trade_seq": 3101, "trade_id": "135702616", "timestamp": 1615687694266, "tick_direction": 0, "price": 0.003, "mark_price": 0.00288289, "iv": 134.0, "instrument_name": "BTC-26MAR21-100000-C", "index_price": 61013.11, "direction": "sell", "amount": 0.5}, {"trade_seq": 3100, "trade_id": "135684010", "timestamp": 1615678024514, "tick_direction": 2, "price": 0.0025, "mark_price": 0.00288824, "iv": 128.37, "instrument_name": "BTC-26MAR21-100000-C", "index_price": 61285.42, "direction": "sell", "amount": 25.0}, {"trade_seq": 3099, "trade_id": "135661696", "timestamp": 1615668916654, "tick_direction": 1, "price": 0.003, "mark_price": 0.0027435, "iv": 130.56, "instrument_name": "BTC-26MAR21-100000-C", "index_price": 61623.03, "direction": "buy", "amount": 1.0}, {"trade_seq": 3098, "trade_id": "135661695", "timestamp": 1615668916654, "tick_direction": 0, "price": 0.003, "mark_price": 0.0027435, "iv": 130.56, "instrument_name": "BTC-26MAR21-100000-C", "index_price": 61623.03, "direction": "buy", "amount": 1.0}, {"trade_seq": 3097, "trade_id": "135606225", "timestamp": 1615653099021, "tick_direction": 2, "price": 0.002, "mark_price": 0.00219504, "iv": 129.12, "instrument_name": "BTC-26MAR21-100000-C", "index_price": 59502.68, "direction": "sell", "amount": 2.0}, {"trade_seq": 3096, "trade_id": "135599980", "timestamp": 1615650807444, "tick_direction": 2, "price": 0.0021, "mark_price": 0.00244772, "iv": 129.08, "instrument_name": "BTC-26MAR21-100000-C", "index_price": 59649.91, "direction": "sell", "block_trade_id": "9218", "amount": 25.0}, {"trade_seq": 3095, "trade_id": "135562193", "timestamp": 1615639047411, "tick_direction": 3, "price": 0.0025, "mark_price": 0.00266062, "iv": 129.82, "instrument_name": "BTC-26MAR21-100000-C", "index_price": 60173.86, "direction": "buy", "amount": 1.4}, {"trade_seq": 3094, "trade_id": "135555240", "timestamp": 1615638082973, "tick_direction": 3, "price": 0.0025, "mark_price": 0.00224648, "iv": 130.81, "instrument_name": "BTC-26MAR21-100000-C", "index_price": 59963.15, "direction": "buy", "amount": 0.1}, {"trade_seq": 3093, "trade_id": "135554192", "timestamp": 1615637822046, "tick_direction": 2, "price": 0.0025, "mark_price": 0.00219134, "iv": 131.11, "instrument_name": "BTC-26MAR21-100000-C", "index_price": 59893.22, "direction": "buy", "amount": 0.1}, {"trade_seq": 3092, "trade_id": "135553244", "timestamp": 1615637677619, "tick_direction": 1, "price": 0.003, "mark_price": 0.00221349, "iv": 134.77, "instrument_name": "BTC-26MAR21-100000-C", "index_price": 59944.71, "direction": "buy", "amount": 7.5}, {"trade_seq": 3091, "trade_id": "135553243", "timestamp": 1615637677619, "tick_direction": 1, "price": 0.003, "mark_price": 0.00221349, "iv": 134.77, "instrument_name": "BTC-26MAR21-100000-C", "index_price": 59944.71, "direction": "buy", "amount": 0.5}, {"trade_seq": 3090, "trade_id": "135553242", "timestamp": 1615637677619, "tick_direction": 1, "price": 0.003, "mark_price": 0.00221349, "iv": 134.77, "instrument_name": "BTC-26MAR21-100000-C", "index_price": 59944.71, "direction": "buy", "amount": 1.0}, {"trade_seq": 3089, "trade_id": "135553241", "timestamp": 1615637677619, "tick_direction": 0, "price": 0.003, "mark_price": 0.00221349, "iv": 134.77, "instrument_name": "BTC-26MAR21-100000-C", "index_price": 59944.71, "direction": "buy", "amount": 1.0}, {"trade_seq": 3088, "trade_id": "135531552", "timestamp": 1615633943917, "tick_direction": 0, "price": 0.0025, "mark_price": 0.0019961, "iv": 131.92, "instrument_name": "BTC-26MAR21-100000-C", "index_price": 59616.81, "direction": "buy", "amount": 5.5}, {"trade_seq": 3087, "trade_id": "135530538", "timestamp": 1615633673541, "tick_direction": 3, "price": 0.002, "mark_price": 0.0020785, "iv": 127.14, "instrument_name": "BTC-26MAR21-100000-C", "index_price": 59645.49, "direction": "sell", "amount": 1.0}, {"trade_seq": 3086, "trade_id": "135530533", "timestamp": 1615633672421, "tick_direction": 2, "price": 0.002, "mark_price": 0.002078, "iv": 127.14, "instrument_name": "BTC-26MAR21-100000-C", "index_price": 59651.63, "direction": "sell", "amount": 0.8}, {"trade_seq": 3085, "trade_id": "135517049", "timestamp": 1615631668742, "tick_direction": 0, "price": 0.0025, "mark_price": 0.00199873, "iv": 131.47, "instrument_name": "BTC-26MAR21-100000-C", "index_price": 59625.27, "direction": "buy", "amount": 50.0}, {"trade_seq": 3084, "trade_id": "135513002", "timestamp": 1615631280062, "tick_direction": 0, "price": 0.002, "mark_price": 0.00190678, "iv": 128.04, "instrument_name": "BTC-26MAR21-100000-C", "index_price": 59385.81, "direction": "buy", "amount": 0.4}, {"trade_seq": 3083, "trade_id": "135483809", "timestamp": 1615629036055, "tick_direction": 3, "price": 0.0015, "mark_price": 0.0017144, "iv": 130.81, "instrument_name": "BTC-26MAR21-100000-C", "index_price": 57324.59, "direction": "sell", "amount": 1.0}, {"trade_seq": 3082, "trade_id": "135483783", "timestamp": 1615629013908, "tick_direction": 3, "price": 0.0015, "mark_price": 0.00172017, "iv": 130.74, "instrument_name": "BTC-26MAR21-100000-C", "index_price": 57337.72, "direction": "sell", "amount": 1.0}, {"trade_seq": 3081, "trade_id": "135444445", "timestamp": 1615603998126, "tick_direction": 3, "price": 0.0015, "mark_price": 0.00191284, "iv": 132.21, "instrument_name": "BTC-26MAR21-100000-C", "index_price": 56605.22, "direction": "sell", "amount": 2.0}, {"trade_seq": 3080, "trade_id": "135438562", "timestamp": 1615599568330, "tick_direction": 3, "price": 0.0015, "mark_price": 0.00191447, "iv": 133.29, "instrument_name": "BTC-26MAR21-100000-C", "index_price": 56198.83, "direction": "sell", "amount": 5.0}, {"trade_seq": 3079, "trade_id": "135438256", "timestamp": 1615599385776, "tick_direction": 2, "price": 0.0015, "mark_price": 0.00197403, "iv": 132.66, "instrument_name": "BTC-26MAR21-100000-C", "index_price": 56377.03, "direction": "sell", "amount": 20.0}, {"trade_seq": 3078, "trade_id": "135401730", "timestamp": 1615581600383, "tick_direction": 2, "price": 0.002, "mark_price": 0.00221252, "iv": 136.25, "instrument_name": "BTC-26MAR21-100000-C", "index_price": 56593.57, "direction": "sell", "amount": 10.0}, {"trade_seq": 3077, "trade_id": "135316469", "timestamp": 1615559023727, "tick_direction": 1, "price": 0.0025, "mark_price": 0.00181802, "iv": 142.19, "instrument_name": "BTC-26MAR21-100000-C", "index_price": 55867.84, "direction": "buy", "amount": 10.0}, {"trade_seq": 3076, "trade_id": "135316436", "timestamp": 1615559013899, "tick_direction": 1, "price": 0.0025, "mark_price": 0.00181564, "iv": 142.25, "instrument_name": "BTC-26MAR21-100000-C", "index_price": 55842.23, "direction": "buy", "amount": 5.0}, {"trade_seq": 3075, "trade_id": "135316435", "timestamp": 1615559013899, "tick_direction": 0, "price": 0.0025, "mark_price": 0.00181564, "iv": 142.25, "instrument_name": "BTC-26MAR21-100000-C", "index_price": 55842.23, "direction": "buy", "amount": 0.1}, {"trade_seq": 3074, "trade_id": "135316295", "timestamp": 1615558977660, "tick_direction": 3, "price": 0.002, "mark_price": 0.0017945, "iv": 137.7, "instrument_name": "BTC-26MAR21-100000-C", "index_price": 55838.34, "direction": "sell", "amount": 0.1}, {"trade_seq": 3073, "trade_id": "135316153", "timestamp": 1615558951910, "tick_direction": 3, "price": 0.002, "mark_price": 0.00175856, "iv": 137.9, "instrument_name": "BTC-26MAR21-100000-C", "index_price": 55787.94, "direction": "sell", "amount": 0.1}, {"trade_seq": 3072, "trade_id": "135316036", "timestamp": 1615558929138, "tick_direction": 3, "price": 0.002, "mark_price": 0.001729, "iv": 138.11, "instrument_name": "BTC-26MAR21-100000-C", "index_price": 55727.42, "direction": "sell", "amount": 0.1}, {"trade_seq": 3071, "trade_id": "135316018", "timestamp": 1615558922744, "tick_direction": 3, "price": 0.002, "mark_price": 0.00171975, "iv": 138.18, "instrument_name": "BTC-26MAR21-100000-C", "index_price": 55698.74, "direction": "sell", "amount": 0.1}, {"trade_seq": 3070, "trade_id": "135316017", "timestamp": 1615558921915, "tick_direction": 3, "price": 0.002, "mark_price": 0.00171878, "iv": 138.18, "instrument_name": "BTC-26MAR21-100000-C", "index_price": 55698.65, "direction": "sell", "amount": 0.1}, {"trade_seq": 3069, "trade_id": "135316016", "timestamp": 1615558921732, "tick_direction": 3, "price": 0.002, "mark_price": 0.00171878, "iv": 138.18, "instrument_name": "BTC-26MAR21-100000-C", "index_price": 55698.65, "direction": "sell", "amount": 0.2}, {"trade_seq": 3068, "trade_id": "135315914", "timestamp": 1615558905440, "tick_direction": 3, "price": 0.002, "mark_price": 0.00168496, "iv": 138.45, "instrument_name": "BTC-26MAR21-100000-C", "index_price": 55629.36, "direction": "sell", "amount": 0.1}, {"trade_seq": 3067, "trade_id": "135315871", "timestamp": 1615558868065, "tick_direction": 3, "price": 0.002, "mark_price": 0.0016662, "iv": 138.44, "instrument_name": "BTC-26MAR21-100000-C", "index_price": 55630.61, "direction": "sell", "amount": 0.1}, {"trade_seq": 3066, "trade_id": "135315869", "timestamp": 1615558864708, "tick_direction": 3, "price": 0.002, "mark_price": 0.00166662, "iv": 138.42, "instrument_name": "BTC-26MAR21-100000-C", "index_price": 55639.15, "direction": "sell", "amount": 0.1}, {"trade_seq": 3065, "trade_id": "135315828", "timestamp": 1615558851836, "tick_direction": 3, "price": 0.002, "mark_price": 0.00165911, "iv": 138.42, "instrument_name": "BTC-26MAR21-100000-C", "index_price": 55644.75, "direction": "sell", "amount": 0.1}, {"trade_seq": 3064, "trade_id": "135315827", "timestamp": 1615558851702, "tick_direction": 3, "price": 0.002, "mark_price": 0.00165911, "iv": 138.42, "instrument_name": "BTC-26MAR21-100000-C", "index_price": 55641.2, "direction": "sell", "amount": 0.1}, {"trade_seq": 3063, "trade_id": "135315823", "timestamp": 1615558849767, "tick_direction": 3, "price": 0.002, "mark_price": 0.00165791, "iv": 138.42, "instrument_name": "BTC-26MAR21-100000-C", "index_price": 55641.15, "direction": "sell", "amount": 0.1}, {"trade_seq": 3062, "trade_id": "135315820", "timestamp": 1615558849567, "tick_direction": 3, "price": 0.002, "mark_price": 0.00165791, "iv": 138.42, "instrument_name": "BTC-26MAR21-100000-C", "index_price": 55641.15, "direction": "sell", "amount": 0.1}, {"trade_seq": 3061, "trade_id": "135315819", "timestamp": 1615558849520, "tick_direction": 3, "price": 0.002, "mark_price": 0.00165791, "iv": 138.42, "instrument_name": "BTC-26MAR21-100000-C", "index_price": 55641.15, "direction": "sell", "amount": 0.1}, {"trade_seq": 3060, "trade_id": "135315818", "timestamp": 1615558849484, "tick_direction": 3, "price": 0.002, "mark_price": 0.00165791, "iv": 138.42, "instrument_name": "BTC-26MAR21-100000-C", "index_price": 55641.15, "direction": "sell", "amount": 0.4}, {"trade_seq": 3059, "trade_id": "135315817", "timestamp": 1615558849377, "tick_direction": 3, "price": 0.002, "mark_price": 0.00165285, "iv": 138.42, "instrument_name": "BTC-26MAR21-100000-C", "index_price": 55641.15, "direction": "sell", "amount": 0.9}, {"trade_seq": 3058, "trade_id": "135315816", "timestamp": 1615558849271, "tick_direction": 3, "price": 0.002, "mark_price": 0.00165285, "iv": 138.42, "instrument_name": "BTC-26MAR21-100000-C", "index_price": 55641.15, "direction": "sell", "amount": 2.1}, {"trade_seq": 3057, "trade_id": "135287744", "timestamp": 1615554381320, "tick_direction": 3, "price": 0.002, "mark_price": 0.00205129, "iv": 137.75, "instrument_name": "BTC-26MAR21-100000-C", "index_price": 55696.95, "direction": "sell", "amount": 10.0}, {"trade_seq": 3056, "trade_id": "135287054", "timestamp": 1615554366353, "tick_direction": 3, "price": 0.002, "mark_price": 0.00209374, "iv": 137.36, "instrument_name": "BTC-26MAR21-100000-C", "index_price": 55784.22, "direction": "sell", "amount": 4.0}, {"trade_seq": 3055, "trade_id": "135285690", "timestamp": 1615554166788, "tick_direction": 3, "price": 0.002, "mark_price": 0.00215706, "iv": 136.24, "instrument_name": "BTC-26MAR21-100000-C", "index_price": 56098.84, "direction": "sell", "amount": 0.2}, {"trade_seq": 3054, "trade_id": "135285676", "timestamp": 1615554159017, "tick_direction": 3, "price": 0.002, "mark_price": 0.00215549, "iv": 136.24, "instrument_name": "BTC-26MAR21-100000-C", "index_price": 56114.52, "direction": "sell", "amount": 1.4}, {"trade_seq": 3053, "trade_id": "135284866", "timestamp": 1615554067832, "tick_direction": 3, "price": 0.002, "mark_price": 0.00214155, "iv": 136.16, "instrument_name": "BTC-26MAR21-100000-C", "index_price": 56123.41, "direction": "sell", "amount": 10.0}, {"trade_seq": 3052, "trade_id": "135274323", "timestamp": 1615549735351, "tick_direction": 3, "price": 0.002, "mark_price": 0.00219049, "iv": 134.66, "instrument_name": "BTC-26MAR21-100000-C", "index_price": 56451.36, "direction": "sell", "amount": 2.0}, {"trade_seq": 3051, "trade_id": "135274189", "timestamp": 1615549618077, "tick_direction": 3, "price": 0.002, "mark_price": 0.00213811, "iv": 134.97, "instrument_name": "BTC-26MAR21-100000-C", "index_price": 56366.42, "direction": "sell", "amount": 2.0}, {"trade_seq": 3050, "trade_id": "135259433", "timestamp": 1615544467265, "tick_direction": 3, "price": 0.002, "mark_price": 0.0021826, "iv": 135.9, "instrument_name": "BTC-26MAR21-100000-C", "index_price": 56081.84, "direction": "sell", "amount": 28.0}, {"trade_seq": 3049, "trade_id": "135231086", "timestamp": 1615536393143, "tick_direction": 3, "price": 0.002, "mark_price": 0.00235493, "iv": 133.96, "instrument_name": "BTC-26MAR21-100000-C", "index_price": 56406.48, "direction": "sell", "amount": 0.1}, {"trade_seq": 3048, "trade_id": "135201318", "timestamp": 1615527233956, "tick_direction": 3, "price": 0.002, "mark_price": 0.00249401, "iv": 132.2, "instrument_name": "BTC-26MAR21-100000-C", "index_price": 56802.34, "direction": "buy", "amount": 1.4}, {"trade_seq": 3047, "trade_id": "135201302", "timestamp": 1615527223959, "tick_direction": 3, "price": 0.002, "mark_price": 0.00250058, "iv": 132.2, "instrument_name": "BTC-26MAR21-100000-C", "index_price": 56799.54, "direction": "buy", "amount": 0.1}, {"trade_seq": 3046, "trade_id": "135201301", "timestamp": 1615527223794, "tick_direction": 3, "price": 0.002, "mark_price": 0.00250058, "iv": 132.2, "instrument_name": "BTC-26MAR21-100000-C", "index_price": 56799.44, "direction": "buy", "amount": 0.1}, {"trade_seq": 3045, "trade_id": "135201300", "timestamp": 1615527223707, "tick_direction": 3, "price": 0.002, "mark_price": 0.00250058, "iv": 132.2, "instrument_name": "BTC-26MAR21-100000-C", "index_price": 56799.44, "direction": "buy", "amount": 0.2}, {"trade_seq": 3044, "trade_id": "135201299", "timestamp": 1615527223628, "tick_direction": 3, "price": 0.002, "mark_price": 0.00250058, "iv": 132.2, "instrument_name": "BTC-26MAR21-100000-C", "index_price": 56799.44, "direction": "buy", "amount": 0.4}, {"trade_seq": 3043, "trade_id": "135201297", "timestamp": 1615527223192, "tick_direction": 3, "price": 0.002, "mark_price": 0.00250125, "iv": 132.2, "instrument_name": "BTC-26MAR21-100000-C", "index_price": 56799.44, "direction": "buy", "amount": 0.8}, {"trade_seq": 3042, "trade_id": "135201296", "timestamp": 1615527223110, "tick_direction": 3, "price": 0.002, "mark_price": 0.00250125, "iv": 132.2, "instrument_name": "BTC-26MAR21-100000-C", "index_price": 56799.44, "direction": "buy", "amount": 1.3}, {"trade_seq": 3041, "trade_id": "135201295", "timestamp": 1615527223108, "tick_direction": 3, "price": 0.002, "mark_price": 0.00250125, "iv": 132.2, "instrument_name": "BTC-26MAR21-100000-C", "index_price": 56799.44, "direction": "buy", "amount": 2.6}, {"trade_seq": 3040, "trade_id": "135201294", "timestamp": 1615527223100, "tick_direction": 3, "price": 0.002, "mark_price": 0.00250125, "iv": 132.2, "instrument_name": "BTC-26MAR21-100000-C", "index_price": 56799.44, "direction": "buy", "amount": 11.5}, {"trade_seq": 3039, "trade_id": "135201293", "timestamp": 1615527223096, "tick_direction": 3, "price": 0.002, "mark_price": 0.00250125, "iv": 132.2, "instrument_name": "BTC-26MAR21-100000-C", "index_price": 56799.44, "direction": "buy", "amount": 1.6}, {"trade_seq": 3038, "trade_id": "135201292", "timestamp": 1615527223094, "tick_direction": 3, "price": 0.002, "mark_price": 0.00250125, "iv": 132.2, "instrument_name": "BTC-26MAR21-100000-C", "index_price": 56799.44, "direction": "sell", "amount": 0.5}, {"trade_seq": 3037, "trade_id": "135201291", "timestamp": 1615527223094, "tick_direction": 3, "price": 0.002, "mark_price": 0.00250125, "iv": 132.2, "instrument_name": "BTC-26MAR21-100000-C", "index_price": 56799.44, "direction": "sell", "amount": 60.0}, {"trade_seq": 3036, "trade_id": "135201290", "timestamp": 1615527223094, "tick_direction": 2, "price": 0.002, "mark_price": 0.00250125, "iv": 132.2, "instrument_name": "BTC-26MAR21-100000-C", "index_price": 56799.44, "direction": "sell", "amount": 19.0}, {"trade_seq": 3035, "trade_id": "135201283", "timestamp": 1615527210104, "tick_direction": 1, "price": 0.0025, "mark_price": 0.00251536, "iv": 136.56, "instrument_name": "BTC-26MAR21-100000-C", "index_price": 56808.99, "direction": "buy", "amount": 0.5}, {"trade_seq": 3034, "trade_id": "135163986", "timestamp": 1615509630036, "tick_direction": 0, "price": 0.0025, "mark_price": 0.00257372, "iv": 135.1, "instrument_name": "BTC-26MAR21-100000-C", "index_price": 56844.35, "direction": "sell", "amount": 1.0}, {"trade_seq": 3033, "trade_id": "135153651", "timestamp": 1615507831243, "tick_direction": 3, "price": 0.002, "mark_price": 0.00263616, "iv": 127.48, "instrument_name": "BTC-26MAR21-100000-C", "index_price": 57696.17, "direction": "sell", "amount": 0.3}, {"trade_seq": 3032, "trade_id": "135153650", "timestamp": 1615507831243, "tick_direction": 3, "price": 0.002, "mark_price": 0.00263616, "iv": 127.48, "instrument_name": "BTC-26MAR21-100000-C", "index_price": 57696.17, "direction": "sell", "amount": 6.7}, {"trade_seq": 3031, "trade_id": "135153579", "timestamp": 1615507800666, "tick_direction": 2, "price": 0.002, "mark_price": 0.00261252, "iv": 127.63, "instrument_name": "BTC-26MAR21-100000-C", "index_price": 57646.73, "direction": "sell", "amount": 6.0}, {"trade_seq": 3030, "trade_id": "135133147", "timestamp": 1615502580555, "tick_direction": 1, "price": 0.003, "mark_price": 0.00256383, "iv": 135.31, "instrument_name": "BTC-26MAR21-100000-C", "index_price": 57746.26, "direction": "buy", "amount": 18.9}, {"trade_seq": 3029, "trade_id": "135133146", "timestamp": 1615502580555, "tick_direction": 0, "price": 0.003, "mark_price": 0.00256383, "iv": 135.31, "instrument_name": "BTC-26MAR21-100000-C", "index_price": 57746.26, "direction": "buy", "amount": 5.0}, {"trade_seq": 3028, "trade_id": "135129064", "timestamp": 1615500906300, "tick_direction": 1, "price": 0.0025, "mark_price": 0.0022392, "iv": 131.34, "instrument_name": "BTC-26MAR21-100000-C", "index_price": 57785.34, "direction": "buy", "amount": 0.3}, {"trade_seq": 3027, "trade_id": "135129063", "timestamp": 1615500906300, "tick_direction": 1, "price": 0.0025, "mark_price": 0.0022392, "iv": 131.34, "instrument_name": "BTC-26MAR21-100000-C", "index_price": 57785.34, "direction": "buy", "amount": 1.0}, {"trade_seq": 3026, "trade_id": "135129062", "timestamp": 1615500906300, "tick_direction": 0, "price": 0.0025, "mark_price": 0.0022392, "iv": 131.34, "instrument_name": "BTC-26MAR21-100000-C", "index_price": 57785.34, "direction": "buy", "amount": 1.0}, {"trade_seq": 3025, "trade_id": "135128400", "timestamp": 1615500494871, "tick_direction": 1, "price": 0.002, "mark_price": 0.00218181, "iv": 127.46, "instrument_name": "BTC-26MAR21-100000-C", "index_price": 57678.36, "direction": "sell", "amount": 5.0}, {"trade_seq": 3024, "trade_id": "135126775", "timestamp": 1615499398822, "tick_direction": 1, "price": 0.002, "mark_price": 0.00179341, "iv": 127.39, "instrument_name": "BTC-26MAR21-100000-C", "index_price": 57682.98, "direction": "sell", "amount": 0.1}, {"trade_seq": 3023, "trade_id": "135126774", "timestamp": 1615499398602, "tick_direction": 1, "price": 0.002, "mark_price": 0.00179341, "iv": 127.39, "instrument_name": "BTC-26MAR21-100000-C", "index_price": 57682.98, "direction": "sell", "amount": 0.1}, {"trade_seq": 3022, "trade_id": "135126773", "timestamp": 1615499398531, "tick_direction": 1, "price": 0.002, "mark_price": 0.00179453, "iv": 127.39, "instrument_name": "BTC-26MAR21-100000-C", "index_price": 57682.98, "direction": "sell", "amount": 0.3}, {"trade_seq": 3021, "trade_id": "135126772", "timestamp": 1615499398471, "tick_direction": 1, "price": 0.002, "mark_price": 0.00179453, "iv": 127.39, "instrument_name": "BTC-26MAR21-100000-C", "index_price": 57682.98, "direction": "sell", "amount": 0.8}, {"trade_seq": 3020, "trade_id": "135124128", "timestamp": 1615498922252, "tick_direction": 0, "price": 0.002, "mark_price": 0.00173504, "iv": 127.38, "instrument_name": "BTC-26MAR21-100000-C", "index_price": 57653.13, "direction": "buy", "amount": 0.1}, {"trade_seq": 3019, "trade_id": "135121510", "timestamp": 1615497499402, "tick_direction": 3, "price": 0.0015, "mark_price": 0.00191416, "iv": 121.97, "instrument_name": "BTC-26MAR21-100000-C", "index_price": 57750.05, "direction": "buy", "amount": 14.8}, {"trade_seq": 3018, "trade_id": "135121509", "timestamp": 1615497499394, "tick_direction": 2, "price": 0.0015, "mark_price": 0.00191416, "iv": 121.97, "instrument_name": "BTC-26MAR21-100000-C", "index_price": 57750.05, "direction": "sell", "amount": 0.2}, {"trade_seq": 3017, "trade_id": "135110014", "timestamp": 1615494396824, "tick_direction": 1, "price": 0.002, "mark_price": 0.00163992, "iv": 128.92, "instrument_name": "BTC-26MAR21-100000-C", "index_price": 57193.87, "direction": "buy", "amount": 0.1}, {"trade_seq": 3016, "trade_id": "135110013", "timestamp": 1615494396730, "tick_direction": 0, "price": 0.002, "mark_price": 0.00163992, "iv": 128.92, "instrument_name": "BTC-26MAR21-100000-C", "index_price": 57193.87, "direction": "buy", "amount": 0.3}, {"trade_seq": 3015, "trade_id": "135047518", "timestamp": 1615475080693, "tick_direction": 2, "price": 0.0015, "mark_price": 0.0020394, "iv": 123.28, "instrument_name": "BTC-26MAR21-100000-C", "index_price": 57049.71, "direction": "sell", "amount": 0.1}, {"trade_seq": 3014, "trade_id": "135038475", "timestamp": 1615472647557, "tick_direction": 1, "price": 0.002, "mark_price": 0.00167044, "iv": 129.22, "instrument_name": "BTC-26MAR21-100000-C", "index_price": 56788.94, "direction": "buy", "amount": 0.4}, {"trade_seq": 3013, "trade_id": "134985378", "timestamp": 1615459665655, "tick_direction": 1, "price": 0.002, "mark_price": 0.0017231, "iv": 134.61, "instrument_name": "BTC-26MAR21-100000-C", "index_price": 55130.62, "direction": "buy", "amount": 0.1}, {"trade_seq": 3012, "trade_id": "134979737", "timestamp": 1615457983332, "tick_direction": 1, "price": 0.002, "mark_price": 0.00163091, "iv": 135.77, "instrument_name": "BTC-26MAR21-100000-C", "index_price": 54761.78, "direction": "buy", "amount": 0.4}, {"trade_seq": 3011, "trade_id": "134979736", "timestamp": 1615457983332, "tick_direction": 1, "price": 0.002, "mark_price": 0.00163091, "iv": 135.77, "instrument_name": "BTC-26MAR21-100000-C", "index_price": 54761.78, "direction": "buy", "amount": 0.1}, {"trade_seq": 3010, "trade_id": "134868588", "timestamp": 1615413429245, "tick_direction": 1, "price": 0.002, "mark_price": 0.00153243, "iv": 126.01, "instrument_name": "BTC-26MAR21-100000-C", "index_price": 56841.03, "direction": "buy", "amount": 0.1}, {"trade_seq": 3009, "trade_id": "134868587", "timestamp": 1615413429245, "tick_direction": 0, "price": 0.002, "mark_price": 0.00153243, "iv": 126.01, "instrument_name": "BTC-26MAR21-100000-C", "index_price": 56841.03, "direction": "buy", "amount": 1.0}, {"trade_seq": 3008, "trade_id": "134786932", "timestamp": 1615388882984, "tick_direction": 0, "price": 0.0015, "mark_price": 0.0017174, "iv": 121.63, "instrument_name": "BTC-26MAR21-100000-C", "index_price": 56327.89, "direction": "sell", "amount": 0.1}, {"trade_seq": 3007, "trade_id": "134746046", "timestamp": 1615376900868, "tick_direction": 2, "price": 0.001, "mark_price": 0.00142698, "iv": 120.21, "instrument_name": "BTC-26MAR21-100000-C", "index_price": 54684.71, "direction": "sell", "amount": 0.5}, {"trade_seq": 3006, "trade_id": "134709195", "timestamp": 1615365363012, "tick_direction": 3, "price": 0.0015, "mark_price": 0.00123044, "iv": 126.63, "instrument_name": "BTC-26MAR21-100000-C", "index_price": 54588.81, "direction": "buy", "amount": 1.0}, {"trade_seq": 3005, "trade_id": "134632586", "timestamp": 1615338580709, "tick_direction": 3, "price": 0.0015, "mark_price": 0.00171722, "iv": 121.8, "instrument_name": "BTC-26MAR21-100000-C", "index_price": 55635.31, "direction": "sell", "amount": 28.2}, {"trade_seq": 3004, "trade_id": "134632585", "timestamp": 1615338580709, "tick_direction": 3, "price": 0.0015, "mark_price": 0.00171722, "iv": 121.8, "instrument_name": "BTC-26MAR21-100000-C", "index_price": 55635.31, "direction": "sell", "amount": 1.8}, {"trade_seq": 3003, "trade_id": "134629469", "timestamp": 1615336892688, "tick_direction": 3, "price": 0.0015, "mark_price": 0.00171724, "iv": 121.5, "instrument_name": "BTC-26MAR21-100000-C", "index_price": 55687.4, "direction": "sell", "amount": 0.1}, {"trade_seq": 3002, "trade_id": "134584527", "timestamp": 1615316944417, "tick_direction": 2, "price": 0.0015, "mark_price": 0.00143011, "iv": 126.54, "instrument_name": "BTC-26MAR21-100000-C", "index_price": 53850.2, "direction": "sell", "amount": 10.0}, {"trade_seq": 3001, "trade_id": "134436021", "timestamp": 1615254589607, "tick_direction": 1, "price": 0.002, "mark_price": 0.00163645, "iv": 129.87, "instrument_name": "BTC-26MAR21-100000-C", "index_price": 53471.45, "direction": "buy", "amount": 0.1}, {"trade_seq": 3000, "trade_id": "134436020", "timestamp": 1615254589537, "tick_direction": 1, "price": 0.002, "mark_price": 0.00163645, "iv": 129.87, "instrument_name": "BTC-26MAR21-100000-C", "index_price": 53471.45, "direction": "buy", "amount": 0.1}, {"trade_seq": 2999, "trade_id": "134427240", "timestamp": 1615253365692, "tick_direction": 1, "price": 0.002, "mark_price": 0.0009901, "iv": 131.41, "instrument_name": "BTC-26MAR21-100000-C", "index_price": 52932.46, "direction": "buy", "amount": 0.1}, {"trade_seq": 2998, "trade_id": "134427218", "timestamp": 1615253363478, "tick_direction": 1, "price": 0.002, "mark_price": 0.00098924, "iv": 131.42, "instrument_name": "BTC-26MAR21-100000-C", "index_price": 52924.34, "direction": "buy", "amount": 0.1}, {"trade_seq": 2997, "trade_id": "134427217", "timestamp": 1615253363375, "tick_direction": 1, "price": 0.002, "mark_price": 0.00098924, "iv": 131.42, "instrument_name": "BTC-26MAR21-100000-C", "index_price": 52924.34, "direction": "buy", "amount": 0.2}, {"trade_seq": 2996, "trade_id": "134427205", "timestamp": 1615253356310, "tick_direction": 1, "price": 0.002, "mark_price": 0.00098304, "iv": 131.45, "instrument_name": "BTC-26MAR21-100000-C", "index_price": 52908.99, "direction": "buy", "amount": 0.1}, {"trade_seq": 2995, "trade_id": "134427204", "timestamp": 1615253356217, "tick_direction": 1, "price": 0.002, "mark_price": 0.00098304, "iv": 131.45, "instrument_name": "BTC-26MAR21-100000-C", "index_price": 52908.99, "direction": "buy", "amount": 0.1}, {"trade_seq": 2994, "trade_id": "134427199", "timestamp": 1615253356122, "tick_direction": 1, "price": 0.002, "mark_price": 0.00098304, "iv": 131.45, "instrument_name": "BTC-26MAR21-100000-C", "index_price": 52908.99, "direction": "buy", "amount": 0.1}, {"trade_seq": 2993, "trade_id": "134427193", "timestamp": 1615253353952, "tick_direction": 1, "price": 0.002, "mark_price": 0.00097968, "iv": 131.5, "instrument_name": "BTC-26MAR21-100000-C", "index_price": 52905.79, "direction": "buy", "amount": 0.1}, {"trade_seq": 2992, "trade_id": "134427192", "timestamp": 1615253353952, "tick_direction": 1, "price": 0.002, "mark_price": 0.00097968, "iv": 131.5, "instrument_name": "BTC-26MAR21-100000-C", "index_price": 52905.79, "direction": "buy", "amount": 0.1}, {"trade_seq": 2991, "trade_id": "134427186", "timestamp": 1615253351601, "tick_direction": 1, "price": 0.002, "mark_price": 0.0009765, "iv": 131.52, "instrument_name": "BTC-26MAR21-100000-C", "index_price": 52889.13, "direction": "buy", "amount": 0.1}, {"trade_seq": 2990, "trade_id": "134427185", "timestamp": 1615253351456, "tick_direction": 1, "price": 0.002, "mark_price": 0.0009765, "iv": 131.52, "instrument_name": "BTC-26MAR21-100000-C", "index_price": 52889.13, "direction": "buy", "amount": 0.1}, {"trade_seq": 2989, "trade_id": "134427183", "timestamp": 1615253351402, "tick_direction": 1, "price": 0.002, "mark_price": 0.0009765, "iv": 131.52, "instrument_name": "BTC-26MAR21-100000-C", "index_price": 52889.13, "direction": "buy", "amount": 0.1}, {"trade_seq": 2988, "trade_id": "134427178", "timestamp": 1615253349731, "tick_direction": 1, "price": 0.002, "mark_price": 0.00097284, "iv": 131.54, "instrument_name": "BTC-26MAR21-100000-C", "index_price": 52881.0, "direction": "buy", "amount": 0.1}, {"trade_seq": 2987, "trade_id": "134427177", "timestamp": 1615253349682, "tick_direction": 1, "price": 0.002, "mark_price": 0.00097284, "iv": 131.54, "instrument_name": "BTC-26MAR21-100000-C", "index_price": 52881.0, "direction": "buy", "amount": 0.1}, {"trade_seq": 2986, "trade_id": "134427172", "timestamp": 1615253349575, "tick_direction": 1, "price": 0.002, "mark_price": 0.00097284, "iv": 131.54, "instrument_name": "BTC-26MAR21-100000-C", "index_price": 52881.0, "direction": "buy", "amount": 0.1}, {"trade_seq": 2985, "trade_id": "134427169", "timestamp": 1615253349376, "tick_direction": 0, "price": 0.002, "mark_price": 0.00097284, "iv": 131.54, "instrument_name": "BTC-26MAR21-100000-C", "index_price": 52881.0, "direction": "buy", "amount": 0.3}, {"trade_seq": 2984, "trade_id": "134427056", "timestamp": 1615253326570, "tick_direction": 0, "price": 0.0015, "mark_price": 0.00096106, "iv": 126.57, "instrument_name": "BTC-26MAR21-100000-C", "index_price": 52852.14, "direction": "buy", "amount": 1.0}, {"trade_seq": 2983, "trade_id": "134385621", "timestamp": 1615234163866, "tick_direction": 1, "price": 0.001, "mark_price": 0.00120456, "iv": 124.39, "instrument_name": "BTC-26MAR21-100000-C", "index_price": 51406.57, "direction": "sell", "amount": 0.7}, {"trade_seq": 2982, "trade_id": "134354759", "timestamp": 1615216248801, "tick_direction": 1, "price": 0.001, "mark_price": 0.0009402, "iv": 125.21, "instrument_name": "BTC-26MAR21-100000-C", "index_price": 50910.6, "direction": "buy", "amount": 0.5}, {"trade_seq": 2981, "trade_id": "134354732", "timestamp": 1615216244531, "tick_direction": 1, "price": 0.001, "mark_price": 0.00094026, "iv": 125.19, "instrument_name": "BTC-26MAR21-100000-C", "index_price": 50913.85, "direction": "buy", "amount": 0.5}, {"trade_seq": 2980, "trade_id": "134354726", "timestamp": 1615216241397, "tick_direction": 1, "price": 0.001, "mark_price": 0.00094462, "iv": 125.11, "instrument_name": "BTC-26MAR21-100000-C", "index_price": 50919.46, "direction": "buy", "amount": 0.5}, {"trade_seq": 2979, "trade_id": "134354691", "timestamp": 1615216237873, "tick_direction": 1, "price": 0.001, "mark_price": 0.00094833, "iv": 125.07, "instrument_name": "BTC-26MAR21-100000-C", "index_price": 50933.07, "direction": "buy", "amount": 0.5}, {"trade_seq": 2978, "trade_id": "134341903", "timestamp": 1615214183955, "tick_direction": 1, "price": 0.001, "mark_price": 0.00084088, "iv": 126.7, "instrument_name": "BTC-26MAR21-100000-C", "index_price": 50443.64, "direction": "sell", "amount": 0.1}, {"trade_seq": 2977, "trade_id": "134341878", "timestamp": 1615214183259, "tick_direction": 1, "price": 0.001, "mark_price": 0.00084088, "iv": 126.7, "instrument_name": "BTC-26MAR21-100000-C", "index_price": 50443.64, "direction": "sell", "amount": 0.2}, {"trade_seq": 2976, "trade_id": "134341877", "timestamp": 1615214183174, "tick_direction": 0, "price": 0.001, "mark_price": 0.00084088, "iv": 126.7, "instrument_name": "BTC-26MAR21-100000-C", "index_price": 50447.39, "direction": "buy", "amount": 0.6}, {"trade_seq": 2975, "trade_id": "134338184", "timestamp": 1615212380737, "tick_direction": 2, "price": 0.0005, "mark_price": 0.00089863, "iv": 115.72, "instrument_name": "BTC-26MAR21-100000-C", "index_price": 50866.69, "direction": "sell", "amount": 0.1}, {"trade_seq": 2974, "trade_id": "134209634", "timestamp": 1615159998795, "tick_direction": 3, "price": 0.0015, "mark_price": 0.00169244, "iv": 129.03, "instrument_name": "BTC-26MAR21-100000-C", "index_price": 50891.49, "direction": "sell", "amount": 30.0}, {"trade_seq": 2973, "trade_id": "134207161", "timestamp": 1615158750064, "tick_direction": 3, "price": 0.0015, "mark_price": 0.00148895, "iv": 128.98, "instrument_name": "BTC-26MAR21-100000-C", "index_price": 50921.21, "direction": "sell", "amount": 0.1}, {"trade_seq": 2972, "trade_id": "134207160", "timestamp": 1615158749879, "tick_direction": 3, "price": 0.0015, "mark_price": 0.00148895, "iv": 128.98, "instrument_name": "BTC-26MAR21-100000-C", "index_price": 50921.21, "direction": "sell", "amount": 0.3}, {"trade_seq": 2971, "trade_id": "134163384", "timestamp": 1615131845316, "tick_direction": 3, "price": 0.0015, "mark_price": 0.00167884, "iv": 129.65, "instrument_name": "BTC-26MAR21-100000-C", "index_price": 50445.58, "direction": "sell", "amount": 0.6}, {"trade_seq": 2970, "trade_id": "134145395", "timestamp": 1615125674733, "tick_direction": 3, "price": 0.0015, "mark_price": 0.00142679, "iv": 128.17, "instrument_name": "BTC-26MAR21-100000-C", "index_price": 50799.76, "direction": "buy", "amount": 1.0}