{"trades": [{"trade_seq": 226, "trade_id": "242369729", "timestamp": 1676911121411, "tick_direction": 3, "price": 0.0005, "mark_price": 9.156e-05, "iv": 107.1, "instrument_name": "BTC-31MAR23-65000-C", "index_price": 24746.75, "direction": "buy", "amount": 0.1}, {"trade_seq": 225, "trade_id": "242106161", "timestamp": 1676663656434, "tick_direction": 3, "price": 0.0005, "mark_price": 0.00012749, "iv": 104.28, "instrument_name": "BTC-31MAR23-65000-C", "index_price": 24531.68, "direction": "buy", "amount": 0.1}, {"trade_seq": 224, "trade_id": "239904914", "timestamp": 1674420839862, "tick_direction": 3, "price": 0.0005, "mark_price": 0.00086247, "iv": 88.37, "instrument_name": "BTC-31MAR23-65000-C", "index_price": 22383.3, "direction": "sell", "amount": 0.1}, {"trade_seq": 223, "trade_id": "239904875", "timestamp": 1674420832668, "tick_direction": 3, "price": 0.0005, "mark_price": 0.00085465, "iv": 88.46, "instrument_name": "BTC-31MAR23-65000-C", "index_price": 22355.91, "direction": "sell", "amount": 14.9}, {"trade_seq": 222, "trade_id": "239904874", "timestamp": 1674420832668, "tick_direction": 3, "price": 0.0005, "mark_price": 0.00085465, "iv": 88.46, "instrument_name": "BTC-31MAR23-65000-C", "index_price": 22355.91, "direction": "sell", "amount": 2.0}, {"trade_seq": 221, "trade_id": "239904873", "timestamp": 1674420832668, "tick_direction": 2, "price": 0.0005, "mark_price": 0.00085465, "iv": 88.46, "instrument_name": "BTC-31MAR23-65000-C", "index_price": 22355.91, "direction": "sell", "amount": 1.0}, {"trade_seq": 220, "trade_id": "239804471", "timestamp": 1674302519139, "tick_direction": 3, "price": 0.001, "mark_price": 0.00075653, "iv": 92.11, "instrument_name": "BTC-31MAR23-65000-C", "index_price": 22898.87, "direction": "buy", "amount": 1.0}, {"trade_seq": 219, "trade_id": "239804447", "timestamp": 1674302484225, "tick_direction": 2, "price": 0.001, "mark_price": 0.00075904, "iv": 92.1, "instrument_name": "BTC-31MAR23-65000-C", "index_price": 22897.45, "direction": "buy", "amount": 0.7}, {"trade_seq": 218, "trade_id": "239231162", "timestamp": 1673740343324, "tick_direction": 0, "price": 0.0015, "mark_price": 0.00156491, "iv": 98.62, "instrument_name": "BTC-31MAR23-65000-C", "index_price": 21001.81, "direction": "buy", "amount": 2.2}, {"trade_seq": 217, "trade_id": "238854707", "timestamp": 1673530195721, "tick_direction": 3, "price": 0.0005, "mark_price": 0.00068378, "iv": 95.7, "instrument_name": "BTC-31MAR23-65000-C", "index_price": 18265.2, "direction": "sell", "amount": 0.1}, {"trade_seq": 216, "trade_id": "238750363", "timestamp": 1673414485158, "tick_direction": 3, "price": 0.0005, "mark_price": 0.00052955, "iv": 98.08, "instrument_name": "BTC-31MAR23-65000-C", "index_price": 17421.12, "direction": "sell", "amount": 1.0}, {"trade_seq": 215, "trade_id": "238747877", "timestamp": 1673402750460, "tick_direction": 3, "price": 0.0005, "mark_price": 0.00049414, "iv": 97.89, "instrument_name": "BTC-31MAR23-65000-C", "index_price": 17450.89, "direction": "sell", "amount": 0.1}, {"trade_seq": 214, "trade_id": "238564333", "timestamp": 1672849072339, "tick_direction": 3, "price": 0.0005, "mark_price": 0.00072432, "iv": 96.29, "instrument_name": "BTC-31MAR23-65000-C", "index_price": 16878.21, "direction": "sell", "amount": 11.8}, {"trade_seq": 213, "trade_id": "238416623", "timestamp": 1672389105658, "tick_direction": 2, "price": 0.0005, "mark_price": 0.00123384, "iv": 95.2, "instrument_name": "BTC-31MAR23-65000-C", "index_price": 16471.43, "direction": "sell", "amount": 0.2}, {"trade_seq": 212, "trade_id": "238344893", "timestamp": 1672243200762, "tick_direction": 3, "price": 0.0015, "mark_price": 0.00122036, "iv": 104.93, "instrument_name": "BTC-31MAR23-65000-C", "index_price": 16565.32, "direction": "buy", "amount": 1.8}, {"trade_seq": 211, "trade_id": "238344892", "timestamp": 1672243200762, "tick_direction": 3, "price": 0.0015, "mark_price": 0.00122036, "iv": 104.93, "instrument_name": "BTC-31MAR23-65000-C", "index_price": 16565.32, "direction": "buy", "amount": 16.0}, {"trade_seq": 210, "trade_id": "238344880", "timestamp": 1672243195833, "tick_direction": 3, "price": 0.0015, "mark_price": 0.00122052, "iv": 104.93, "instrument_name": "BTC-31MAR23-65000-C", "index_price": 16565.24, "direction": "buy", "amount": 2.0}, {"trade_seq": 209, "trade_id": "238344879", "timestamp": 1672243195833, "tick_direction": 3, "price": 0.0015, "mark_price": 0.00122052, "iv": 104.93, "instrument_name": "BTC-31MAR23-65000-C", "index_price": 16565.24, "direction": "buy", "amount": 15.0}, {"trade_seq": 208, "trade_id": "238279354", "timestamp": 1672054408634, "tick_direction": 3, "price": 0.0015, "mark_price": 0.00143782, "iv": 102.59, "instrument_name": "BTC-31MAR23-65000-C", "index_price": 16863.97, "direction": "sell", "amount": 0.7}, {"trade_seq": 207, "trade_id": "238209381", "timestamp": 1671769723157, "tick_direction": 3, "price": 0.0015, "mark_price": 0.00171113, "iv": 101.04, "instrument_name": "BTC-31MAR23-65000-C", "index_price": 16820.38, "direction": "buy", "amount": 0.9}, {"trade_seq": 206, "trade_id": "238209380", "timestamp": 1671769723151, "tick_direction": 3, "price": 0.0015, "mark_price": 0.00171113, "iv": 101.04, "instrument_name": "BTC-31MAR23-65000-C", "index_price": 16820.38, "direction": "sell", "amount": 2.1}, {"trade_seq": 205, "trade_id": "238209373", "timestamp": 1671769705664, "tick_direction": 3, "price": 0.0015, "mark_price": 0.00170962, "iv": 101.05, "instrument_name": "BTC-31MAR23-65000-C", "index_price": 16818.26, "direction": "buy", "amount": 0.5}, {"trade_seq": 204, "trade_id": "238209372", "timestamp": 1671769705656, "tick_direction": 3, "price": 0.0015, "mark_price": 0.00170962, "iv": 101.05, "instrument_name": "BTC-31MAR23-65000-C", "index_price": 16818.26, "direction": "sell", "amount": 2.4}, {"trade_seq": 203, "trade_id": "238204550", "timestamp": 1671756277553, "tick_direction": 3, "price": 0.0015, "mark_price": 0.00173124, "iv": 101.11, "instrument_name": "BTC-31MAR23-65000-C", "index_price": 16788.01, "direction": "sell", "amount": 2.1}, {"trade_seq": 202, "trade_id": "238147775", "timestamp": 1671654824558, "tick_direction": 3, "price": 0.0015, "mark_price": 0.00173418, "iv": 100.57, "instrument_name": "BTC-31MAR23-65000-C", "index_price": 16758.92, "direction": "sell", "amount": 1.0}, {"trade_seq": 201, "trade_id": "238147774", "timestamp": 1671654824558, "tick_direction": 3, "price": 0.0015, "mark_price": 0.00173418, "iv": 100.57, "instrument_name": "BTC-31MAR23-65000-C", "index_price": 16758.92, "direction": "sell", "amount": 1.0}, {"trade_seq": 200, "trade_id": "238147773", "timestamp": 1671654824558, "tick_direction": 3, "price": 0.0015, "mark_price": 0.00173418, "iv": 100.57, "instrument_name": "BTC-31MAR23-65000-C", "index_price": 16758.92, "direction": "sell", "amount": 1.0}, {"trade_seq": 199, "trade_id": "238048478", "timestamp": 1671490057835, "tick_direction": 3, "price": 0.0015, "mark_price": 0.00161399, "iv": 101.02, "instrument_name": "BTC-31MAR23-65000-C", "index_price": 16378.01, "direction": "buy", "amount": 1.6}, {"trade_seq": 198, "trade_id": "238048477", "timestamp": 1671490057835, "tick_direction": 3, "price": 0.0015, "mark_price": 0.00161399, "iv": 101.02, "instrument_name": "BTC-31MAR23-65000-C", "index_price": 16378.01, "direction": "buy", "amount": 0.1}, {"trade_seq": 197, "trade_id": "238048476", "timestamp": 1671490057725, "tick_direction": 3, "price": 0.0015, "mark_price": 0.00161399, "iv": 101.02, "instrument_name": "BTC-31MAR23-65000-C", "index_price": 16378.01, "direction": "sell", "amount": 1.9}, {"trade_seq": 196, "trade_id": "238048443", "timestamp": 1671490033874, "tick_direction": 3, "price": 0.0015, "mark_price": 0.00161256, "iv": 100.99, "instrument_name": "BTC-31MAR23-65000-C", "index_price": 16384.25, "direction": "buy", "amount": 1.7}, {"trade_seq": 195, "trade_id": "238048442", "timestamp": 1671490033874, "tick_direction": 3, "price": 0.0015, "mark_price": 0.00161256, "iv": 100.99, "instrument_name": "BTC-31MAR23-65000-C", "index_price": 16384.25, "direction": "buy", "amount": 0.3}, {"trade_seq": 194, "trade_id": "238048441", "timestamp": 1671490033617, "tick_direction": 2, "price": 0.0015, "mark_price": 0.00161256, "iv": 100.99, "instrument_name": "BTC-31MAR23-65000-C", "index_price": 16384.25, "direction": "sell", "amount": 3.7}, {"trade_seq": 193, "trade_id": "237914146", "timestamp": 1671212872763, "tick_direction": 0, "price": 0.002, "mark_price": 0.00194726, "iv": 100.98, "instrument_name": "BTC-31MAR23-65000-C", "index_price": 16806.13, "direction": "buy", "amount": 15.0}, {"trade_seq": 192, "trade_id": "237851256", "timestamp": 1671177611657, "tick_direction": 2, "price": 0.0015, "mark_price": 0.00195876, "iv": 95.03, "instrument_name": "BTC-31MAR23-65000-C", "index_price": 17506.07, "direction": "sell", "amount": 1.0}, {"trade_seq": 191, "trade_id": "237726530", "timestamp": 1671042498191, "tick_direction": 1, "price": 0.0025, "mark_price": 0.00226692, "iv": 97.36, "instrument_name": "BTC-31MAR23-65000-C", "index_price": 18254.93, "direction": "buy", "amount": 8.9}, {"trade_seq": 190, "trade_id": "237726529", "timestamp": 1671042498191, "tick_direction": 0, "price": 0.0025, "mark_price": 0.00226692, "iv": 97.36, "instrument_name": "BTC-31MAR23-65000-C", "index_price": 18254.93, "direction": "buy", "amount": 0.1}, {"trade_seq": 189, "trade_id": "237707851", "timestamp": 1671028397208, "tick_direction": 3, "price": 0.002, "mark_price": 0.00173673, "iv": 95.87, "instrument_name": "BTC-31MAR23-65000-C", "index_price": 17928.52, "direction": "sell", "amount": 13.2}, {"trade_seq": 188, "trade_id": "237707850", "timestamp": 1671028397206, "tick_direction": 3, "price": 0.002, "mark_price": 0.00173673, "iv": 95.87, "instrument_name": "BTC-31MAR23-65000-C", "index_price": 17928.52, "direction": "buy", "amount": 1.8}, {"trade_seq": 187, "trade_id": "237707849", "timestamp": 1671028397206, "tick_direction": 3, "price": 0.002, "mark_price": 0.00173673, "iv": 95.87, "instrument_name": "BTC-31MAR23-65000-C", "index_price": 17928.52, "direction": "buy", "amount": 15.0}, {"trade_seq": 186, "trade_id": "237698437", "timestamp": 1671016694135, "tick_direction": 2, "price": 0.002, "mark_price": 0.00224135, "iv": 96.19, "instrument_name": "BTC-31MAR23-65000-C", "index_price": 17825.42, "direction": "sell", "amount": 22.0}, {"trade_seq": 185, "trade_id": "237586229", "timestamp": 1670874376283, "tick_direction": 3, "price": 0.0025, "mark_price": 0.00198003, "iv": 100.89, "instrument_name": "BTC-31MAR23-65000-C", "index_price": 17026.81, "direction": "buy", "amount": 5.0}, {"trade_seq": 184, "trade_id": "237582251", "timestamp": 1670858436387, "tick_direction": 3, "price": 0.0025, "mark_price": 0.002463, "iv": 100.76, "instrument_name": "BTC-31MAR23-65000-C", "index_price": 17034.04, "direction": "buy", "amount": 4.8}, {"trade_seq": 183, "trade_id": "237546293", "timestamp": 1670750976500, "tick_direction": 2, "price": 0.0025, "mark_price": 0.00296535, "iv": 99.69, "instrument_name": "BTC-31MAR23-65000-C", "index_price": 17170.35, "direction": "sell", "amount": 3.0}, {"trade_seq": 182, "trade_id": "237516068", "timestamp": 1670602735761, "tick_direction": 1, "price": 0.003, "mark_price": 0.00274123, "iv": 101.14, "instrument_name": "BTC-31MAR23-65000-C", "index_price": 17174.6, "direction": "buy", "amount": 7.5}, {"trade_seq": 181, "trade_id": "237516067", "timestamp": 1670602735761, "tick_direction": 1, "price": 0.003, "mark_price": 0.00274123, "iv": 101.14, "instrument_name": "BTC-31MAR23-65000-C", "index_price": 17174.6, "direction": "buy", "amount": 2.5}, {"trade_seq": 180, "trade_id": "237507343", "timestamp": 1670591062540, "tick_direction": 1, "price": 0.003, "mark_price": 0.00270499, "iv": 100.79, "instrument_name": "BTC-31MAR23-65000-C", "index_price": 17257.66, "direction": "buy", "amount": 3.0}, {"trade_seq": 179, "trade_id": "237507258", "timestamp": 1670590935303, "tick_direction": 1, "price": 0.003, "mark_price": 0.00276855, "iv": 100.78, "instrument_name": "BTC-31MAR23-65000-C", "index_price": 17265.76, "direction": "buy", "amount": 2.3}, {"trade_seq": 178, "trade_id": "237507257", "timestamp": 1670590935303, "tick_direction": 0, "price": 0.003, "mark_price": 0.00276855, "iv": 100.78, "instrument_name": "BTC-31MAR23-65000-C", "index_price": 17265.76, "direction": "buy", "amount": 4.7}, {"trade_seq": 177, "trade_id": "237484354", "timestamp": 1670544177963, "tick_direction": 1, "price": 0.0025, "mark_price": 0.00261851, "iv": 98.42, "instrument_name": "BTC-31MAR23-65000-C", "index_price": 17232.35, "direction": "sell", "amount": 7.4}, {"trade_seq": 176, "trade_id": "237418474", "timestamp": 1670433906202, "tick_direction": 1, "price": 0.0025, "mark_price": 0.00195509, "iv": 99.28, "instrument_name": "BTC-31MAR23-65000-C", "index_price": 16813.39, "direction": "buy", "amount": 5.3}, {"trade_seq": 175, "trade_id": "237418473", "timestamp": 1670433906202, "tick_direction": 1, "price": 0.0025, "mark_price": 0.00195509, "iv": 99.28, "instrument_name": "BTC-31MAR23-65000-C", "index_price": 16813.39, "direction": "buy", "amount": 5.5}, {"trade_seq": 174, "trade_id": "237418472", "timestamp": 1670433906202, "tick_direction": 1, "price": 0.0025, "mark_price": 0.00195509, "iv": 99.28, "instrument_name": "BTC-31MAR23-65000-C", "index_price": 16813.39, "direction": "buy", "amount": 5.0}, {"trade_seq": 173, "trade_id": "237416691", "timestamp": 1670429819871, "tick_direction": 3, "price": 0.002, "mark_price": 0.00172027, "iv": 96.64, "instrument_name": "BTC-31MAR23-65000-C", "index_price": 16824.22, "direction": "buy", "amount": 6.2}, {"trade_seq": 172, "trade_id": "237416690", "timestamp": 1670429819871, "tick_direction": 3, "price": 0.002, "mark_price": 0.00172027, "iv": 96.64, "instrument_name": "BTC-31MAR23-65000-C", "index_price": 16824.22, "direction": "buy", "amount": 5.0}, {"trade_seq": 171, "trade_id": "237416689", "timestamp": 1670429819871, "tick_direction": 3, "price": 0.002, "mark_price": 0.00172027, "iv": 96.64, "instrument_name": "BTC-31MAR23-65000-C", "index_price": 16824.22, "direction": "buy", "amount": 3.0}, {"trade_seq": 170, "trade_id": "237074233", "timestamp": 1669897835160, "tick_direction": 2, "price": 0.002, "mark_price": 0.00187628, "iv": 93.1, "instrument_name": "BTC-31MAR23-65000-C", "index_price": 17120.47, "direction": "buy", "amount": 1.0}, {"trade_seq": 169, "trade_id": "236914185", "timestamp": 1669727044144, "tick_direction": 0, "price": 0.0025, "mark_price": 0.00238852, "iv": 97.11, "instrument_name": "BTC-31MAR23-65000-C", "index_price": 16477.63, "direction": "buy", "amount": 18.0}, {"trade_seq": 168, "trade_id": "236805268", "timestamp": 1669589644960, "tick_direction": 1, "price": 0.002, "mark_price": 0.00198443, "iv": 93.59, "instrument_name": "BTC-31MAR23-65000-C", "index_price": 16574.77, "direction": "sell", "amount": 0.2}, {"trade_seq": 167, "trade_id": "236523289", "timestamp": 1669085022311, "tick_direction": 1, "price": 0.002, "mark_price": 0.0024545, "iv": 94.57, "instrument_name": "BTC-31MAR23-65000-C", "index_price": 15778.66, "direction": "buy", "amount": 3.5}, {"trade_seq": 166, "trade_id": "236523280", "timestamp": 1669085009534, "tick_direction": 1, "price": 0.002, "mark_price": 0.0024604, "iv": 94.57, "instrument_name": "BTC-31MAR23-65000-C", "index_price": 15778.28, "direction": "buy", "amount": 0.1}, {"trade_seq": 165, "trade_id": "236523279", "timestamp": 1669085009532, "tick_direction": 0, "price": 0.002, "mark_price": 0.0024604, "iv": 94.57, "instrument_name": "BTC-31MAR23-65000-C", "index_price": 15778.28, "direction": "sell", "amount": 3.4}, {"trade_seq": 164, "trade_id": "236222603", "timestamp": 1668682903574, "tick_direction": 2, "price": 0.0015, "mark_price": 0.00195537, "iv": 87.57, "instrument_name": "BTC-31MAR23-65000-C", "index_price": 16522.31, "direction": "sell", "amount": 1.0}, {"trade_seq": 163, "trade_id": "236138722", "timestamp": 1668604836999, "tick_direction": 1, "price": 0.0035, "mark_price": 0.00222382, "iv": 96.29, "instrument_name": "BTC-31MAR23-65000-C", "index_price": 16573.49, "direction": "sell", "amount": 3.9}, {"trade_seq": 162, "trade_id": "236138721", "timestamp": 1668604836999, "tick_direction": 1, "price": 0.0035, "mark_price": 0.00222382, "iv": 96.29, "instrument_name": "BTC-31MAR23-65000-C", "index_price": 16573.49, "direction": "sell", "amount": 25.7}, {"trade_seq": 161, "trade_id": "236138720", "timestamp": 1668604836997, "tick_direction": 0, "price": 0.0035, "mark_price": 0.00222382, "iv": 96.29, "instrument_name": "BTC-31MAR23-65000-C", "index_price": 16573.49, "direction": "buy", "amount": 10.4}, {"trade_seq": 160, "trade_id": "235759578", "timestamp": 1668396007343, "tick_direction": 3, "price": 0.0025, "mark_price": 0.00179491, "iv": 93.19, "instrument_name": "BTC-31MAR23-65000-C", "index_price": 16103.55, "direction": "buy", "amount": 4.0}, {"trade_seq": 159, "trade_id": "234973987", "timestamp": 1668070747253, "tick_direction": 2, "price": 0.0025, "mark_price": 0.00256109, "iv": 89.28, "instrument_name": "BTC-31MAR23-65000-C", "index_price": 16768.81, "direction": "sell", "amount": 14.0}, {"trade_seq": 158, "trade_id": "234903801", "timestamp": 1668053705279, "tick_direction": 2, "price": 0.003, "mark_price": 0.00348633, "iv": 92.61, "instrument_name": "BTC-31MAR23-65000-C", "index_price": 16332.89, "direction": "sell", "amount": 3.4}, {"trade_seq": 157, "trade_id": "234859110", "timestamp": 1668043672206, "tick_direction": 1, "price": 0.0035, "mark_price": 0.00360379, "iv": 95.16, "instrument_name": "BTC-31MAR23-65000-C", "index_price": 16145.38, "direction": "sell", "amount": 3.4}, {"trade_seq": 156, "trade_id": "234775742", "timestamp": 1668034534475, "tick_direction": 0, "price": 0.0035, "mark_price": 0.00373481, "iv": 95.77, "instrument_name": "BTC-31MAR23-65000-C", "index_price": 15961.61, "direction": "sell", "amount": 4.8}, {"trade_seq": 155, "trade_id": "234200930", "timestamp": 1667936072997, "tick_direction": 0, "price": 0.003, "mark_price": 0.00293059, "iv": 87.57, "instrument_name": "BTC-31MAR23-65000-C", "index_price": 17746.82, "direction": "buy", "amount": 1.0}, {"trade_seq": 154, "trade_id": "233990613", "timestamp": 1667904179892, "tick_direction": 3, "price": 0.0025, "mark_price": 0.00247697, "iv": 79.57, "instrument_name": "BTC-31MAR23-65000-C", "index_price": 19723.41, "direction": "buy", "amount": 4.9}, {"trade_seq": 153, "trade_id": "233990612", "timestamp": 1667904179890, "tick_direction": 2, "price": 0.0025, "mark_price": 0.00247697, "iv": 79.57, "instrument_name": "BTC-31MAR23-65000-C", "index_price": 19723.41, "direction": "sell", "amount": 0.1}, {"trade_seq": 152, "trade_id": "233744092", "timestamp": 1667665757511, "tick_direction": 1, "price": 0.003, "mark_price": 0.00247225, "iv": 76.31, "instrument_name": "BTC-31MAR23-65000-C", "index_price": 21337.15, "direction": "buy", "amount": 0.6}, {"trade_seq": 151, "trade_id": "233744091", "timestamp": 1667665757511, "tick_direction": 0, "price": 0.003, "mark_price": 0.00247225, "iv": 76.31, "instrument_name": "BTC-31MAR23-65000-C", "index_price": 21337.15, "direction": "buy", "amount": 0.4}, {"trade_seq": 150, "trade_id": "233597176", "timestamp": 1667571772069, "tick_direction": 1, "price": 0.0025, "mark_price": 0.00216447, "iv": 75.01, "instrument_name": "BTC-31MAR23-65000-C", "index_price": 21058.85, "direction": "buy", "amount": 1.0}, {"trade_seq": 149, "trade_id": "233597175", "timestamp": 1667571772069, "tick_direction": 1, "price": 0.0025, "mark_price": 0.00216447, "iv": 75.01, "instrument_name": "BTC-31MAR23-65000-C", "index_price": 21058.85, "direction": "buy", "amount": 1.0}, {"trade_seq": 148, "trade_id": "232557931", "timestamp": 1666554093075, "tick_direction": 1, "price": 0.0025, "mark_price": 0.00197843, "iv": 76.31, "instrument_name": "BTC-31MAR23-65000-C", "index_price": 19488.03, "direction": "sell", "amount": 6.7}, {"trade_seq": 147, "trade_id": "232557930", "timestamp": 1666554093072, "tick_direction": 1, "price": 0.0025, "mark_price": 0.00197843, "iv": 76.31, "instrument_name": "BTC-31MAR23-65000-C", "index_price": 19488.03, "direction": "buy", "amount": 1.6}, {"trade_seq": 146, "trade_id": "232557929", "timestamp": 1666554093072, "tick_direction": 0, "price": 0.0025, "mark_price": 0.00197843, "iv": 76.31, "instrument_name": "BTC-31MAR23-65000-C", "index_price": 19488.03, "direction": "buy", "amount": 1.7}, {"trade_seq": 145, "trade_id": "232243996", "timestamp": 1666102638657, "tick_direction": 2, "price": 0.002, "mark_price": 0.00243639, "iv": 73.01, "instrument_name": "BTC-31MAR23-65000-C", "index_price": 19520.74, "direction": "sell", "amount": 0.1}, {"trade_seq": 144, "trade_id": "231798513", "timestamp": 1665629241562, "tick_direction": 2, "price": 0.0035, "mark_price": 0.00374338, "iv": 78.17, "instrument_name": "BTC-31MAR23-65000-C", "index_price": 19067.12, "direction": "sell", "amount": 2.0}, {"trade_seq": 143, "trade_id": "231600617", "timestamp": 1665403569724, "tick_direction": 1, "price": 0.005, "mark_price": 0.00420851, "iv": 80.63, "instrument_name": "BTC-31MAR23-65000-C", "index_price": 19340.71, "direction": "buy", "amount": 4.0}, {"trade_seq": 142, "trade_id": "231600602", "timestamp": 1665403535218, "tick_direction": 1, "price": 0.005, "mark_price": 0.00420797, "iv": 80.63, "instrument_name": "BTC-31MAR23-65000-C", "index_price": 19340.24, "direction": "buy", "amount": 1.7}, {"trade_seq": 141, "trade_id": "231600601", "timestamp": 1665403535218, "tick_direction": 1, "price": 0.005, "mark_price": 0.00420797, "iv": 80.63, "instrument_name": "BTC-31MAR23-65000-C", "index_price": 19340.24, "direction": "buy", "amount": 3.3}, {"trade_seq": 140, "trade_id": "231577735", "timestamp": 1665384211835, "tick_direction": 0, "price": 0.005, "mark_price": 0.00472283, "iv": 80.46, "instrument_name": "BTC-31MAR23-65000-C", "index_price": 19394.6, "direction": "buy", "amount": 3.0}, {"trade_seq": 139, "trade_id": "231577734", "timestamp": 1665384205999, "tick_direction": 2, "price": 0.0045, "mark_price": 0.00473125, "iv": 79.29, "instrument_name": "BTC-31MAR23-65000-C", "index_price": 19395.25, "direction": "sell", "amount": 2.0}, {"trade_seq": 138, "trade_id": "231422725", "timestamp": 1665149594901, "tick_direction": 0, "price": 0.006, "mark_price": 0.0054616, "iv": 81.36, "instrument_name": "BTC-31MAR23-65000-C", "index_price": 19595.37, "direction": "buy", "amount": 3.0}, {"trade_seq": 137, "trade_id": "231417871", "timestamp": 1665148110636, "tick_direction": 1, "price": 0.0055, "mark_price": 0.00555444, "iv": 80.4, "instrument_name": "BTC-31MAR23-65000-C", "index_price": 19586.29, "direction": "buy", "amount": 1.0}, {"trade_seq": 136, "trade_id": "231135265", "timestamp": 1664916586193, "tick_direction": 1, "price": 0.0055, "mark_price": 0.00549962, "iv": 77.54, "instrument_name": "BTC-31MAR23-65000-C", "index_price": 20436.91, "direction": "buy", "amount": 1.0}, {"trade_seq": 135, "trade_id": "231063574", "timestamp": 1664866319265, "tick_direction": 0, "price": 0.0055, "mark_price": 0.00538908, "iv": 79.03, "instrument_name": "BTC-31MAR23-65000-C", "index_price": 19810.06, "direction": "buy", "amount": 1.0}, {"trade_seq": 134, "trade_id": "231063134", "timestamp": 1664866014705, "tick_direction": 1, "price": 0.005, "mark_price": 0.00550234, "iv": 77.83, "instrument_name": "BTC-31MAR23-65000-C", "index_price": 19846.77, "direction": "buy", "amount": 0.2}, {"trade_seq": 133, "trade_id": "231063133", "timestamp": 1664866014703, "tick_direction": 0, "price": 0.005, "mark_price": 0.00550234, "iv": 77.83, "instrument_name": "BTC-31MAR23-65000-C", "index_price": 19846.77, "direction": "sell", "amount": 1.8}, {"trade_seq": 132, "trade_id": "230732081", "timestamp": 1664526211675, "tick_direction": 2, "price": 0.0045, "mark_price": 0.00515376, "iv": 76.75, "instrument_name": "BTC-31MAR23-65000-C", "index_price": 19541.32, "direction": "sell", "amount": 0.1}, {"trade_seq": 131, "trade_id": "230092754", "timestamp": 1664014617798, "tick_direction": 3, "price": 0.0055, "mark_price": 0.0047269, "iv": 79.08, "instrument_name": "BTC-31MAR23-65000-C", "index_price": 19024.18, "direction": "buy", "amount": 0.1}, {"trade_seq": 130, "trade_id": "230092753", "timestamp": 1664014617791, "tick_direction": 2, "price": 0.0055, "mark_price": 0.0047269, "iv": 79.08, "instrument_name": "BTC-31MAR23-65000-C", "index_price": 19024.18, "direction": "buy", "amount": 0.1}, {"trade_seq": 129, "trade_id": "229375819", "timestamp": 1663433186484, "tick_direction": 0, "price": 0.0065, "mark_price": 0.00627283, "iv": 76.64, "instrument_name": "BTC-31MAR23-65000-C", "index_price": 20134.99, "direction": "buy", "amount": 5.0}, {"trade_seq": 128, "trade_id": "229360300", "timestamp": 1663397865407, "tick_direction": 2, "price": 0.006, "mark_price": 0.00524551, "iv": 76.42, "instrument_name": "BTC-31MAR23-65000-C", "index_price": 19838.59, "direction": "sell", "amount": 0.1}, {"trade_seq": 127, "trade_id": "228898044", "timestamp": 1662992537468, "tick_direction": 0, "price": 0.012, "mark_price": 0.01217597, "iv": 77.5, "instrument_name": "BTC-31MAR23-65000-C", "index_price": 22461.0, "direction": "buy", "amount": 0.9}, {"trade_seq": 126, "trade_id": "228888673", "timestamp": 1662983760625, "tick_direction": 2, "price": 0.0115, "mark_price": 0.01186782, "iv": 77.29, "instrument_name": "BTC-31MAR23-65000-C", "index_price": 22318.1, "direction": "buy", "amount": 1.5}, {"trade_seq": 125, "trade_id": "228888621", "timestamp": 1662983666171, "tick_direction": 0, "price": 0.012, "mark_price": 0.01194566, "iv": 77.8, "instrument_name": "BTC-31MAR23-65000-C", "index_price": 22327.61, "direction": "buy", "amount": 0.1}, {"trade_seq": 124, "trade_id": "228686661", "timestamp": 1662727835913, "tick_direction": 1, "price": 0.01, "mark_price": 0.01024653, "iv": 77.75, "instrument_name": "BTC-31MAR23-65000-C", "index_price": 21135.27, "direction": "buy", "amount": 5.0}, {"trade_seq": 123, "trade_id": "228686547", "timestamp": 1662727660604, "tick_direction": 1, "price": 0.01, "mark_price": 0.01021316, "iv": 77.81, "instrument_name": "BTC-31MAR23-65000-C", "index_price": 21110.76, "direction": "buy", "amount": 10.0}, {"trade_seq": 122, "trade_id": "228111419", "timestamp": 1662117912452, "tick_direction": 1, "price": 0.01, "mark_price": 0.00930994, "iv": 79.35, "instrument_name": "BTC-31MAR23-65000-C", "index_price": 20002.45, "direction": "buy", "amount": 0.2}, {"trade_seq": 121, "trade_id": "228111418", "timestamp": 1662117912452, "tick_direction": 0, "price": 0.01, "mark_price": 0.00930994, "iv": 79.35, "instrument_name": "BTC-31MAR23-65000-C", "index_price": 20002.45, "direction": "buy", "amount": 20.1}, {"trade_seq": 120, "trade_id": "228041745", "timestamp": 1662043647280, "tick_direction": 2, "price": 0.0095, "mark_price": 0.00948514, "iv": 79.16, "instrument_name": "BTC-31MAR23-65000-C", "index_price": 19757.95, "direction": "sell", "amount": 3.0}, {"trade_seq": 119, "trade_id": "227915720", "timestamp": 1661906654028, "tick_direction": 0, "price": 0.0115, "mark_price": 0.01066083, "iv": 80.86, "instrument_name": "BTC-31MAR23-65000-C", "index_price": 19968.01, "direction": "sell", "amount": 0.5}, {"trade_seq": 118, "trade_id": "227763591", "timestamp": 1661744961860, "tick_direction": 2, "price": 0.011, "mark_price": 0.01115773, "iv": 80.23, "instrument_name": "BTC-31MAR23-65000-C", "index_price": 19844.21, "direction": "buy", "amount": 2.0}, {"trade_seq": 117, "trade_id": "227509088", "timestamp": 1661508049717, "tick_direction": 1, "price": 0.014, "mark_price": 0.0142818, "iv": 78.96, "instrument_name": "BTC-31MAR23-65000-C", "index_price": 21444.22, "direction": "buy", "amount": 3.4}, {"trade_seq": 116, "trade_id": "227509087", "timestamp": 1661508049713, "tick_direction": 1, "price": 0.014, "mark_price": 0.0142818, "iv": 78.96, "instrument_name": "BTC-31MAR23-65000-C", "index_price": 21444.22, "direction": "sell", "amount": 1.6}, {"trade_seq": 115, "trade_id": "227505884", "timestamp": 1661503001944, "tick_direction": 1, "price": 0.014, "mark_price": 0.01465169, "iv": 79.0, "instrument_name": "BTC-31MAR23-65000-C", "index_price": 21423.08, "direction": "sell", "amount": 1.0}, {"trade_seq": 114, "trade_id": "227468247", "timestamp": 1661450606107, "tick_direction": 1, "price": 0.014, "mark_price": 0.01349994, "iv": 78.49, "instrument_name": "BTC-31MAR23-65000-C", "index_price": 21584.45, "direction": "buy", "amount": 2.6}, {"trade_seq": 113, "trade_id": "227468245", "timestamp": 1661450604524, "tick_direction": 0, "price": 0.014, "mark_price": 0.01350064, "iv": 78.49, "instrument_name": "BTC-31MAR23-65000-C", "index_price": 21584.41, "direction": "buy", "amount": 2.5}, {"trade_seq": 112, "trade_id": "227447276", "timestamp": 1661436629931, "tick_direction": 3, "price": 0.0135, "mark_price": 0.01450136, "iv": 77.72, "instrument_name": "BTC-31MAR23-65000-C", "index_price": 21686.33, "direction": "sell", "amount": 1.4}, {"trade_seq": 111, "trade_id": "227447275", "timestamp": 1661436629931, "tick_direction": 3, "price": 0.0135, "mark_price": 0.01450136, "iv": 77.72, "instrument_name": "BTC-31MAR23-65000-C", "index_price": 21686.33, "direction": "sell", "amount": 6.5}, {"trade_seq": 110, "trade_id": "227447274", "timestamp": 1661436629931, "tick_direction": 3, "price": 0.0135, "mark_price": 0.01450136, "iv": 77.72, "instrument_name": "BTC-31MAR23-65000-C", "index_price": 21686.33, "direction": "sell", "amount": 11.6}, {"trade_seq": 109, "trade_id": "227447273", "timestamp": 1661436629931, "tick_direction": 3, "price": 0.0135, "mark_price": 0.01450136, "iv": 77.72, "instrument_name": "BTC-31MAR23-65000-C", "index_price": 21686.33, "direction": "sell", "amount": 1.5}, {"trade_seq": 108, "trade_id": "227447272", "timestamp": 1661436629931, "tick_direction": 2, "price": 0.0135, "mark_price": 0.01450136, "iv": 77.72, "instrument_name": "BTC-31MAR23-65000-C", "index_price": 21686.33, "direction": "sell", "amount": 4.0}, {"trade_seq": 107, "trade_id": "227399275", "timestamp": 1661358920898, "tick_direction": 3, "price": 0.016, "mark_price": 0.01576067, "iv": 79.77, "instrument_name": "BTC-31MAR23-65000-C", "index_price": 21766.61, "direction": "sell", "amount": 2.5}, {"trade_seq": 106, "trade_id": "227228083", "timestamp": 1661156653472, "tick_direction": 2, "price": 0.016, "mark_price": 0.01552467, "iv": 81.34, "instrument_name": "BTC-31MAR23-65000-C", "index_price": 20938.47, "direction": "sell", "amount": 1.0}, {"trade_seq": 105, "trade_id": "227216468", "timestamp": 1661142981614, "tick_direction": 2, "price": 0.0165, "mark_price": 0.0162534, "iv": 80.58, "instrument_name": "BTC-31MAR23-65000-C", "index_price": 21418.73, "direction": "sell", "amount": 1.0}, {"trade_seq": 104, "trade_id": "226923704", "timestamp": 1660890278632, "tick_direction": 2, "price": 0.0175, "mark_price": 0.01756166, "iv": 77.71, "instrument_name": "BTC-31MAR23-65000-C", "index_price": 22747.58, "direction": "sell", "amount": 2.1}, {"trade_seq": 103, "trade_id": "226873768", "timestamp": 1660833222463, "tick_direction": 0, "price": 0.02, "mark_price": 0.0199213, "iv": 78.06, "instrument_name": "BTC-31MAR23-65000-C", "index_price": 23383.99, "direction": "sell", "amount": 4.0}, {"trade_seq": 102, "trade_id": "226783807", "timestamp": 1660744257808, "tick_direction": 3, "price": 0.0185, "mark_price": 0.01792721, "iv": 76.59, "instrument_name": "BTC-31MAR23-65000-C", "index_price": 23369.19, "direction": "sell", "amount": 4.0}, {"trade_seq": 101, "trade_id": "226782191", "timestamp": 1660743914798, "tick_direction": 2, "price": 0.0185, "mark_price": 0.01790725, "iv": 76.33, "instrument_name": "BTC-31MAR23-65000-C", "index_price": 23467.88, "direction": "buy", "amount": 2.4}, {"trade_seq": 100, "trade_id": "226766217", "timestamp": 1660732735420, "tick_direction": 2, "price": 0.019, "mark_price": 0.02052284, "iv": 76.04, "instrument_name": "BTC-31MAR23-65000-C", "index_price": 23783.6, "direction": "sell", "amount": 1.6}, {"trade_seq": 99, "trade_id": "226766216", "timestamp": 1660732735420, "tick_direction": 2, "price": 0.0195, "mark_price": 0.02052284, "iv": 76.44, "instrument_name": "BTC-31MAR23-65000-C", "index_price": 23783.6, "direction": "sell", "amount": 2.1}, {"trade_seq": 98, "trade_id": "226715898", "timestamp": 1660688612934, "tick_direction": 3, "price": 0.0205, "mark_price": 0.02026681, "iv": 76.88, "instrument_name": "BTC-31MAR23-65000-C", "index_price": 23887.63, "direction": "sell", "amount": 1.8}, {"trade_seq": 97, "trade_id": "226715884", "timestamp": 1660688603177, "tick_direction": 3, "price": 0.0205, "mark_price": 0.02029631, "iv": 76.87, "instrument_name": "BTC-31MAR23-65000-C", "index_price": 23894.83, "direction": "sell", "amount": 2.2}, {"trade_seq": 96, "trade_id": "226715882", "timestamp": 1660688603046, "tick_direction": 2, "price": 0.0205, "mark_price": 0.02029561, "iv": 76.87, "instrument_name": "BTC-31MAR23-65000-C", "index_price": 23894.83, "direction": "sell", "amount": 2.1}, {"trade_seq": 95, "trade_id": "226715419", "timestamp": 1660688089364, "tick_direction": 0, "price": 0.0225, "mark_price": 0.01837943, "iv": 78.38, "instrument_name": "BTC-31MAR23-65000-C", "index_price": 23910.3, "direction": "buy", "amount": 5.0}, {"trade_seq": 94, "trade_id": "226715418", "timestamp": 1660688089364, "tick_direction": 0, "price": 0.022, "mark_price": 0.01837943, "iv": 78.01, "instrument_name": "BTC-31MAR23-65000-C", "index_price": 23910.3, "direction": "buy", "amount": 2.5}, {"trade_seq": 93, "trade_id": "226715417", "timestamp": 1660688089364, "tick_direction": 0, "price": 0.021, "mark_price": 0.01837943, "iv": 77.26, "instrument_name": "BTC-31MAR23-65000-C", "index_price": 23910.3, "direction": "buy", "amount": 1.5}, {"trade_seq": 92, "trade_id": "226715416", "timestamp": 1660688089364, "tick_direction": 3, "price": 0.0205, "mark_price": 0.01837943, "iv": 76.87, "instrument_name": "BTC-31MAR23-65000-C", "index_price": 23910.3, "direction": "buy", "amount": 1.4}, {"trade_seq": 91, "trade_id": "226345449", "timestamp": 1660242160135, "tick_direction": 3, "price": 0.0205, "mark_price": 0.01948275, "iv": 75.43, "instrument_name": "BTC-31MAR23-65000-C", "index_price": 24129.52, "direction": "sell", "amount": 1.9}, {"trade_seq": 90, "trade_id": "226345448", "timestamp": 1660242160121, "tick_direction": 3, "price": 0.0205, "mark_price": 0.01948275, "iv": 75.43, "instrument_name": "BTC-31MAR23-65000-C", "index_price": 24129.52, "direction": "buy", "amount": 4.0}, {"trade_seq": 89, "trade_id": "226345447", "timestamp": 1660242160121, "tick_direction": 3, "price": 0.0205, "mark_price": 0.01948275, "iv": 75.43, "instrument_name": "BTC-31MAR23-65000-C", "index_price": 24129.52, "direction": "buy", "amount": 2.1}, {"trade_seq": 88, "trade_id": "226299072", "timestamp": 1660216217408, "tick_direction": 2, "price": 0.0205, "mark_price": 0.02081475, "iv": 74.46, "instrument_name": "BTC-31MAR23-65000-C", "index_price": 24523.61, "direction": "buy", "amount": 0.2}, {"trade_seq": 87, "trade_id": "226099796", "timestamp": 1660035410685, "tick_direction": 0, "price": 0.0225, "mark_price": 0.02191262, "iv": 77.19, "instrument_name": "BTC-31MAR23-65000-C", "index_price": 23786.5, "direction": "buy", "amount": 2.2}, {"trade_seq": 86, "trade_id": "225721625", "timestamp": 1659548935907, "tick_direction": 0, "price": 0.0215, "mark_price": 0.02083158, "iv": 76.22, "instrument_name": "BTC-31MAR23-65000-C", "index_price": 23462.3, "direction": "buy", "amount": 0.1}, {"trade_seq": 85, "trade_id": "225655007", "timestamp": 1659476066120, "tick_direction": 0, "price": 0.0185, "mark_price": 0.01975614, "iv": 74.83, "instrument_name": "BTC-31MAR23-65000-C", "index_price": 23029.54, "direction": "sell", "amount": 1.0}, {"trade_seq": 84, "trade_id": "225468216", "timestamp": 1659341158377, "tick_direction": 2, "price": 0.017, "mark_price": 0.01875391, "iv": 72.65, "instrument_name": "BTC-31MAR23-65000-C", "index_price": 23341.97, "direction": "buy", "amount": 10.0}, {"trade_seq": 83, "trade_id": "225381524", "timestamp": 1659257807271, "tick_direction": 3, "price": 0.021, "mark_price": 0.02151969, "iv": 74.84, "instrument_name": "BTC-31MAR23-65000-C", "index_price": 23627.45, "direction": "sell", "amount": 0.8}, {"trade_seq": 82, "trade_id": "225381523", "timestamp": 1659257806784, "tick_direction": 2, "price": 0.021, "mark_price": 0.02152008, "iv": 74.84, "instrument_name": "BTC-31MAR23-65000-C", "index_price": 23627.45, "direction": "sell", "amount": 0.8}, {"trade_seq": 81, "trade_id": "225195204", "timestamp": 1659118434126, "tick_direction": 0, "price": 0.0215, "mark_price": 0.02062314, "iv": 74.06, "instrument_name": "BTC-31MAR23-65000-C", "index_price": 24021.32, "direction": "buy", "amount": 0.1}, {"trade_seq": 80, "trade_id": "225084117", "timestamp": 1659083032622, "tick_direction": 1, "price": 0.019, "mark_price": 0.02040539, "iv": 72.26, "instrument_name": "BTC-31MAR23-65000-C", "index_price": 23952.12, "direction": "sell", "amount": 0.1}, {"trade_seq": 79, "trade_id": "225025701", "timestamp": 1659061599576, "tick_direction": 0, "price": 0.019, "mark_price": 0.02019899, "iv": 72.69, "instrument_name": "BTC-31MAR23-65000-C", "index_price": 23814.09, "direction": "sell", "amount": 1.0}, {"trade_seq": 78, "trade_id": "224610246", "timestamp": 1658852792946, "tick_direction": 3, "price": 0.017, "mark_price": 0.01642163, "iv": 77.72, "instrument_name": "BTC-31MAR23-65000-C", "index_price": 20824.99, "direction": "buy", "amount": 1.7}, {"trade_seq": 77, "trade_id": "224610243", "timestamp": 1658852789902, "tick_direction": 2, "price": 0.017, "mark_price": 0.01642275, "iv": 77.72, "instrument_name": "BTC-31MAR23-65000-C", "index_price": 20824.97, "direction": "buy", "amount": 1.7}, {"trade_seq": 76, "trade_id": "224389598", "timestamp": 1658702514919, "tick_direction": 0, "price": 0.022, "mark_price": 0.02164638, "iv": 76.4, "instrument_name": "BTC-31MAR23-65000-C", "index_price": 22956.32, "direction": "buy", "amount": 5.0}, {"trade_seq": 75, "trade_id": "224250391", "timestamp": 1658574788586, "tick_direction": 0, "price": 0.0215, "mark_price": 0.0199719, "iv": 76.95, "instrument_name": "BTC-31MAR23-65000-C", "index_price": 22448.95, "direction": "buy", "amount": 10.0}, {"trade_seq": 74, "trade_id": "224249984", "timestamp": 1658574120867, "tick_direction": 3, "price": 0.019, "mark_price": 0.02159765, "iv": 75.04, "instrument_name": "BTC-31MAR23-65000-C", "index_price": 22459.92, "direction": "buy", "amount": 10.0}, {"trade_seq": 73, "trade_id": "224249829", "timestamp": 1658574067498, "tick_direction": 2, "price": 0.019, "mark_price": 0.0218677, "iv": 75.0, "instrument_name": "BTC-31MAR23-65000-C", "index_price": 22481.61, "direction": "buy", "amount": 10.0}, {"trade_seq": 72, "trade_id": "224249226", "timestamp": 1658573923434, "tick_direction": 3, "price": 0.022, "mark_price": 0.0222916, "iv": 77.26, "instrument_name": "BTC-31MAR23-65000-C", "index_price": 22490.53, "direction": "buy", "amount": 0.3}, {"trade_seq": 71, "trade_id": "224249225", "timestamp": 1658573923253, "tick_direction": 3, "price": 0.022, "mark_price": 0.0222916, "iv": 77.26, "instrument_name": "BTC-31MAR23-65000-C", "index_price": 22490.26, "direction": "buy", "amount": 1.4}, {"trade_seq": 70, "trade_id": "224249224", "timestamp": 1658573923220, "tick_direction": 2, "price": 0.022, "mark_price": 0.0222916, "iv": 77.26, "instrument_name": "BTC-31MAR23-65000-C", "index_price": 22490.26, "direction": "buy", "amount": 1.4}, {"trade_seq": 69, "trade_id": "223628769", "timestamp": 1658253317906, "tick_direction": 1, "price": 0.0225, "mark_price": 0.02223394, "iv": 74.77, "instrument_name": "BTC-31MAR23-65000-C", "index_price": 23499.67, "direction": "buy", "amount": 1.1}, {"trade_seq": 68, "trade_id": "223628766", "timestamp": 1658253317882, "tick_direction": 0, "price": 0.0225, "mark_price": 0.02223394, "iv": 74.77, "instrument_name": "BTC-31MAR23-65000-C", "index_price": 23499.67, "direction": "buy", "amount": 1.7}, {"trade_seq": 67, "trade_id": "223528772", "timestamp": 1658229529599, "tick_direction": 2, "price": 0.0175, "mark_price": 0.01810808, "iv": 74.12, "instrument_name": "BTC-31MAR23-65000-C", "index_price": 22080.55, "direction": "buy", "amount": 0.2}, {"trade_seq": 66, "trade_id": "223523306", "timestamp": 1658226479406, "tick_direction": 3, "price": 0.018, "mark_price": 0.01773523, "iv": 75.01, "instrument_name": "BTC-31MAR23-65000-C", "index_price": 21877.52, "direction": "buy", "amount": 8.0}, {"trade_seq": 65, "trade_id": "223405660", "timestamp": 1658173033911, "tick_direction": 3, "price": 0.0185, "mark_price": 0.0177357, "iv": 75.74, "instrument_name": "BTC-31MAR23-65000-C", "index_price": 21658.36, "direction": "buy", "amount": 15.7}, {"trade_seq": 64, "trade_id": "223405659", "timestamp": 1658173033911, "tick_direction": 2, "price": 0.0185, "mark_price": 0.0177357, "iv": 75.74, "instrument_name": "BTC-31MAR23-65000-C", "index_price": 21658.36, "direction": "buy", "amount": 1.8}, {"trade_seq": 63, "trade_id": "223392247", "timestamp": 1658167604839, "tick_direction": 1, "price": 0.02, "mark_price": 0.01935712, "iv": 76.5, "instrument_name": "BTC-31MAR23-65000-C", "index_price": 21874.99, "direction": "buy", "amount": 7.0}, {"trade_seq": 62, "trade_id": "223392246", "timestamp": 1658167604838, "tick_direction": 1, "price": 0.02, "mark_price": 0.01935712, "iv": 76.5, "instrument_name": "BTC-31MAR23-65000-C", "index_price": 21874.99, "direction": "buy", "amount": 8.0}, {"trade_seq": 61, "trade_id": "223392245", "timestamp": 1658167604719, "tick_direction": 1, "price": 0.02, "mark_price": 0.01935712, "iv": 76.5, "instrument_name": "BTC-31MAR23-65000-C", "index_price": 21874.99, "direction": "buy", "amount": 6.0}, {"trade_seq": 60, "trade_id": "223392244", "timestamp": 1658167604719, "tick_direction": 0, "price": 0.02, "mark_price": 0.01935712, "iv": 76.5, "instrument_name": "BTC-31MAR23-65000-C", "index_price": 21874.99, "direction": "buy", "amount": 15.0}, {"trade_seq": 59, "trade_id": "223356311", "timestamp": 1658154519431, "tick_direction": 0, "price": 0.0195, "mark_price": 0.0195892, "iv": 75.74, "instrument_name": "BTC-31MAR23-65000-C", "index_price": 22025.76, "direction": "buy", "amount": 0.1}, {"trade_seq": 58, "trade_id": "223143452", "timestamp": 1657990403637, "tick_direction": 0, "price": 0.016, "mark_price": 0.01583728, "iv": 73.98, "instrument_name": "BTC-31MAR23-65000-C", "index_price": 21428.78, "direction": "buy", "amount": 5.0}, {"trade_seq": 57, "trade_id": "222579798", "timestamp": 1657540378856, "tick_direction": 2, "price": 0.016, "mark_price": 0.01561083, "iv": 75.48, "instrument_name": "BTC-31MAR23-65000-C", "index_price": 20448.99, "direction": "buy", "amount": 5.0}, {"trade_seq": 56, "trade_id": "222549419", "timestamp": 1657501361621, "tick_direction": 3, "price": 0.017, "mark_price": 0.01594214, "iv": 75.42, "instrument_name": "BTC-31MAR23-65000-C", "index_price": 20784.22, "direction": "buy", "amount": 8.0}, {"trade_seq": 55, "trade_id": "222549195", "timestamp": 1657501071181, "tick_direction": 2, "price": 0.017, "mark_price": 0.01598694, "iv": 75.39, "instrument_name": "BTC-31MAR23-65000-C", "index_price": 20812.95, "direction": "buy", "amount": 8.0}, {"trade_seq": 54, "trade_id": "222290061", "timestamp": 1657225317984, "tick_direction": 1, "price": 0.0225, "mark_price": 0.02128541, "iv": 77.15, "instrument_name": "BTC-31MAR23-65000-C", "index_price": 21613.02, "direction": "sell", "amount": 1.4}, {"trade_seq": 53, "trade_id": "222288367", "timestamp": 1657224195267, "tick_direction": 0, "price": 0.0225, "mark_price": 0.02126906, "iv": 76.96, "instrument_name": "BTC-31MAR23-65000-C", "index_price": 21708.88, "direction": "sell", "amount": 5.4}, {"trade_seq": 52, "trade_id": "222287936", "timestamp": 1657224075612, "tick_direction": 0, "price": 0.022, "mark_price": 0.02132218, "iv": 76.46, "instrument_name": "BTC-31MAR23-65000-C", "index_price": 21780.86, "direction": "sell", "amount": 6.6}, {"trade_seq": 51, "trade_id": "222286275", "timestamp": 1657223815487, "tick_direction": 0, "price": 0.0215, "mark_price": 0.0208722, "iv": 76.19, "instrument_name": "BTC-31MAR23-65000-C", "index_price": 21772.67, "direction": "sell", "amount": 2.6}, {"trade_seq": 50, "trade_id": "222095950", "timestamp": 1657076277356, "tick_direction": 3, "price": 0.017, "mark_price": 0.01750477, "iv": 76.88, "instrument_name": "BTC-31MAR23-65000-C", "index_price": 19861.8, "direction": "buy", "amount": 1.3}, {"trade_seq": 49, "trade_id": "222095942", "timestamp": 1657076273404, "tick_direction": 3, "price": 0.017, "mark_price": 0.01749176, "iv": 76.89, "instrument_name": "BTC-31MAR23-65000-C", "index_price": 19856.43, "direction": "buy", "amount": 1.3}, {"trade_seq": 48, "trade_id": "222095931", "timestamp": 1657076261048, "tick_direction": 3, "price": 0.017, "mark_price": 0.01749411, "iv": 76.89, "instrument_name": "BTC-31MAR23-65000-C", "index_price": 19856.13, "direction": "buy", "amount": 1.3}, {"trade_seq": 47, "trade_id": "222095928", "timestamp": 1657076253376, "tick_direction": 3, "price": 0.017, "mark_price": 0.01747691, "iv": 76.9, "instrument_name": "BTC-31MAR23-65000-C", "index_price": 19850.18, "direction": "buy", "amount": 1.3}, {"trade_seq": 46, "trade_id": "222095927", "timestamp": 1657076246443, "tick_direction": 3, "price": 0.017, "mark_price": 0.01746867, "iv": 76.9, "instrument_name": "BTC-31MAR23-65000-C", "index_price": 19849.34, "direction": "buy", "amount": 1.3}, {"trade_seq": 45, "trade_id": "222095926", "timestamp": 1657076240756, "tick_direction": 3, "price": 0.017, "mark_price": 0.01746317, "iv": 76.9, "instrument_name": "BTC-31MAR23-65000-C", "index_price": 19849.71, "direction": "buy", "amount": 1.3}, {"trade_seq": 44, "trade_id": "222095924", "timestamp": 1657076236709, "tick_direction": 3, "price": 0.017, "mark_price": 0.01745902, "iv": 76.9, "instrument_name": "BTC-31MAR23-65000-C", "index_price": 19850.25, "direction": "buy", "amount": 1.3}, {"trade_seq": 43, "trade_id": "222095922", "timestamp": 1657076232728, "tick_direction": 3, "price": 0.017, "mark_price": 0.01746295, "iv": 76.9, "instrument_name": "BTC-31MAR23-65000-C", "index_price": 19854.17, "direction": "buy", "amount": 1.3}, {"trade_seq": 42, "trade_id": "222095920", "timestamp": 1657076227507, "tick_direction": 3, "price": 0.017, "mark_price": 0.01747566, "iv": 76.89, "instrument_name": "BTC-31MAR23-65000-C", "index_price": 19856.15, "direction": "buy", "amount": 1.3}, {"trade_seq": 41, "trade_id": "222095888", "timestamp": 1657076223309, "tick_direction": 3, "price": 0.017, "mark_price": 0.01748287, "iv": 76.88, "instrument_name": "BTC-31MAR23-65000-C", "index_price": 19863.91, "direction": "buy", "amount": 1.3}, {"trade_seq": 40, "trade_id": "222095887", "timestamp": 1657076220210, "tick_direction": 3, "price": 0.017, "mark_price": 0.01750581, "iv": 76.88, "instrument_name": "BTC-31MAR23-65000-C", "index_price": 19863.79, "direction": "buy", "amount": 1.3}, {"trade_seq": 39, "trade_id": "222095885", "timestamp": 1657076217193, "tick_direction": 3, "price": 0.017, "mark_price": 0.01751413, "iv": 76.88, "instrument_name": "BTC-31MAR23-65000-C", "index_price": 19863.77, "direction": "buy", "amount": 1.3}, {"trade_seq": 38, "trade_id": "222095697", "timestamp": 1657076012175, "tick_direction": 3, "price": 0.017, "mark_price": 0.0175112, "iv": 76.9, "instrument_name": "BTC-31MAR23-65000-C", "index_price": 19832.18, "direction": "buy", "amount": 1.3}, {"trade_seq": 37, "trade_id": "222095696", "timestamp": 1657076008907, "tick_direction": 3, "price": 0.017, "mark_price": 0.0175098, "iv": 76.9, "instrument_name": "BTC-31MAR23-65000-C", "index_price": 19831.67, "direction": "buy", "amount": 1.3}, {"trade_seq": 36, "trade_id": "222095694", "timestamp": 1657076005212, "tick_direction": 3, "price": 0.017, "mark_price": 0.01751757, "iv": 76.9, "instrument_name": "BTC-31MAR23-65000-C", "index_price": 19831.49, "direction": "buy", "amount": 1.3}, {"trade_seq": 35, "trade_id": "222095692", "timestamp": 1657076001303, "tick_direction": 2, "price": 0.017, "mark_price": 0.01752826, "iv": 76.9, "instrument_name": "BTC-31MAR23-65000-C", "index_price": 19831.9, "direction": "buy", "amount": 1.3}, {"trade_seq": 34, "trade_id": "221971352", "timestamp": 1657015018585, "tick_direction": 3, "price": 0.0185, "mark_price": 0.0179019, "iv": 78.46, "instrument_name": "BTC-31MAR23-65000-C", "index_price": 19670.64, "direction": "sell", "amount": 0.9}, {"trade_seq": 33, "trade_id": "221971306", "timestamp": 1657014978993, "tick_direction": 3, "price": 0.0185, "mark_price": 0.01823211, "iv": 78.46, "instrument_name": "BTC-31MAR23-65000-C", "index_price": 19668.4, "direction": "sell", "amount": 1.8}, {"trade_seq": 32, "trade_id": "221971228", "timestamp": 1657014934174, "tick_direction": 3, "price": 0.0185, "mark_price": 0.01876124, "iv": 78.46, "instrument_name": "BTC-31MAR23-65000-C", "index_price": 19662.35, "direction": "sell", "amount": 4.2}, {"trade_seq": 31, "trade_id": "221971117", "timestamp": 1657014890699, "tick_direction": 3, "price": 0.0185, "mark_price": 0.01912557, "iv": 78.45, "instrument_name": "BTC-31MAR23-65000-C", "index_price": 19667.9, "direction": "sell", "amount": 1.2}, {"trade_seq": 30, "trade_id": "221971116", "timestamp": 1657014890685, "tick_direction": 2, "price": 0.0185, "mark_price": 0.01912557, "iv": 78.45, "instrument_name": "BTC-31MAR23-65000-C", "index_price": 19667.9, "direction": "sell", "amount": 1.9}, {"trade_seq": 29, "trade_id": "221194966", "timestamp": 1656436623284, "tick_direction": 0, "price": 0.02, "mark_price": 0.02117339, "iv": 76.55, "instrument_name": "BTC-31MAR23-65000-C", "index_price": 20608.43, "direction": "sell", "amount": 0.1}, {"trade_seq": 28, "trade_id": "220840340", "timestamp": 1656056379295, "tick_direction": 2, "price": 0.018, "mark_price": 0.0204384, "iv": 73.93, "instrument_name": "BTC-31MAR23-65000-C", "index_price": 20899.86, "direction": "sell", "amount": 0.1}, {"trade_seq": 27, "trade_id": "220481430", "timestamp": 1655851330463, "tick_direction": 3, "price": 0.022, "mark_price": 0.02164076, "iv": 76.79, "instrument_name": "BTC-31MAR23-65000-C", "index_price": 20785.17, "direction": "sell", "amount": 1.0}, {"trade_seq": 26, "trade_id": "220481360", "timestamp": 1655851254231, "tick_direction": 2, "price": 0.022, "mark_price": 0.02175006, "iv": 76.78, "instrument_name": "BTC-31MAR23-65000-C", "index_price": 20790.53, "direction": "sell", "amount": 1.5}, {"trade_seq": 25, "trade_id": "220432561", "timestamp": 1655820650051, "tick_direction": 0, "price": 0.023, "mark_price": 0.02241631, "iv": 75.94, "instrument_name": "BTC-31MAR23-65000-C", "index_price": 21452.18, "direction": "sell", "amount": 0.1}, {"trade_seq": 24, "trade_id": "220259777", "timestamp": 1655725268527, "tick_direction": 2, "price": 0.0225, "mark_price": 0.02233998, "iv": 76.65, "instrument_name": "BTC-31MAR23-65000-C", "index_price": 20849.31, "direction": "sell", "amount": 1.0}, {"trade_seq": 23, "trade_id": "220254293", "timestamp": 1655722300339, "tick_direction": 0, "price": 0.025, "mark_price": 0.02533667, "iv": 78.56, "instrument_name": "BTC-31MAR23-65000-C", "index_price": 20727.53, "direction": "sell", "amount": 0.1}, {"trade_seq": 22, "trade_id": "219824225", "timestamp": 1655585420734, "tick_direction": 3, "price": 0.0165, "mark_price": 0.02068465, "iv": 79.56, "instrument_name": "BTC-31MAR23-65000-C", "index_price": 17640.28, "direction": "sell", "amount": 1.0}, {"trade_seq": 21, "trade_id": "219697190", "timestamp": 1655543059602, "tick_direction": 3, "price": 0.0165, "mark_price": 0.01913272, "iv": 76.23, "instrument_name": "BTC-31MAR23-65000-C", "index_price": 18982.22, "direction": "sell", "amount": 2.0}, {"trade_seq": 20, "trade_id": "219696577", "timestamp": 1655542963345, "tick_direction": 2, "price": 0.0165, "mark_price": 0.01908132, "iv": 76.33, "instrument_name": "BTC-31MAR23-65000-C", "index_price": 18943.05, "direction": "sell", "amount": 2.0}, {"trade_seq": 19, "trade_id": "219504685", "timestamp": 1655465456907, "tick_direction": 0, "price": 0.02, "mark_price": 0.02010408, "iv": 73.87, "instrument_name": "BTC-31MAR23-65000-C", "index_price": 21111.61, "direction": "buy", "amount": 2.0}, {"trade_seq": 18, "trade_id": "219504383", "timestamp": 1655465354360, "tick_direction": 2, "price": 0.0195, "mark_price": 0.0197247, "iv": 73.59, "instrument_name": "BTC-31MAR23-65000-C", "index_price": 21074.08, "direction": "buy", "amount": 2.0}, {"trade_seq": 17, "trade_id": "219500963", "timestamp": 1655463714648, "tick_direction": 0, "price": 0.0255, "mark_price": 0.02137042, "iv": 77.73, "instrument_name": "BTC-31MAR23-65000-C", "index_price": 21075.58, "direction": "buy", "amount": 5.0}, {"trade_seq": 16, "trade_id": "219500554", "timestamp": 1655463580195, "tick_direction": 2, "price": 0.017, "mark_price": 0.02075507, "iv": 71.68, "instrument_name": "BTC-31MAR23-65000-C", "index_price": 21085.18, "direction": "sell", "amount": 5.0}, {"trade_seq": 15, "trade_id": "219393704", "timestamp": 1655425237005, "tick_direction": 3, "price": 0.024, "mark_price": 0.02293133, "iv": 77.8, "instrument_name": "BTC-31MAR23-65000-C", "index_price": 20503.49, "direction": "sell", "amount": 6.0}, {"trade_seq": 14, "trade_id": "219183889", "timestamp": 1655342037111, "tick_direction": 2, "price": 0.024, "mark_price": 0.02424499, "iv": 72.49, "instrument_name": "BTC-31MAR23-65000-C", "index_price": 22868.1, "direction": "sell", "amount": 0.7}, {"trade_seq": 13, "trade_id": "217809069", "timestamp": 1655058330208, "tick_direction": 0, "price": 0.0305, "mark_price": 0.02976706, "iv": 65.21, "instrument_name": "BTC-31MAR23-65000-C", "index_price": 27958.81, "direction": "sell", "amount": 1.0}, {"trade_seq": 12, "trade_id": "217739414", "timestamp": 1655029888228, "tick_direction": 2, "price": 0.0285, "mark_price": 0.02837134, "iv": 64.93, "instrument_name": "BTC-31MAR23-65000-C", "index_price": 27525.24, "direction": "buy", "amount": 2.0}, {"trade_seq": 11, "trade_id": "217739029", "timestamp": 1655029644278, "tick_direction": 2, "price": 0.029, "mark_price": 0.0290803, "iv": 65.24, "instrument_name": "BTC-31MAR23-65000-C", "index_price": 27497.66, "direction": "buy", "amount": 2.0}, {"trade_seq": 10, "trade_id": "217707027", "timestamp": 1655009969600, "tick_direction": 2, "price": 0.031, "mark_price": 0.02945868, "iv": 66.34, "instrument_name": "BTC-31MAR23-65000-C", "index_price": 27401.56, "direction": "sell", "amount": 1.0}, {"trade_seq": 9, "trade_id": "217312960", "timestamp": 1654807310953, "tick_direction": 2, "price": 0.035, "mark_price": 0.03619462, "iv": 63.02, "instrument_name": "BTC-31MAR23-65000-C", "index_price": 30095.46, "direction": "sell", "amount": 7.0}, {"trade_seq": 8, "trade_id": "217171624", "timestamp": 1654666090852, "tick_direction": 0, "price": 0.036, "mark_price": 0.03689764, "iv": 62.99, "instrument_name": "BTC-31MAR23-65000-C", "index_price": 30202.41, "direction": "buy", "amount": 1.0}, {"trade_seq": 7, "trade_id": "217027658", "timestamp": 1654600437464, "tick_direction": 2, "price": 0.034, "mark_price": 0.03430863, "iv": 63.33, "instrument_name": "BTC-31MAR23-65000-C", "index_price": 29417.0, "direction": "buy", "amount": 2.0}, {"trade_seq": 6, "trade_id": "217027059", "timestamp": 1654600210109, "tick_direction": 0, "price": 0.0345, "mark_price": 0.03442512, "iv": 63.49, "instrument_name": "BTC-31MAR23-65000-C", "index_price": 29482.36, "direction": "buy", "amount": 2.0}, {"trade_seq": 5, "trade_id": "217013459", "timestamp": 1654582886512, "tick_direction": 2, "price": 0.033, "mark_price": 0.03424483, "iv": 62.73, "instrument_name": "BTC-31MAR23-65000-C", "index_price": 29482.14, "direction": "sell", "amount": 3.0}, {"trade_seq": 4, "trade_id": "216836981", "timestamp": 1654480226189, "tick_direction": 1, "price": 0.04, "mark_price": 0.0406835, "iv": 63.53, "instrument_name": "BTC-31MAR23-65000-C", "index_price": 30737.17, "direction": "buy", "amount": 5.0}, {"trade_seq": 3, "trade_id": "216814306", "timestamp": 1654453569353, "tick_direction": 0, "price": 0.04, "mark_price": 0.03981954, "iv": 64.83, "instrument_name": "BTC-31MAR23-65000-C", "index_price": 30004.55, "direction": "buy", "amount": 5.0}, {"trade_seq": 2, "trade_id": "216609780", "timestamp": 1654184989652, "tick_direction": 2, "price": 0.038, "mark_price": 0.03817744, "iv": 63.04, "instrument_name": "BTC-31MAR23-65000-C", "index_price": 30302.65, "direction": "buy", "amount": 6.0}, {"trade_seq": 1, "trade_id": "216488124", "timestamp": 1654102746775, "tick_direction": 1, "price": 0.041, "mark_price": 0.0422722, "iv": 64.17, "instrument_name": "BTC-31MAR23-65000-C", "index_price": 30394.63, "direction": "buy", "amount": 15.0}], "has_more": false}