{"trades": [{"trade_seq": 6933, "trade_id": "249099132", "timestamp": 1680227305623, "tick_direction": 0, "price": 0.112, "mark_price": 0.11165247, "iv": 217.26, "instrument_name": "BTC-31MAR23-25000-C", "index_price": 28149.23, "direction": "sell", "amount": 0.1}, {"trade_seq": 6932, "trade_id": "249043795", "timestamp": 1680201609799, "tick_direction": 2, "price": 0.104, "mark_price": 0.10365437, "iv": 138.09, "instrument_name": "BTC-31MAR23-25000-C", "index_price": 27910.2, "direction": "sell", "amount": 0.1}, {"trade_seq": 6931, "trade_id": "249011589", "timestamp": 1680193254471, "tick_direction": 2, "price": 0.111, "mark_price": 0.11065551, "iv": 135.67, "instrument_name": "BTC-31MAR23-25000-C", "index_price": 28143.14, "direction": "buy", "amount": 1.3}, {"trade_seq": 6930, "trade_id": "249009203", "timestamp": 1680193056439, "tick_direction": 1, "price": 0.1115, "mark_price": 0.11091736, "iv": 146.07, "instrument_name": "BTC-31MAR23-25000-C", "index_price": 28164.49, "direction": "buy", "amount": 5.7}, {"trade_seq": 6929, "trade_id": "249009202", "timestamp": 1680193056390, "tick_direction": 1, "price": 0.1115, "mark_price": 0.11091736, "iv": 146.07, "instrument_name": "BTC-31MAR23-25000-C", "index_price": 28164.49, "direction": "buy", "amount": 1.7}, {"trade_seq": 6928, "trade_id": "249009201", "timestamp": 1680193056387, "tick_direction": 1, "price": 0.1115, "mark_price": 0.11091736, "iv": 146.07, "instrument_name": "BTC-31MAR23-25000-C", "index_price": 28164.49, "direction": "buy", "amount": 8.0}, {"trade_seq": 6927, "trade_id": "249009183", "timestamp": 1680193055387, "tick_direction": 1, "price": 0.1115, "mark_price": 0.11079966, "iv": 146.12, "instrument_name": "BTC-31MAR23-25000-C", "index_price": 28149.33, "direction": "buy", "amount": 2.0}, {"trade_seq": 6926, "trade_id": "249009182", "timestamp": 1680193055381, "tick_direction": 1, "price": 0.1115, "mark_price": 0.11079966, "iv": 146.12, "instrument_name": "BTC-31MAR23-25000-C", "index_price": 28149.33, "direction": "buy", "amount": 0.1}, {"trade_seq": 6925, "trade_id": "249009179", "timestamp": 1680193055372, "tick_direction": 1, "price": 0.1115, "mark_price": 0.11079966, "iv": 146.12, "instrument_name": "BTC-31MAR23-25000-C", "index_price": 28149.33, "direction": "buy", "amount": 1.1}, {"trade_seq": 6924, "trade_id": "249009166", "timestamp": 1680193055252, "tick_direction": 0, "price": 0.1115, "mark_price": 0.11079966, "iv": 146.12, "instrument_name": "BTC-31MAR23-25000-C", "index_price": 28149.33, "direction": "buy", "amount": 1.4}, {"trade_seq": 6923, "trade_id": "249008260", "timestamp": 1680192967820, "tick_direction": 2, "price": 0.103, "mark_price": 0.11253396, "iv": 0.0, "instrument_name": "BTC-31MAR23-25000-C", "index_price": 28194.46, "direction": "buy", "amount": 20.0}, {"trade_seq": 6922, "trade_id": "248919854", "timestamp": 1680163498092, "tick_direction": 0, "price": 0.1335, "mark_price": 0.13155575, "iv": 171.03, "instrument_name": "BTC-31MAR23-25000-C", "index_price": 28747.59, "direction": "sell", "amount": 0.1}, {"trade_seq": 6921, "trade_id": "248910213", "timestamp": 1680161718081, "tick_direction": 1, "price": 0.13, "mark_price": 0.12922842, "iv": 141.53, "instrument_name": "BTC-31MAR23-25000-C", "index_price": 28678.81, "direction": "buy", "amount": 0.5}, {"trade_seq": 6920, "trade_id": "248894971", "timestamp": 1680151037171, "tick_direction": 0, "price": 0.13, "mark_price": 0.12999262, "iv": 106.43, "instrument_name": "BTC-31MAR23-25000-C", "index_price": 28700.03, "direction": "buy", "amount": 0.1}, {"trade_seq": 6919, "trade_id": "248876280", "timestamp": 1680145764480, "tick_direction": 2, "price": 0.125, "mark_price": 0.12457897, "iv": 121.25, "instrument_name": "BTC-31MAR23-25000-C", "index_price": 28533.03, "direction": "buy", "amount": 0.1}, {"trade_seq": 6918, "trade_id": "248871717", "timestamp": 1680145613176, "tick_direction": 0, "price": 0.13, "mark_price": 0.13092167, "iv": 0.0, "instrument_name": "BTC-31MAR23-25000-C", "index_price": 28736.56, "direction": "buy", "amount": 0.1}, {"trade_seq": 6917, "trade_id": "248780918", "timestamp": 1680100217575, "tick_direction": 2, "price": 0.1175, "mark_price": 0.12080784, "iv": 0.0, "instrument_name": "BTC-31MAR23-25000-C", "index_price": 28389.96, "direction": "buy", "amount": 3.5}, {"trade_seq": 6916, "trade_id": "248725889", "timestamp": 1680077560322, "tick_direction": 0, "price": 0.12, "mark_price": 0.11905617, "iv": 104.96, "instrument_name": "BTC-31MAR23-25000-C", "index_price": 28339.12, "direction": "buy", "amount": 1.0}, {"trade_seq": 6915, "trade_id": "248679159", "timestamp": 1680058015456, "tick_direction": 2, "price": 0.089, "mark_price": 0.08883676, "iv": 74.79, "instrument_name": "BTC-31MAR23-25000-C", "index_price": 27401.39, "direction": "buy", "amount": 1.0}, {"trade_seq": 6914, "trade_id": "248639606", "timestamp": 1680030137619, "tick_direction": 0, "price": 0.09, "mark_price": 0.08842133, "iv": 85.16, "instrument_name": "BTC-31MAR23-25000-C", "index_price": 27361.43, "direction": "sell", "amount": 1.0}, {"trade_seq": 6913, "trade_id": "248638409", "timestamp": 1680030008367, "tick_direction": 1, "price": 0.089, "mark_price": 0.08877795, "iv": 72.9, "instrument_name": "BTC-31MAR23-25000-C", "index_price": 27377.89, "direction": "buy", "amount": 10.4}, {"trade_seq": 6912, "trade_id": "248638408", "timestamp": 1680030008350, "tick_direction": 1, "price": 0.089, "mark_price": 0.08877795, "iv": 72.9, "instrument_name": "BTC-31MAR23-25000-C", "index_price": 27377.89, "direction": "buy", "amount": 0.6}, {"trade_seq": 6911, "trade_id": "248638406", "timestamp": 1680030008313, "tick_direction": 1, "price": 0.089, "mark_price": 0.08877795, "iv": 72.9, "instrument_name": "BTC-31MAR23-25000-C", "index_price": 27377.89, "direction": "buy", "amount": 0.2}, {"trade_seq": 6910, "trade_id": "248638405", "timestamp": 1680030008309, "tick_direction": 1, "price": 0.089, "mark_price": 0.08877795, "iv": 72.9, "instrument_name": "BTC-31MAR23-25000-C", "index_price": 27377.89, "direction": "buy", "amount": 0.4}, {"trade_seq": 6909, "trade_id": "248638402", "timestamp": 1680030008303, "tick_direction": 1, "price": 0.089, "mark_price": 0.08877795, "iv": 72.9, "instrument_name": "BTC-31MAR23-25000-C", "index_price": 27377.89, "direction": "buy", "amount": 1.0}, {"trade_seq": 6908, "trade_id": "248638397", "timestamp": 1680030008289, "tick_direction": 1, "price": 0.089, "mark_price": 0.08877795, "iv": 72.9, "instrument_name": "BTC-31MAR23-25000-C", "index_price": 27377.89, "direction": "buy", "amount": 7.3}, {"trade_seq": 6907, "trade_id": "248638389", "timestamp": 1680030006028, "tick_direction": 0, "price": 0.089, "mark_price": 0.08850171, "iv": 74.56, "instrument_name": "BTC-31MAR23-25000-C", "index_price": 27372.68, "direction": "buy", "amount": 5.1}, {"trade_seq": 6906, "trade_id": "248637521", "timestamp": 1680029856230, "tick_direction": 0, "price": 0.0835, "mark_price": 0.08920999, "iv": 0.0, "instrument_name": "BTC-31MAR23-25000-C", "index_price": 27384.78, "direction": "buy", "amount": 0.1}, {"trade_seq": 6905, "trade_id": "248608224", "timestamp": 1680011453563, "tick_direction": 0, "price": 0.0785, "mark_price": 0.07712153, "iv": 78.92, "instrument_name": "BTC-31MAR23-25000-C", "index_price": 27006.74, "direction": "buy", "amount": 0.1}, {"trade_seq": 6904, "trade_id": "248603943", "timestamp": 1680008740021, "tick_direction": 2, "price": 0.076, "mark_price": 0.07657837, "iv": 65.81, "instrument_name": "BTC-31MAR23-25000-C", "index_price": 26991.65, "direction": "buy", "amount": 1.0}, {"trade_seq": 6903, "trade_id": "248597656", "timestamp": 1680005202001, "tick_direction": 0, "price": 0.082, "mark_price": 0.08119557, "iv": 76.54, "instrument_name": "BTC-31MAR23-25000-C", "index_price": 27144.9, "direction": "sell", "amount": 1.0}, {"trade_seq": 6902, "trade_id": "248597517", "timestamp": 1680005126699, "tick_direction": 2, "price": 0.0815, "mark_price": 0.08126214, "iv": 72.91, "instrument_name": "BTC-31MAR23-25000-C", "index_price": 27147.4, "direction": "sell", "amount": 1.0}, {"trade_seq": 6901, "trade_id": "248597509", "timestamp": 1680005118755, "tick_direction": 3, "price": 0.082, "mark_price": 0.08148501, "iv": 74.76, "instrument_name": "BTC-31MAR23-25000-C", "index_price": 27153.68, "direction": "sell", "amount": 1.0}, {"trade_seq": 6900, "trade_id": "248597102", "timestamp": 1680005021171, "tick_direction": 2, "price": 0.082, "mark_price": 0.08179378, "iv": 72.15, "instrument_name": "BTC-31MAR23-25000-C", "index_price": 27163.98, "direction": "sell", "amount": 1.0}, {"trade_seq": 6899, "trade_id": "248597082", "timestamp": 1680005013428, "tick_direction": 0, "price": 0.0825, "mark_price": 0.081932, "iv": 74.52, "instrument_name": "BTC-31MAR23-25000-C", "index_price": 27168.82, "direction": "sell", "amount": 1.0}, {"trade_seq": 6898, "trade_id": "248590167", "timestamp": 1680002613250, "tick_direction": 1, "price": 0.075, "mark_price": 0.07451005, "iv": 69.14, "instrument_name": "BTC-31MAR23-25000-C", "index_price": 26949.79, "direction": "buy", "amount": 5.2}, {"trade_seq": 6897, "trade_id": "248590146", "timestamp": 1680002612932, "tick_direction": 1, "price": 0.075, "mark_price": 0.07451005, "iv": 70.9, "instrument_name": "BTC-31MAR23-25000-C", "index_price": 26940.17, "direction": "buy", "amount": 2.5}, {"trade_seq": 6896, "trade_id": "248590118", "timestamp": 1680002612670, "tick_direction": 1, "price": 0.075, "mark_price": 0.07451005, "iv": 70.9, "instrument_name": "BTC-31MAR23-25000-C", "index_price": 26940.17, "direction": "buy", "amount": 0.1}, {"trade_seq": 6895, "trade_id": "248590114", "timestamp": 1680002612666, "tick_direction": 1, "price": 0.075, "mark_price": 0.07451005, "iv": 70.9, "instrument_name": "BTC-31MAR23-25000-C", "index_price": 26940.17, "direction": "buy", "amount": 0.1}, {"trade_seq": 6894, "trade_id": "248590110", "timestamp": 1680002612660, "tick_direction": 1, "price": 0.075, "mark_price": 0.07451005, "iv": 70.9, "instrument_name": "BTC-31MAR23-25000-C", "index_price": 26940.17, "direction": "buy", "amount": 0.9}, {"trade_seq": 6893, "trade_id": "248590074", "timestamp": 1680002599001, "tick_direction": 1, "price": 0.075, "mark_price": 0.07433826, "iv": 71.89, "instrument_name": "BTC-31MAR23-25000-C", "index_price": 26934.64, "direction": "buy", "amount": 0.2}, {"trade_seq": 6892, "trade_id": "248590073", "timestamp": 1680002598997, "tick_direction": 0, "price": 0.075, "mark_price": 0.07433826, "iv": 71.89, "instrument_name": "BTC-31MAR23-25000-C", "index_price": 26934.64, "direction": "buy", "amount": 1.0}, {"trade_seq": 6891, "trade_id": "248589690", "timestamp": 1680002474121, "tick_direction": 1, "price": 0.074, "mark_price": 0.07352256, "iv": 70.11, "instrument_name": "BTC-31MAR23-25000-C", "index_price": 26907.25, "direction": "buy", "amount": 2.7}, {"trade_seq": 6890, "trade_id": "248589675", "timestamp": 1680002473851, "tick_direction": 1, "price": 0.074, "mark_price": 0.07352256, "iv": 70.11, "instrument_name": "BTC-31MAR23-25000-C", "index_price": 26907.25, "direction": "buy", "amount": 1.0}, {"trade_seq": 6889, "trade_id": "248589669", "timestamp": 1680002473827, "tick_direction": 1, "price": 0.074, "mark_price": 0.07352256, "iv": 70.11, "instrument_name": "BTC-31MAR23-25000-C", "index_price": 26907.25, "direction": "buy", "amount": 0.9}, {"trade_seq": 6888, "trade_id": "248589661", "timestamp": 1680002473544, "tick_direction": 1, "price": 0.074, "mark_price": 0.07352256, "iv": 70.11, "instrument_name": "BTC-31MAR23-25000-C", "index_price": 26907.25, "direction": "buy", "amount": 2.8}, {"trade_seq": 6887, "trade_id": "248589651", "timestamp": 1680002471582, "tick_direction": 1, "price": 0.074, "mark_price": 0.07337928, "iv": 70.85, "instrument_name": "BTC-31MAR23-25000-C", "index_price": 26903.18, "direction": "buy", "amount": 1.1}, {"trade_seq": 6886, "trade_id": "248589650", "timestamp": 1680002471517, "tick_direction": 1, "price": 0.074, "mark_price": 0.07337928, "iv": 70.85, "instrument_name": "BTC-31MAR23-25000-C", "index_price": 26903.18, "direction": "buy", "amount": 0.6}, {"trade_seq": 6885, "trade_id": "248589649", "timestamp": 1680002471512, "tick_direction": 0, "price": 0.074, "mark_price": 0.07337928, "iv": 70.85, "instrument_name": "BTC-31MAR23-25000-C", "index_price": 26903.18, "direction": "buy", "amount": 0.9}, {"trade_seq": 6884, "trade_id": "248582678", "timestamp": 1679999603284, "tick_direction": 2, "price": 0.068, "mark_price": 0.06817419, "iv": 66.68, "instrument_name": "BTC-31MAR23-25000-C", "index_price": 26735.14, "direction": "sell", "amount": 19.0}, {"trade_seq": 6883, "trade_id": "248487108", "timestamp": 1679933789884, "tick_direction": 1, "price": 0.0875, "mark_price": 0.08551296, "iv": 82.9, "instrument_name": "BTC-31MAR23-25000-C", "index_price": 27208.44, "direction": "buy", "amount": 4.3}, {"trade_seq": 6882, "trade_id": "248487107", "timestamp": 1679933789884, "tick_direction": 0, "price": 0.0875, "mark_price": 0.08551296, "iv": 82.9, "instrument_name": "BTC-31MAR23-25000-C", "index_price": 27208.44, "direction": "buy", "amount": 3.5}, {"trade_seq": 6881, "trade_id": "248487106", "timestamp": 1679933789884, "tick_direction": 0, "price": 0.087, "mark_price": 0.08551296, "iv": 80.67, "instrument_name": "BTC-31MAR23-25000-C", "index_price": 27208.44, "direction": "buy", "amount": 3.5}, {"trade_seq": 6880, "trade_id": "248486824", "timestamp": 1679933756797, "tick_direction": 0, "price": 0.086, "mark_price": 0.08576442, "iv": 75.45, "instrument_name": "BTC-31MAR23-25000-C", "index_price": 27215.2, "direction": "buy", "amount": 20.0}, {"trade_seq": 6879, "trade_id": "248480374", "timestamp": 1679932701436, "tick_direction": 0, "price": 0.077, "mark_price": 0.07695615, "iv": 74.11, "instrument_name": "BTC-31MAR23-25000-C", "index_price": 26905.37, "direction": "sell", "amount": 10.0}, {"trade_seq": 6878, "trade_id": "248477531", "timestamp": 1679931971565, "tick_direction": 3, "price": 0.0765, "mark_price": 0.07627807, "iv": 74.08, "instrument_name": "BTC-31MAR23-25000-C", "index_price": 26905.39, "direction": "sell", "amount": 5.0}, {"trade_seq": 6877, "trade_id": "248477527", "timestamp": 1679931970203, "tick_direction": 2, "price": 0.0765, "mark_price": 0.07626922, "iv": 74.12, "instrument_name": "BTC-31MAR23-25000-C", "index_price": 26905.34, "direction": "sell", "amount": 5.0}, {"trade_seq": 6876, "trade_id": "248474529", "timestamp": 1679931345579, "tick_direction": 3, "price": 0.078, "mark_price": 0.07788465, "iv": 74.8, "instrument_name": "BTC-31MAR23-25000-C", "index_price": 26950.42, "direction": "sell", "amount": 10.0}, {"trade_seq": 6875, "trade_id": "248474275", "timestamp": 1679931288585, "tick_direction": 2, "price": 0.078, "mark_price": 0.0777017, "iv": 74.97, "instrument_name": "BTC-31MAR23-25000-C", "index_price": 26946.08, "direction": "sell", "amount": 10.0}, {"trade_seq": 6874, "trade_id": "248473524", "timestamp": 1679931153640, "tick_direction": 3, "price": 0.0785, "mark_price": 0.07684302, "iv": 80.57, "instrument_name": "BTC-31MAR23-25000-C", "index_price": 26927.22, "direction": "buy", "amount": 6.0}, {"trade_seq": 6873, "trade_id": "248473523", "timestamp": 1679931153640, "tick_direction": 2, "price": 0.0785, "mark_price": 0.07684302, "iv": 80.57, "instrument_name": "BTC-31MAR23-25000-C", "index_price": 26927.22, "direction": "buy", "amount": 17.0}, {"trade_seq": 6872, "trade_id": "248473134", "timestamp": 1679931097958, "tick_direction": 0, "price": 0.079, "mark_price": 0.07709712, "iv": 81.66, "instrument_name": "BTC-31MAR23-25000-C", "index_price": 26936.78, "direction": "buy", "amount": 5.7}, {"trade_seq": 6871, "trade_id": "248470533", "timestamp": 1679930726900, "tick_direction": 3, "price": 0.0755, "mark_price": 0.07491092, "iv": 76.32, "instrument_name": "BTC-31MAR23-25000-C", "index_price": 26857.83, "direction": "sell", "amount": 8.8}, {"trade_seq": 6870, "trade_id": "248470529", "timestamp": 1679930726854, "tick_direction": 3, "price": 0.0755, "mark_price": 0.07491092, "iv": 76.32, "instrument_name": "BTC-31MAR23-25000-C", "index_price": 26857.83, "direction": "sell", "amount": 0.1}, {"trade_seq": 6869, "trade_id": "248470528", "timestamp": 1679930726852, "tick_direction": 3, "price": 0.0755, "mark_price": 0.07491092, "iv": 76.32, "instrument_name": "BTC-31MAR23-25000-C", "index_price": 26857.83, "direction": "sell", "amount": 0.1}, {"trade_seq": 6868, "trade_id": "248470527", "timestamp": 1679930726850, "tick_direction": 2, "price": 0.0755, "mark_price": 0.07491092, "iv": 76.32, "instrument_name": "BTC-31MAR23-25000-C", "index_price": 26857.83, "direction": "sell", "amount": 1.0}, {"trade_seq": 6867, "trade_id": "248469485", "timestamp": 1679930633953, "tick_direction": 3, "price": 0.0765, "mark_price": 0.0761714, "iv": 74.77, "instrument_name": "BTC-31MAR23-25000-C", "index_price": 26895.26, "direction": "sell", "amount": 10.0}, {"trade_seq": 6866, "trade_id": "248469239", "timestamp": 1679930594552, "tick_direction": 2, "price": 0.0765, "mark_price": 0.07616161, "iv": 74.94, "instrument_name": "BTC-31MAR23-25000-C", "index_price": 26894.2, "direction": "sell", "amount": 10.0}, {"trade_seq": 6865, "trade_id": "248434367", "timestamp": 1679926996171, "tick_direction": 3, "price": 0.0905, "mark_price": 0.09047486, "iv": 73.05, "instrument_name": "BTC-31MAR23-25000-C", "index_price": 27374.47, "direction": "sell", "amount": 0.2}, {"trade_seq": 6864, "trade_id": "248434334", "timestamp": 1679926993376, "tick_direction": 2, "price": 0.0905, "mark_price": 0.09071745, "iv": 71.81, "instrument_name": "BTC-31MAR23-25000-C", "index_price": 27375.88, "direction": "sell", "amount": 0.3}, {"trade_seq": 6863, "trade_id": "248392965", "timestamp": 1679909329727, "tick_direction": 2, "price": 0.112, "mark_price": 0.10829221, "iv": 96.87, "instrument_name": "BTC-31MAR23-25000-C", "index_price": 27942.07, "direction": "buy", "amount": 0.1}, {"trade_seq": 6862, "trade_id": "248330888", "timestamp": 1679872797499, "tick_direction": 0, "price": 0.1145, "mark_price": 0.11433945, "iv": 76.88, "instrument_name": "BTC-31MAR23-25000-C", "index_price": 28113.3, "direction": "buy", "amount": 1.0}, {"trade_seq": 6861, "trade_id": "248248359", "timestamp": 1679831906727, "tick_direction": 0, "price": 0.105, "mark_price": 0.10393506, "iv": 71.58, "instrument_name": "BTC-31MAR23-25000-C", "index_price": 27804.32, "direction": "buy", "amount": 1.0}, {"trade_seq": 6860, "trade_id": "248218266", "timestamp": 1679792406244, "tick_direction": 2, "price": 0.098, "mark_price": 0.09719637, "iv": 69.26, "instrument_name": "BTC-31MAR23-25000-C", "index_price": 27564.98, "direction": "sell", "amount": 3.0}, {"trade_seq": 6859, "trade_id": "248218098", "timestamp": 1679792262200, "tick_direction": 1, "price": 0.0985, "mark_price": 0.09822942, "iv": 67.16, "instrument_name": "BTC-31MAR23-25000-C", "index_price": 27595.1, "direction": "sell", "amount": 0.6}, {"trade_seq": 6858, "trade_id": "248218088", "timestamp": 1679792260135, "tick_direction": 1, "price": 0.0985, "mark_price": 0.09833907, "iv": 66.58, "instrument_name": "BTC-31MAR23-25000-C", "index_price": 27599.28, "direction": "sell", "amount": 0.2}, {"trade_seq": 6857, "trade_id": "248218087", "timestamp": 1679792260132, "tick_direction": 1, "price": 0.0985, "mark_price": 0.09833907, "iv": 66.58, "instrument_name": "BTC-31MAR23-25000-C", "index_price": 27599.28, "direction": "sell", "amount": 0.3}, {"trade_seq": 6856, "trade_id": "248218086", "timestamp": 1679792260119, "tick_direction": 0, "price": 0.0985, "mark_price": 0.09833907, "iv": 66.58, "instrument_name": "BTC-31MAR23-25000-C", "index_price": 27599.28, "direction": "sell", "amount": 0.9}, {"trade_seq": 6855, "trade_id": "248203074", "timestamp": 1679776070525, "tick_direction": 3, "price": 0.0905, "mark_price": 0.09074371, "iv": 62.27, "instrument_name": "BTC-31MAR23-25000-C", "index_price": 27356.96, "direction": "buy", "amount": 1.0}, {"trade_seq": 6854, "trade_id": "248203073", "timestamp": 1679776068218, "tick_direction": 2, "price": 0.0905, "mark_price": 0.09074267, "iv": 62.27, "instrument_name": "BTC-31MAR23-25000-C", "index_price": 27356.99, "direction": "buy", "amount": 1.0}, {"trade_seq": 6853, "trade_id": "248140999", "timestamp": 1679731293848, "tick_direction": 2, "price": 0.097, "mark_price": 0.09704339, "iv": 63.92, "instrument_name": "BTC-31MAR23-25000-C", "index_price": 27527.23, "direction": "sell", "amount": 0.1}, {"trade_seq": 6852, "trade_id": "248083750", "timestamp": 1679690625840, "tick_direction": 2, "price": 0.1, "mark_price": 0.10008965, "iv": 67.74, "instrument_name": "BTC-31MAR23-25000-C", "index_price": 27575.06, "direction": "buy", "amount": 1.0}, {"trade_seq": 6851, "trade_id": "248079804", "timestamp": 1679689133905, "tick_direction": 1, "price": 0.106, "mark_price": 0.10733979, "iv": 62.61, "instrument_name": "BTC-31MAR23-25000-C", "index_price": 27827.59, "direction": "buy", "amount": 1.0}, {"trade_seq": 6850, "trade_id": "248079316", "timestamp": 1679688750852, "tick_direction": 0, "price": 0.106, "mark_price": 0.10682956, "iv": 65.03, "instrument_name": "BTC-31MAR23-25000-C", "index_price": 27820.35, "direction": "buy", "amount": 1.0}, {"trade_seq": 6849, "trade_id": "248079068", "timestamp": 1679688551829, "tick_direction": 2, "price": 0.1055, "mark_price": 0.10645965, "iv": 65.04, "instrument_name": "BTC-31MAR23-25000-C", "index_price": 27804.15, "direction": "buy", "amount": 1.0}, {"trade_seq": 6848, "trade_id": "248079062", "timestamp": 1679688545506, "tick_direction": 2, "price": 0.106, "mark_price": 0.10652503, "iv": 66.66, "instrument_name": "BTC-31MAR23-25000-C", "index_price": 27809.11, "direction": "buy", "amount": 1.0}, {"trade_seq": 6847, "trade_id": "248021564", "timestamp": 1679667892102, "tick_direction": 2, "price": 0.11, "mark_price": 0.11541274, "iv": 41.23, "instrument_name": "BTC-31MAR23-25000-C", "index_price": 28055.19, "direction": "buy", "amount": 0.2}, {"trade_seq": 6846, "trade_id": "248017578", "timestamp": 1679667273864, "tick_direction": 0, "price": 0.1205, "mark_price": 0.11992683, "iv": 76.57, "instrument_name": "BTC-31MAR23-25000-C", "index_price": 28214.03, "direction": "buy", "amount": 1.0}, {"trade_seq": 6845, "trade_id": "247980164", "timestamp": 1679658443293, "tick_direction": 2, "price": 0.109, "mark_price": 0.10578184, "iv": 80.33, "instrument_name": "BTC-31MAR23-25000-C", "index_price": 27749.53, "direction": "buy", "amount": 0.1}, {"trade_seq": 6844, "trade_id": "247956344", "timestamp": 1679647484960, "tick_direction": 2, "price": 0.1145, "mark_price": 0.11494326, "iv": 65.0, "instrument_name": "BTC-31MAR23-25000-C", "index_price": 28080.72, "direction": "buy", "amount": 0.1}, {"trade_seq": 6843, "trade_id": "247943644", "timestamp": 1679645038724, "tick_direction": 2, "price": 0.122, "mark_price": 0.12198704, "iv": 66.85, "instrument_name": "BTC-31MAR23-25000-C", "index_price": 28325.29, "direction": "buy", "amount": 1.0}, {"trade_seq": 6842, "trade_id": "247940351", "timestamp": 1679644530367, "tick_direction": 1, "price": 0.123, "mark_price": 0.12327873, "iv": 67.54, "instrument_name": "BTC-31MAR23-25000-C", "index_price": 28356.79, "direction": "buy", "amount": 1.0}, {"trade_seq": 6841, "trade_id": "247939941", "timestamp": 1679644409376, "tick_direction": 0, "price": 0.123, "mark_price": 0.12314395, "iv": 68.27, "instrument_name": "BTC-31MAR23-25000-C", "index_price": 28356.7, "direction": "buy", "amount": 1.0}, {"trade_seq": 6840, "trade_id": "247939832", "timestamp": 1679644396338, "tick_direction": 2, "price": 0.1225, "mark_price": 0.1228762, "iv": 67.17, "instrument_name": "BTC-31MAR23-25000-C", "index_price": 28346.03, "direction": "buy", "amount": 1.0}, {"trade_seq": 6839, "trade_id": "247938141", "timestamp": 1679644169338, "tick_direction": 0, "price": 0.123, "mark_price": 0.12307228, "iv": 68.88, "instrument_name": "BTC-31MAR23-25000-C", "index_price": 28350.87, "direction": "buy", "amount": 1.0}, {"trade_seq": 6838, "trade_id": "247936719", "timestamp": 1679644014119, "tick_direction": 0, "price": 0.1225, "mark_price": 0.12254695, "iv": 68.77, "instrument_name": "BTC-31MAR23-25000-C", "index_price": 28334.69, "direction": "buy", "amount": 1.0}, {"trade_seq": 6837, "trade_id": "247935450", "timestamp": 1679643754023, "tick_direction": 0, "price": 0.122, "mark_price": 0.12210248, "iv": 68.35, "instrument_name": "BTC-31MAR23-25000-C", "index_price": 28313.64, "direction": "buy", "amount": 1.0}, {"trade_seq": 6836, "trade_id": "247933499", "timestamp": 1679643399489, "tick_direction": 0, "price": 0.121, "mark_price": 0.12116859, "iv": 68.02, "instrument_name": "BTC-31MAR23-25000-C", "index_price": 28292.76, "direction": "buy", "amount": 1.0}, {"trade_seq": 6835, "trade_id": "247932957", "timestamp": 1679643269578, "tick_direction": 0, "price": 0.1205, "mark_price": 0.12072091, "iv": 67.93, "instrument_name": "BTC-31MAR23-25000-C", "index_price": 28277.07, "direction": "buy", "amount": 1.0}, {"trade_seq": 6834, "trade_id": "247931777", "timestamp": 1679642974071, "tick_direction": 2, "price": 0.1185, "mark_price": 0.11876486, "iv": 68.02, "instrument_name": "BTC-31MAR23-25000-C", "index_price": 28207.28, "direction": "buy", "amount": 1.0}, {"trade_seq": 6833, "trade_id": "247918211", "timestamp": 1679633258671, "tick_direction": 2, "price": 0.1195, "mark_price": 0.11952614, "iv": 70.28, "instrument_name": "BTC-31MAR23-25000-C", "index_price": 28210.33, "direction": "buy", "amount": 0.1}, {"trade_seq": 6832, "trade_id": "247900554", "timestamp": 1679617006409, "tick_direction": 2, "price": 0.1235, "mark_price": 0.12436135, "iv": 68.88, "instrument_name": "BTC-31MAR23-25000-C", "index_price": 28363.56, "direction": "buy", "amount": 0.1}, {"trade_seq": 6831, "trade_id": "247893452", "timestamp": 1679613054921, "tick_direction": 0, "price": 0.124, "mark_price": 0.12514925, "iv": 68.37, "instrument_name": "BTC-31MAR23-25000-C", "index_price": 28380.99, "direction": "buy", "amount": 0.1}, {"trade_seq": 6830, "trade_id": "247893422", "timestamp": 1679613042580, "tick_direction": 0, "price": 0.1225, "mark_price": 0.12484751, "iv": 61.78, "instrument_name": "BTC-31MAR23-25000-C", "index_price": 28376.79, "direction": "sell", "amount": 0.6}, {"trade_seq": 6829, "trade_id": "247893123", "timestamp": 1679612896120, "tick_direction": 0, "price": 0.121, "mark_price": 0.12366156, "iv": 61.15, "instrument_name": "BTC-31MAR23-25000-C", "index_price": 28326.62, "direction": "sell", "amount": 0.1}, {"trade_seq": 6828, "trade_id": "247893087", "timestamp": 1679612815426, "tick_direction": 2, "price": 0.117, "mark_price": 0.12364135, "iv": 0.0, "instrument_name": "BTC-31MAR23-25000-C", "index_price": 28325.41, "direction": "sell", "amount": 1.5}, {"trade_seq": 6827, "trade_id": "247890942", "timestamp": 1679611618481, "tick_direction": 0, "price": 0.121, "mark_price": 0.12166416, "iv": 69.42, "instrument_name": "BTC-31MAR23-25000-C", "index_price": 28264.78, "direction": "buy", "amount": 0.7}, {"trade_seq": 6826, "trade_id": "247888840", "timestamp": 1679610226493, "tick_direction": 0, "price": 0.12, "mark_price": 0.12097549, "iv": 67.86, "instrument_name": "BTC-31MAR23-25000-C", "index_price": 28248.62, "direction": "buy", "amount": 0.4}, {"trade_seq": 6825, "trade_id": "247887559", "timestamp": 1679609413433, "tick_direction": 2, "price": 0.118, "mark_price": 0.11993583, "iv": 63.38, "instrument_name": "BTC-31MAR23-25000-C", "index_price": 28207.23, "direction": "sell", "amount": 0.1}, {"trade_seq": 6824, "trade_id": "247887453", "timestamp": 1679609316078, "tick_direction": 0, "price": 0.1195, "mark_price": 0.11893141, "iv": 72.92, "instrument_name": "BTC-31MAR23-25000-C", "index_price": 28179.42, "direction": "sell", "amount": 0.1}, {"trade_seq": 6823, "trade_id": "247887389", "timestamp": 1679609290151, "tick_direction": 2, "price": 0.1175, "mark_price": 0.11869086, "iv": 66.82, "instrument_name": "BTC-31MAR23-25000-C", "index_price": 28170.15, "direction": "sell", "amount": 1.5}, {"trade_seq": 6822, "trade_id": "247887012", "timestamp": 1679609087998, "tick_direction": 2, "price": 0.12, "mark_price": 0.11935868, "iv": 74.0, "instrument_name": "BTC-31MAR23-25000-C", "index_price": 28188.37, "direction": "sell", "amount": 0.1}, {"trade_seq": 6821, "trade_id": "247886159", "timestamp": 1679608776756, "tick_direction": 0, "price": 0.1205, "mark_price": 0.1201843, "iv": 72.88, "instrument_name": "BTC-31MAR23-25000-C", "index_price": 28210.83, "direction": "sell", "amount": 0.1}, {"trade_seq": 6820, "trade_id": "247885919", "timestamp": 1679608663528, "tick_direction": 0, "price": 0.12, "mark_price": 0.11991917, "iv": 72.01, "instrument_name": "BTC-31MAR23-25000-C", "index_price": 28209.16, "direction": "sell", "amount": 0.1}, {"trade_seq": 6819, "trade_id": "247884252", "timestamp": 1679607772843, "tick_direction": 2, "price": 0.1195, "mark_price": 0.11869872, "iv": 73.99, "instrument_name": "BTC-31MAR23-25000-C", "index_price": 28168.13, "direction": "sell", "amount": 0.1}, {"trade_seq": 6818, "trade_id": "247882944", "timestamp": 1679607236012, "tick_direction": 2, "price": 0.12, "mark_price": 0.11862816, "iv": 76.21, "instrument_name": "BTC-31MAR23-25000-C", "index_price": 28170.01, "direction": "sell", "amount": 0.1}, {"trade_seq": 6817, "trade_id": "247876630", "timestamp": 1679604698501, "tick_direction": 0, "price": 0.1215, "mark_price": 0.120826, "iv": 74.44, "instrument_name": "BTC-31MAR23-25000-C", "index_price": 28240.61, "direction": "sell", "amount": 0.1}, {"trade_seq": 6816, "trade_id": "247876369", "timestamp": 1679604442740, "tick_direction": 2, "price": 0.121, "mark_price": 0.12099435, "iv": 72.71, "instrument_name": "BTC-31MAR23-25000-C", "index_price": 28243.12, "direction": "sell", "amount": 0.1}, {"trade_seq": 6815, "trade_id": "247875827", "timestamp": 1679604062391, "tick_direction": 2, "price": 0.1235, "mark_price": 0.1223101, "iv": 76.84, "instrument_name": "BTC-31MAR23-25000-C", "index_price": 28293.35, "direction": "sell", "amount": 0.1}, {"trade_seq": 6814, "trade_id": "247867796", "timestamp": 1679601766915, "tick_direction": 3, "price": 0.1255, "mark_price": 0.12388711, "iv": 79.67, "instrument_name": "BTC-31MAR23-25000-C", "index_price": 28334.79, "direction": "buy", "amount": 0.1}, {"trade_seq": 6813, "trade_id": "247867745", "timestamp": 1679601750243, "tick_direction": 3, "price": 0.1255, "mark_price": 0.12352403, "iv": 80.28, "instrument_name": "BTC-31MAR23-25000-C", "index_price": 28330.58, "direction": "buy", "amount": 0.1}, {"trade_seq": 6812, "trade_id": "247867514", "timestamp": 1679601731358, "tick_direction": 3, "price": 0.1255, "mark_price": 0.12411423, "iv": 78.3, "instrument_name": "BTC-31MAR23-25000-C", "index_price": 28349.72, "direction": "buy", "amount": 0.1}, {"trade_seq": 6811, "trade_id": "247867455", "timestamp": 1679601702893, "tick_direction": 2, "price": 0.1255, "mark_price": 0.12380662, "iv": 78.7, "instrument_name": "BTC-31MAR23-25000-C", "index_price": 28344.77, "direction": "buy", "amount": 0.1}, {"trade_seq": 6810, "trade_id": "247866324", "timestamp": 1679601528036, "tick_direction": 2, "price": 0.1275, "mark_price": 0.1254198, "iv": 80.81, "instrument_name": "BTC-31MAR23-25000-C", "index_price": 28398.88, "direction": "buy", "amount": 0.1}, {"trade_seq": 6809, "trade_id": "247865340", "timestamp": 1679601334816, "tick_direction": 0, "price": 0.129, "mark_price": 0.12754862, "iv": 79.25, "instrument_name": "BTC-31MAR23-25000-C", "index_price": 28470.22, "direction": "buy", "amount": 0.1}, {"trade_seq": 6808, "trade_id": "247857013", "timestamp": 1679600213925, "tick_direction": 0, "price": 0.1165, "mark_price": 0.11522758, "iv": 75.63, "instrument_name": "BTC-31MAR23-25000-C", "index_price": 28048.12, "direction": "buy", "amount": 1.0}, {"trade_seq": 6807, "trade_id": "247853116", "timestamp": 1679599352281, "tick_direction": 2, "price": 0.111, "mark_price": 0.10925175, "iv": 76.19, "instrument_name": "BTC-31MAR23-25000-C", "index_price": 27844.64, "direction": "buy", "amount": 0.1}, {"trade_seq": 6806, "trade_id": "247852882", "timestamp": 1679599332769, "tick_direction": 2, "price": 0.112, "mark_price": 0.11003005, "iv": 76.91, "instrument_name": "BTC-31MAR23-25000-C", "index_price": 27869.49, "direction": "buy", "amount": 0.1}, {"trade_seq": 6805, "trade_id": "247852615", "timestamp": 1679599312084, "tick_direction": 3, "price": 0.1125, "mark_price": 0.11017278, "iv": 77.96, "instrument_name": "BTC-31MAR23-25000-C", "index_price": 27877.5, "direction": "buy", "amount": 0.1}, {"trade_seq": 6804, "trade_id": "247852143", "timestamp": 1679599241780, "tick_direction": 2, "price": 0.1125, "mark_price": 0.11189618, "iv": 72.74, "instrument_name": "BTC-31MAR23-25000-C", "index_price": 27940.33, "direction": "sell", "amount": 0.1}, {"trade_seq": 6803, "trade_id": "247851922", "timestamp": 1679599196547, "tick_direction": 0, "price": 0.113, "mark_price": 0.11229369, "iv": 73.1, "instrument_name": "BTC-31MAR23-25000-C", "index_price": 27960.21, "direction": "sell", "amount": 0.1}, {"trade_seq": 6802, "trade_id": "247846679", "timestamp": 1679598350184, "tick_direction": 2, "price": 0.1115, "mark_price": 0.10931785, "iv": 77.99, "instrument_name": "BTC-31MAR23-25000-C", "index_price": 27843.96, "direction": "buy", "amount": 0.1}, {"trade_seq": 6801, "trade_id": "247842168", "timestamp": 1679597939931, "tick_direction": 2, "price": 0.1125, "mark_price": 0.11227437, "iv": 70.88, "instrument_name": "BTC-31MAR23-25000-C", "index_price": 27949.37, "direction": "buy", "amount": 0.1}, {"trade_seq": 6800, "trade_id": "247832329", "timestamp": 1679596835196, "tick_direction": 2, "price": 0.121, "mark_price": 0.12110517, "iv": 71.05, "instrument_name": "BTC-31MAR23-25000-C", "index_price": 28255.76, "direction": "sell", "amount": 0.1}, {"trade_seq": 6799, "trade_id": "247827158", "timestamp": 1679595740877, "tick_direction": 2, "price": 0.1245, "mark_price": 0.12324215, "iv": 76.11, "instrument_name": "BTC-31MAR23-25000-C", "index_price": 28326.7, "direction": "buy", "amount": 0.1}, {"trade_seq": 6798, "trade_id": "247827035", "timestamp": 1679595708126, "tick_direction": 0, "price": 0.1255, "mark_price": 0.12278307, "iv": 81.06, "instrument_name": "BTC-31MAR23-25000-C", "index_price": 28311.01, "direction": "sell", "amount": 0.1}, {"trade_seq": 6797, "trade_id": "247826673", "timestamp": 1679595618110, "tick_direction": 2, "price": 0.125, "mark_price": 0.12458034, "iv": 73.1, "instrument_name": "BTC-31MAR23-25000-C", "index_price": 28369.66, "direction": "sell", "amount": 0.1}, {"trade_seq": 6796, "trade_id": "247826574", "timestamp": 1679595568125, "tick_direction": 2, "price": 0.1255, "mark_price": 0.12501611, "iv": 73.38, "instrument_name": "BTC-31MAR23-25000-C", "index_price": 28381.48, "direction": "sell", "amount": 0.1}, {"trade_seq": 6795, "trade_id": "247826519", "timestamp": 1679595551399, "tick_direction": 0, "price": 0.126, "mark_price": 0.12523328, "iv": 74.47, "instrument_name": "BTC-31MAR23-25000-C", "index_price": 28390.05, "direction": "sell", "amount": 0.1}, {"trade_seq": 6794, "trade_id": "247820898", "timestamp": 1679594137339, "tick_direction": 2, "price": 0.1225, "mark_price": 0.12234258, "iv": 70.94, "instrument_name": "BTC-31MAR23-25000-C", "index_price": 28314.7, "direction": "sell", "amount": 0.1}, {"trade_seq": 6793, "trade_id": "247818899", "timestamp": 1679593509776, "tick_direction": 2, "price": 0.1235, "mark_price": 0.12338103, "iv": 70.95, "instrument_name": "BTC-31MAR23-25000-C", "index_price": 28349.87, "direction": "sell", "amount": 0.1}, {"trade_seq": 6792, "trade_id": "247818761", "timestamp": 1679593446477, "tick_direction": 2, "price": 0.124, "mark_price": 0.12327168, "iv": 73.27, "instrument_name": "BTC-31MAR23-25000-C", "index_price": 28346.99, "direction": "sell", "amount": 0.1}, {"trade_seq": 6791, "trade_id": "247818712", "timestamp": 1679593425835, "tick_direction": 0, "price": 0.125, "mark_price": 0.12362047, "iv": 75.58, "instrument_name": "BTC-31MAR23-25000-C", "index_price": 28362.38, "direction": "buy", "amount": 0.1}, {"trade_seq": 6790, "trade_id": "247818377", "timestamp": 1679593378325, "tick_direction": 0, "price": 0.123, "mark_price": 0.12196753, "iv": 71.28, "instrument_name": "BTC-31MAR23-25000-C", "index_price": 28334.22, "direction": "buy", "amount": 0.1}, {"trade_seq": 6789, "trade_id": "247817839", "timestamp": 1679593324705, "tick_direction": 0, "price": 0.122, "mark_price": 0.1216123, "iv": 71.28, "instrument_name": "BTC-31MAR23-25000-C", "index_price": 28307.52, "direction": "buy", "amount": 0.1}, {"trade_seq": 6788, "trade_id": "247817584", "timestamp": 1679593266896, "tick_direction": 0, "price": 0.121, "mark_price": 0.12079771, "iv": 70.93, "instrument_name": "BTC-31MAR23-25000-C", "index_price": 28268.91, "direction": "buy", "amount": 0.1}, {"trade_seq": 6787, "trade_id": "247816387", "timestamp": 1679593025122, "tick_direction": 0, "price": 0.1205, "mark_price": 0.12033461, "iv": 70.12, "instrument_name": "BTC-31MAR23-25000-C", "index_price": 28254.83, "direction": "buy", "amount": 0.1}, {"trade_seq": 6786, "trade_id": "247816090", "timestamp": 1679592979935, "tick_direction": 2, "price": 0.12, "mark_price": 0.11986274, "iv": 70.6, "instrument_name": "BTC-31MAR23-25000-C", "index_price": 28235.53, "direction": "sell", "amount": 0.1}, {"trade_seq": 6785, "trade_id": "247815649", "timestamp": 1679592884772, "tick_direction": 2, "price": 0.121, "mark_price": 0.1207466, "iv": 70.83, "instrument_name": "BTC-31MAR23-25000-C", "index_price": 28269.84, "direction": "sell", "amount": 0.1}, {"trade_seq": 6784, "trade_id": "247814834", "timestamp": 1679592755640, "tick_direction": 0, "price": 0.122, "mark_price": 0.12167497, "iv": 71.54, "instrument_name": "BTC-31MAR23-25000-C", "index_price": 28298.67, "direction": "sell", "amount": 0.1}, {"trade_seq": 6783, "trade_id": "247814339", "timestamp": 1679592633296, "tick_direction": 2, "price": 0.1215, "mark_price": 0.12157797, "iv": 69.63, "instrument_name": "BTC-31MAR23-25000-C", "index_price": 28295.5, "direction": "buy", "amount": 0.1}, {"trade_seq": 6782, "trade_id": "247810995", "timestamp": 1679592150609, "tick_direction": 2, "price": 0.1255, "mark_price": 0.12497174, "iv": 71.98, "instrument_name": "BTC-31MAR23-25000-C", "index_price": 28424.11, "direction": "buy", "amount": 0.1}, {"trade_seq": 6781, "trade_id": "247801480", "timestamp": 1679589430091, "tick_direction": 2, "price": 0.127, "mark_price": 0.12720172, "iv": 71.56, "instrument_name": "BTC-31MAR23-25000-C", "index_price": 28452.6, "direction": "buy", "amount": 1.0}, {"trade_seq": 6780, "trade_id": "247792826", "timestamp": 1679587689355, "tick_direction": 1, "price": 0.133, "mark_price": 0.13311784, "iv": 72.82, "instrument_name": "BTC-31MAR23-25000-C", "index_price": 28634.82, "direction": "sell", "amount": 0.1}, {"trade_seq": 6779, "trade_id": "247789380", "timestamp": 1679587162602, "tick_direction": 0, "price": 0.133, "mark_price": 0.13336343, "iv": 71.79, "instrument_name": "BTC-31MAR23-25000-C", "index_price": 28658.67, "direction": "buy", "amount": 0.1}, {"trade_seq": 6778, "trade_id": "247783114", "timestamp": 1679586133566, "tick_direction": 0, "price": 0.132, "mark_price": 0.13184629, "iv": 72.02, "instrument_name": "BTC-31MAR23-25000-C", "index_price": 28629.42, "direction": "buy", "amount": 0.1}, {"trade_seq": 6777, "trade_id": "247781894", "timestamp": 1679586067041, "tick_direction": 2, "price": 0.13, "mark_price": 0.13240618, "iv": 59.79, "instrument_name": "BTC-31MAR23-25000-C", "index_price": 28652.9, "direction": "buy", "amount": 0.1}, {"trade_seq": 6776, "trade_id": "247778219", "timestamp": 1679585762515, "tick_direction": 0, "price": 0.1345, "mark_price": 0.13391222, "iv": 73.41, "instrument_name": "BTC-31MAR23-25000-C", "index_price": 28714.49, "direction": "buy", "amount": 0.1}, {"trade_seq": 6775, "trade_id": "247769338", "timestamp": 1679584810174, "tick_direction": 1, "price": 0.133, "mark_price": 0.13111141, "iv": 77.56, "instrument_name": "BTC-31MAR23-25000-C", "index_price": 28626.1, "direction": "sell", "amount": 0.1}, {"trade_seq": 6774, "trade_id": "247767535", "timestamp": 1679584697091, "tick_direction": 0, "price": 0.133, "mark_price": 0.13315689, "iv": 69.95, "instrument_name": "BTC-31MAR23-25000-C", "index_price": 28692.21, "direction": "sell", "amount": 0.1}, {"trade_seq": 6773, "trade_id": "247759548", "timestamp": 1679584513322, "tick_direction": 0, "price": 0.1285, "mark_price": 0.12618899, "iv": 77.2, "instrument_name": "BTC-31MAR23-25000-C", "index_price": 28469.04, "direction": "sell", "amount": 0.1}, {"trade_seq": 6772, "trade_id": "247758069", "timestamp": 1679584378253, "tick_direction": 0, "price": 0.1275, "mark_price": 0.12437778, "iv": 80.16, "instrument_name": "BTC-31MAR23-25000-C", "index_price": 28388.92, "direction": "buy", "amount": 0.1}, {"trade_seq": 6771, "trade_id": "247755864", "timestamp": 1679584259850, "tick_direction": 2, "price": 0.1235, "mark_price": 0.12281456, "iv": 70.59, "instrument_name": "BTC-31MAR23-25000-C", "index_price": 28336.57, "direction": "sell", "amount": 0.1}, {"trade_seq": 6770, "trade_id": "247753913", "timestamp": 1679584106822, "tick_direction": 0, "price": 0.125, "mark_price": 0.12275441, "iv": 76.53, "instrument_name": "BTC-31MAR23-25000-C", "index_price": 28331.87, "direction": "buy", "amount": 0.1}, {"trade_seq": 6769, "trade_id": "247750601", "timestamp": 1679583970490, "tick_direction": 0, "price": 0.1195, "mark_price": 0.1199534, "iv": 64.48, "instrument_name": "BTC-31MAR23-25000-C", "index_price": 28254.82, "direction": "buy", "amount": 0.1}, {"trade_seq": 6768, "trade_id": "247748054", "timestamp": 1679583777292, "tick_direction": 0, "price": 0.1175, "mark_price": 0.11686539, "iv": 69.22, "instrument_name": "BTC-31MAR23-25000-C", "index_price": 28149.34, "direction": "sell", "amount": 0.1}, {"trade_seq": 6767, "trade_id": "247747185", "timestamp": 1679583712866, "tick_direction": 2, "price": 0.116, "mark_price": 0.11741479, "iv": 60.86, "instrument_name": "BTC-31MAR23-25000-C", "index_price": 28166.45, "direction": "buy", "amount": 0.1}, {"trade_seq": 6766, "trade_id": "247745488", "timestamp": 1679583656286, "tick_direction": 0, "price": 0.13, "mark_price": 0.11972837, "iv": 98.64, "instrument_name": "BTC-31MAR23-25000-C", "index_price": 28247.49, "direction": "buy", "amount": 0.1}, {"trade_seq": 6765, "trade_id": "247738474", "timestamp": 1679583565635, "tick_direction": 0, "price": 0.1095, "mark_price": 0.10776379, "iv": 72.03, "instrument_name": "BTC-31MAR23-25000-C", "index_price": 27843.79, "direction": "buy", "amount": 0.1}, {"trade_seq": 6764, "trade_id": "247737510", "timestamp": 1679583536225, "tick_direction": 0, "price": 0.1065, "mark_price": 0.10567231, "iv": 66.3, "instrument_name": "BTC-31MAR23-25000-C", "index_price": 27768.83, "direction": "sell", "amount": 0.1}, {"trade_seq": 6763, "trade_id": "247734739", "timestamp": 1679583259899, "tick_direction": 0, "price": 0.104, "mark_price": 0.10284446, "iv": 66.9, "instrument_name": "BTC-31MAR23-25000-C", "index_price": 27672.5, "direction": "sell", "amount": 0.1}, {"trade_seq": 6762, "trade_id": "247730870", "timestamp": 1679582797199, "tick_direction": 0, "price": 0.0995, "mark_price": 0.09898613, "iv": 64.33, "instrument_name": "BTC-31MAR23-25000-C", "index_price": 27538.08, "direction": "sell", "amount": 0.1}, {"trade_seq": 6761, "trade_id": "247729503", "timestamp": 1679582333217, "tick_direction": 0, "price": 0.096, "mark_price": 0.09637181, "iv": 61.34, "instrument_name": "BTC-31MAR23-25000-C", "index_price": 27440.57, "direction": "buy", "amount": 0.1}, {"trade_seq": 6760, "trade_id": "247729128", "timestamp": 1679582173452, "tick_direction": 2, "price": 0.0955, "mark_price": 0.09556244, "iv": 62.22, "instrument_name": "BTC-31MAR23-25000-C", "index_price": 27418.05, "direction": "buy", "amount": 0.1}, {"trade_seq": 6759, "trade_id": "247727392", "timestamp": 1679581162815, "tick_direction": 0, "price": 0.098, "mark_price": 0.09685591, "iv": 66.01, "instrument_name": "BTC-31MAR23-25000-C", "index_price": 27463.38, "direction": "sell", "amount": 0.1}, {"trade_seq": 6758, "trade_id": "247726133", "timestamp": 1679580674866, "tick_direction": 0, "price": 0.0965, "mark_price": 0.09647688, "iv": 62.52, "instrument_name": "BTC-31MAR23-25000-C", "index_price": 27454.82, "direction": "buy", "amount": 0.1}, {"trade_seq": 6757, "trade_id": "247723217", "timestamp": 1679580001041, "tick_direction": 2, "price": 0.096, "mark_price": 0.095922, "iv": 62.1, "instrument_name": "BTC-31MAR23-25000-C", "index_price": 27442.3, "direction": "buy", "amount": 0.1}, {"trade_seq": 6756, "trade_id": "247720167", "timestamp": 1679579255035, "tick_direction": 0, "price": 0.0965, "mark_price": 0.09600831, "iv": 64.41, "instrument_name": "BTC-31MAR23-25000-C", "index_price": 27439.14, "direction": "sell", "amount": 0.1}, {"trade_seq": 6755, "trade_id": "247719723", "timestamp": 1679579114804, "tick_direction": 2, "price": 0.095, "mark_price": 0.09668943, "iv": 57.55, "instrument_name": "BTC-31MAR23-25000-C", "index_price": 27458.5, "direction": "buy", "amount": 0.1}, {"trade_seq": 6754, "trade_id": "247716381", "timestamp": 1679578559824, "tick_direction": 0, "price": 0.099, "mark_price": 0.09740269, "iv": 67.87, "instrument_name": "BTC-31MAR23-25000-C", "index_price": 27494.88, "direction": "sell", "amount": 0.1}, {"trade_seq": 6753, "trade_id": "247714483", "timestamp": 1679578047453, "tick_direction": 2, "price": 0.096, "mark_price": 0.09627696, "iv": 62.48, "instrument_name": "BTC-31MAR23-25000-C", "index_price": 27453.72, "direction": "buy", "amount": 0.1}, {"trade_seq": 6752, "trade_id": "247711781", "timestamp": 1679577659549, "tick_direction": 0, "price": 0.0965, "mark_price": 0.09639056, "iv": 63.9, "instrument_name": "BTC-31MAR23-25000-C", "index_price": 27441.86, "direction": "buy", "amount": 0.1}, {"trade_seq": 6751, "trade_id": "247711463", "timestamp": 1679577644583, "tick_direction": 0, "price": 0.0955, "mark_price": 0.09541731, "iv": 63.82, "instrument_name": "BTC-31MAR23-25000-C", "index_price": 27411.32, "direction": "sell", "amount": 0.1}, {"trade_seq": 6750, "trade_id": "247710917", "timestamp": 1679577634584, "tick_direction": 2, "price": 0.095, "mark_price": 0.09687291, "iv": 57.62, "instrument_name": "BTC-31MAR23-25000-C", "index_price": 27456.39, "direction": "sell", "amount": 0.1}, {"trade_seq": 6749, "trade_id": "247707635", "timestamp": 1679577354706, "tick_direction": 0, "price": 0.099, "mark_price": 0.09662673, "iv": 70.09, "instrument_name": "BTC-31MAR23-25000-C", "index_price": 27449.05, "direction": "sell", "amount": 0.1}, {"trade_seq": 6748, "trade_id": "247706795", "timestamp": 1679577314857, "tick_direction": 2, "price": 0.098, "mark_price": 0.09827421, "iv": 62.51, "instrument_name": "BTC-31MAR23-25000-C", "index_price": 27501.51, "direction": "sell", "amount": 0.1}, {"trade_seq": 6747, "trade_id": "247706148", "timestamp": 1679577187341, "tick_direction": 0, "price": 0.099, "mark_price": 0.09905091, "iv": 62.85, "instrument_name": "BTC-31MAR23-25000-C", "index_price": 27533.7, "direction": "buy", "amount": 0.1}, {"trade_seq": 6746, "trade_id": "247705643", "timestamp": 1679576979998, "tick_direction": 2, "price": 0.0975, "mark_price": 0.09896821, "iv": 58.34, "instrument_name": "BTC-31MAR23-25000-C", "index_price": 27534.81, "direction": "sell", "amount": 0.1}, {"trade_seq": 6745, "trade_id": "247705621", "timestamp": 1679576959278, "tick_direction": 2, "price": 0.0985, "mark_price": 0.09904326, "iv": 61.38, "instrument_name": "BTC-31MAR23-25000-C", "index_price": 27535.84, "direction": "buy", "amount": 0.1}, {"trade_seq": 6744, "trade_id": "247705072", "timestamp": 1679576730279, "tick_direction": 2, "price": 0.0995, "mark_price": 0.09947802, "iv": 62.71, "instrument_name": "BTC-31MAR23-25000-C", "index_price": 27553.74, "direction": "buy", "amount": 0.1}, {"trade_seq": 6743, "trade_id": "247704043", "timestamp": 1679576377458, "tick_direction": 0, "price": 0.1005, "mark_price": 0.09931546, "iv": 66.51, "instrument_name": "BTC-31MAR23-25000-C", "index_price": 27549.25, "direction": "sell", "amount": 0.1}, {"trade_seq": 6742, "trade_id": "247703993", "timestamp": 1679576364055, "tick_direction": 2, "price": 0.1, "mark_price": 0.0992188, "iv": 65.31, "instrument_name": "BTC-31MAR23-25000-C", "index_price": 27546.18, "direction": "sell", "amount": 0.1}, {"trade_seq": 6741, "trade_id": "247703588", "timestamp": 1679576245459, "tick_direction": 2, "price": 0.1005, "mark_price": 0.10010159, "iv": 64.12, "instrument_name": "BTC-31MAR23-25000-C", "index_price": 27576.61, "direction": "sell", "amount": 0.1}, {"trade_seq": 6740, "trade_id": "247702664", "timestamp": 1679575851930, "tick_direction": 2, "price": 0.101, "mark_price": 0.10123458, "iv": 62.56, "instrument_name": "BTC-31MAR23-25000-C", "index_price": 27614.55, "direction": "sell", "amount": 0.1}, {"trade_seq": 6739, "trade_id": "247701415", "timestamp": 1679575318073, "tick_direction": 2, "price": 0.102, "mark_price": 0.10124358, "iv": 66.04, "instrument_name": "BTC-31MAR23-25000-C", "index_price": 27606.24, "direction": "sell", "amount": 0.1}, {"trade_seq": 6738, "trade_id": "247700185", "timestamp": 1679575030136, "tick_direction": 2, "price": 0.1025, "mark_price": 0.10253975, "iv": 63.74, "instrument_name": "BTC-31MAR23-25000-C", "index_price": 27656.33, "direction": "sell", "amount": 0.1}, {"trade_seq": 6737, "trade_id": "247700105", "timestamp": 1679574982128, "tick_direction": 1, "price": 0.1035, "mark_price": 0.10277312, "iv": 66.05, "instrument_name": "BTC-31MAR23-25000-C", "index_price": 27668.18, "direction": "buy", "amount": 0.1}, {"trade_seq": 6736, "trade_id": "247700094", "timestamp": 1679574954888, "tick_direction": 1, "price": 0.1035, "mark_price": 0.1026983, "iv": 66.34, "instrument_name": "BTC-31MAR23-25000-C", "index_price": 27662.94, "direction": "buy", "amount": 0.1}, {"trade_seq": 6735, "trade_id": "247696679", "timestamp": 1679573378499, "tick_direction": 0, "price": 0.1035, "mark_price": 0.10333714, "iv": 64.25, "instrument_name": "BTC-31MAR23-25000-C", "index_price": 27693.44, "direction": "buy", "amount": 0.1}, {"trade_seq": 6734, "trade_id": "247695061", "timestamp": 1679572659044, "tick_direction": 0, "price": 0.103, "mark_price": 0.10290798, "iv": 64.23, "instrument_name": "BTC-31MAR23-25000-C", "index_price": 27672.07, "direction": "sell", "amount": 0.1}, {"trade_seq": 6733, "trade_id": "247693893", "timestamp": 1679572456048, "tick_direction": 2, "price": 0.1005, "mark_price": 0.10070647, "iv": 62.97, "instrument_name": "BTC-31MAR23-25000-C", "index_price": 27607.79, "direction": "buy", "amount": 0.1}, {"trade_seq": 6732, "trade_id": "247692905", "timestamp": 1679572025949, "tick_direction": 2, "price": 0.101, "mark_price": 0.10110082, "iv": 63.41, "instrument_name": "BTC-31MAR23-25000-C", "index_price": 27596.46, "direction": "sell", "amount": 0.1}, {"trade_seq": 6731, "trade_id": "247691194", "timestamp": 1679571383971, "tick_direction": 0, "price": 0.1015, "mark_price": 0.10177525, "iv": 63.2, "instrument_name": "BTC-31MAR23-25000-C", "index_price": 27628.6, "direction": "sell", "amount": 0.1}, {"trade_seq": 6730, "trade_id": "247690292", "timestamp": 1679570823639, "tick_direction": 2, "price": 0.1005, "mark_price": 0.10044836, "iv": 64.15, "instrument_name": "BTC-31MAR23-25000-C", "index_price": 27581.46, "direction": "sell", "amount": 0.1}, {"trade_seq": 6729, "trade_id": "247688157", "timestamp": 1679570091543, "tick_direction": 2, "price": 0.101, "mark_price": 0.10054496, "iv": 65.1, "instrument_name": "BTC-31MAR23-25000-C", "index_price": 27580.92, "direction": "sell", "amount": 0.1}, {"trade_seq": 6728, "trade_id": "247687858", "timestamp": 1679570049716, "tick_direction": 2, "price": 0.1015, "mark_price": 0.10169839, "iv": 63.34, "instrument_name": "BTC-31MAR23-25000-C", "index_price": 27615.67, "direction": "sell", "amount": 0.1}, {"trade_seq": 6727, "trade_id": "247686475", "timestamp": 1679569454062, "tick_direction": 0, "price": 0.1035, "mark_price": 0.10357177, "iv": 63.99, "instrument_name": "BTC-31MAR23-25000-C", "index_price": 27677.02, "direction": "sell", "amount": 0.1}, {"trade_seq": 6726, "trade_id": "247685829", "timestamp": 1679569098062, "tick_direction": 3, "price": 0.103, "mark_price": 0.10416878, "iv": 60.35, "instrument_name": "BTC-31MAR23-25000-C", "index_price": 27695.28, "direction": "sell", "amount": 2.0}, {"trade_seq": 6725, "trade_id": "247685639", "timestamp": 1679568993920, "tick_direction": 3, "price": 0.103, "mark_price": 0.10456099, "iv": 58.89, "instrument_name": "BTC-31MAR23-25000-C", "index_price": 27706.16, "direction": "sell", "amount": 0.3}, {"trade_seq": 6724, "trade_id": "247685527", "timestamp": 1679568903066, "tick_direction": 2, "price": 0.103, "mark_price": 0.10424286, "iv": 60.02, "instrument_name": "BTC-31MAR23-25000-C", "index_price": 27697.5, "direction": "sell", "amount": 1.0}, {"trade_seq": 6723, "trade_id": "247685069", "timestamp": 1679568551305, "tick_direction": 2, "price": 0.1045, "mark_price": 0.10480671, "iv": 63.09, "instrument_name": "BTC-31MAR23-25000-C", "index_price": 27718.3, "direction": "sell", "amount": 0.1}, {"trade_seq": 6722, "trade_id": "247684862", "timestamp": 1679568373428, "tick_direction": 1, "price": 0.105, "mark_price": 0.10501501, "iv": 63.83, "instrument_name": "BTC-31MAR23-25000-C", "index_price": 27723.5, "direction": "sell", "amount": 0.1}, {"trade_seq": 6721, "trade_id": "247684134", "timestamp": 1679567805810, "tick_direction": 0, "price": 0.105, "mark_price": 0.10464035, "iv": 64.76, "instrument_name": "BTC-31MAR23-25000-C", "index_price": 27727.44, "direction": "sell", "amount": 0.1}, {"trade_seq": 6720, "trade_id": "247682864", "timestamp": 1679567099175, "tick_direction": 2, "price": 0.104, "mark_price": 0.10427801, "iv": 62.52, "instrument_name": "BTC-31MAR23-25000-C", "index_price": 27701.86, "direction": "sell", "amount": 0.1}, {"trade_seq": 6719, "trade_id": "247682328", "timestamp": 1679566710588, "tick_direction": 2, "price": 0.1045, "mark_price": 0.10444787, "iv": 63.71, "instrument_name": "BTC-31MAR23-25000-C", "index_price": 27711.85, "direction": "sell", "amount": 0.1}, {"trade_seq": 6718, "trade_id": "247681714", "timestamp": 1679566329434, "tick_direction": 0, "price": 0.106, "mark_price": 0.10556292, "iv": 64.84, "instrument_name": "BTC-31MAR23-25000-C", "index_price": 27751.1, "direction": "sell", "amount": 0.1}, {"trade_seq": 6717, "trade_id": "247681436", "timestamp": 1679566270308, "tick_direction": 0, "price": 0.105, "mark_price": 0.10516562, "iv": 62.58, "instrument_name": "BTC-31MAR23-25000-C", "index_price": 27751.78, "direction": "buy", "amount": 0.1}, {"trade_seq": 6716, "trade_id": "247680143", "timestamp": 1679565965302, "tick_direction": 0, "price": 0.104, "mark_price": 0.10401468, "iv": 63.02, "instrument_name": "BTC-31MAR23-25000-C", "index_price": 27723.32, "direction": "buy", "amount": 0.1}, {"trade_seq": 6715, "trade_id": "247676335", "timestamp": 1679563153874, "tick_direction": 1, "price": 0.103, "mark_price": 0.10289596, "iv": 62.57, "instrument_name": "BTC-31MAR23-25000-C", "index_price": 27686.81, "direction": "buy", "amount": 1.0}, {"trade_seq": 6714, "trade_id": "247676044", "timestamp": 1679563034887, "tick_direction": 0, "price": 0.103, "mark_price": 0.10329094, "iv": 61.15, "instrument_name": "BTC-31MAR23-25000-C", "index_price": 27706.96, "direction": "sell", "amount": 1.0}, {"trade_seq": 6713, "trade_id": "247675865", "timestamp": 1679562890812, "tick_direction": 0, "price": 0.1025, "mark_price": 0.10328658, "iv": 59.4, "instrument_name": "BTC-31MAR23-25000-C", "index_price": 27706.26, "direction": "sell", "amount": 1.0}, {"trade_seq": 6712, "trade_id": "247607265", "timestamp": 1679536767176, "tick_direction": 2, "price": 0.09, "mark_price": 0.09185548, "iv": 60.35, "instrument_name": "BTC-31MAR23-25000-C", "index_price": 27234.6, "direction": "buy", "amount": 6.5}, {"trade_seq": 6711, "trade_id": "247603237", "timestamp": 1679535358594, "tick_direction": 2, "price": 0.0935, "mark_price": 0.09375191, "iv": 65.36, "instrument_name": "BTC-31MAR23-25000-C", "index_price": 27298.27, "direction": "sell", "amount": 0.2}, {"trade_seq": 6710, "trade_id": "247585655", "timestamp": 1679528379037, "tick_direction": 1, "price": 0.095, "mark_price": 0.09544542, "iv": 65.98, "instrument_name": "BTC-31MAR23-25000-C", "index_price": 27339.78, "direction": "buy", "amount": 1.0}, {"trade_seq": 6709, "trade_id": "247584689", "timestamp": 1679528024043, "tick_direction": 0, "price": 0.095, "mark_price": 0.09584929, "iv": 65.07, "instrument_name": "BTC-31MAR23-25000-C", "index_price": 27350.07, "direction": "buy", "amount": 1.0}, {"trade_seq": 6708, "trade_id": "247539257", "timestamp": 1679517043018, "tick_direction": 2, "price": 0.09, "mark_price": 0.09080215, "iv": 66.7, "instrument_name": "BTC-31MAR23-25000-C", "index_price": 27138.63, "direction": "buy", "amount": 0.4}, {"trade_seq": 6707, "trade_id": "247538253", "timestamp": 1679516886914, "tick_direction": 0, "price": 0.092, "mark_price": 0.09188961, "iv": 68.75, "instrument_name": "BTC-31MAR23-25000-C", "index_price": 27181.73, "direction": "buy", "amount": 1.0}, {"trade_seq": 6706, "trade_id": "247538191", "timestamp": 1679516869828, "tick_direction": 0, "price": 0.0915, "mark_price": 0.09137227, "iv": 68.76, "instrument_name": "BTC-31MAR23-25000-C", "index_price": 27161.29, "direction": "buy", "amount": 1.0}, {"trade_seq": 6705, "trade_id": "247536970", "timestamp": 1679516716711, "tick_direction": 0, "price": 0.09, "mark_price": 0.09090314, "iv": 66.73, "instrument_name": "BTC-31MAR23-25000-C", "index_price": 27134.13, "direction": "buy", "amount": 0.6}, {"trade_seq": 6704, "trade_id": "247531712", "timestamp": 1679516079408, "tick_direction": 1, "price": 0.087, "mark_price": 0.08719083, "iv": 68.8, "instrument_name": "BTC-31MAR23-25000-C", "index_price": 26976.32, "direction": "buy", "amount": 0.2}, {"trade_seq": 6703, "trade_id": "247531709", "timestamp": 1679516078956, "tick_direction": 0, "price": 0.087, "mark_price": 0.08719083, "iv": 69.07, "instrument_name": "BTC-31MAR23-25000-C", "index_price": 26971.54, "direction": "buy", "amount": 0.8}, {"trade_seq": 6702, "trade_id": "247526943", "timestamp": 1679515659931, "tick_direction": 2, "price": 0.085, "mark_price": 0.08559641, "iv": 67.87, "instrument_name": "BTC-31MAR23-25000-C", "index_price": 26917.2, "direction": "buy", "amount": 1.0}, {"trade_seq": 6701, "trade_id": "247367004", "timestamp": 1679503411546, "tick_direction": 0, "price": 0.1355, "mark_price": 0.13525923, "iv": 77.74, "instrument_name": "BTC-31MAR23-25000-C", "index_price": 28662.71, "direction": "buy", "amount": 7.0}, {"trade_seq": 6700, "trade_id": "247363977", "timestamp": 1679501901058, "tick_direction": 0, "price": 0.132, "mark_price": 0.13330128, "iv": 72.07, "instrument_name": "BTC-31MAR23-25000-C", "index_price": 28590.94, "direction": "buy", "amount": 0.2}, {"trade_seq": 6699, "trade_id": "247331317", "timestamp": 1679494864121, "tick_direction": 0, "price": 0.13, "mark_price": 0.12966151, "iv": 75.99, "instrument_name": "BTC-31MAR23-25000-C", "index_price": 28477.34, "direction": "buy", "amount": 5.0}, {"trade_seq": 6698, "trade_id": "247276053", "timestamp": 1679463556226, "tick_direction": 0, "price": 0.1275, "mark_price": 0.12695437, "iv": 77.35, "instrument_name": "BTC-31MAR23-25000-C", "index_price": 28316.39, "direction": "sell", "amount": 0.5}, {"trade_seq": 6697, "trade_id": "247221725", "timestamp": 1679435419138, "tick_direction": 3, "price": 0.12, "mark_price": 0.12040719, "iv": 72.95, "instrument_name": "BTC-31MAR23-25000-C", "index_price": 28100.5, "direction": "buy", "amount": 0.1}, {"trade_seq": 6696, "trade_id": "247221724", "timestamp": 1679435419019, "tick_direction": 3, "price": 0.12, "mark_price": 0.12047086, "iv": 72.95, "instrument_name": "BTC-31MAR23-25000-C", "index_price": 28100.5, "direction": "buy", "amount": 2.2}, {"trade_seq": 6695, "trade_id": "247221723", "timestamp": 1679435418788, "tick_direction": 2, "price": 0.12, "mark_price": 0.12047086, "iv": 72.95, "instrument_name": "BTC-31MAR23-25000-C", "index_price": 28100.5, "direction": "buy", "amount": 2.7}, {"trade_seq": 6694, "trade_id": "247206148", "timestamp": 1679428747277, "tick_direction": 3, "price": 0.1225, "mark_price": 0.12242121, "iv": 73.55, "instrument_name": "BTC-31MAR23-25000-C", "index_price": 28186.4, "direction": "sell", "amount": 0.4}, {"trade_seq": 6693, "trade_id": "247206142", "timestamp": 1679428745338, "tick_direction": 3, "price": 0.1225, "mark_price": 0.12247323, "iv": 73.25, "instrument_name": "BTC-31MAR23-25000-C", "index_price": 28189.59, "direction": "sell", "amount": 0.8}, {"trade_seq": 6692, "trade_id": "247206141", "timestamp": 1679428745131, "tick_direction": 3, "price": 0.1225, "mark_price": 0.12247323, "iv": 73.25, "instrument_name": "BTC-31MAR23-25000-C", "index_price": 28189.59, "direction": "sell", "amount": 2.9}, {"trade_seq": 6691, "trade_id": "247206127", "timestamp": 1679428744600, "tick_direction": 3, "price": 0.1225, "mark_price": 0.12247323, "iv": 73.25, "instrument_name": "BTC-31MAR23-25000-C", "index_price": 28189.59, "direction": "sell", "amount": 1.4}, {"trade_seq": 6690, "trade_id": "247206115", "timestamp": 1679428743457, "tick_direction": 3, "price": 0.1225, "mark_price": 0.12249335, "iv": 73.18, "instrument_name": "BTC-31MAR23-25000-C", "index_price": 28191.67, "direction": "sell", "amount": 0.8}, {"trade_seq": 6689, "trade_id": "247206114", "timestamp": 1679428743143, "tick_direction": 3, "price": 0.1225, "mark_price": 0.12248543, "iv": 73.18, "instrument_name": "BTC-31MAR23-25000-C", "index_price": 28191.67, "direction": "sell", "amount": 0.3}, {"trade_seq": 6688, "trade_id": "247206113", "timestamp": 1679428743121, "tick_direction": 3, "price": 0.1225, "mark_price": 0.12248543, "iv": 73.18, "instrument_name": "BTC-31MAR23-25000-C", "index_price": 28191.67, "direction": "sell", "amount": 0.8}, {"trade_seq": 6687, "trade_id": "247206104", "timestamp": 1679428739044, "tick_direction": 3, "price": 0.1225, "mark_price": 0.12245482, "iv": 73.13, "instrument_name": "BTC-31MAR23-25000-C", "index_price": 28192.21, "direction": "sell", "amount": 0.9}, {"trade_seq": 6686, "trade_id": "247206091", "timestamp": 1679428735180, "tick_direction": 3, "price": 0.1225, "mark_price": 0.12254718, "iv": 73.05, "instrument_name": "BTC-31MAR23-25000-C", "index_price": 28196.6, "direction": "sell", "amount": 0.4}, {"trade_seq": 6685, "trade_id": "247206090", "timestamp": 1679428735174, "tick_direction": 3, "price": 0.1225, "mark_price": 0.12254718, "iv": 73.05, "instrument_name": "BTC-31MAR23-25000-C", "index_price": 28196.6, "direction": "sell", "amount": 0.4}, {"trade_seq": 6684, "trade_id": "247206086", "timestamp": 1679428735124, "tick_direction": 2, "price": 0.1225, "mark_price": 0.12254718, "iv": 73.05, "instrument_name": "BTC-31MAR23-25000-C", "index_price": 28196.6, "direction": "sell", "amount": 0.9}, {"trade_seq": 6683, "trade_id": "247204854", "timestamp": 1679428157839, "tick_direction": 1, "price": 0.123, "mark_price": 0.12426126, "iv": 69.61, "instrument_name": "BTC-31MAR23-25000-C", "index_price": 28256.62, "direction": "sell", "block_trade_id": "69443", "amount": 40.0}, {"trade_seq": 6682, "trade_id": "247203275", "timestamp": 1679427410444, "tick_direction": 1, "price": 0.123, "mark_price": 0.12336093, "iv": 72.62, "instrument_name": "BTC-31MAR23-25000-C", "index_price": 28222.95, "direction": "buy", "amount": 10.0}, {"trade_seq": 6681, "trade_id": "247202826", "timestamp": 1679427226990, "tick_direction": 1, "price": 0.123, "mark_price": 0.12378538, "iv": 71.35, "instrument_name": "BTC-31MAR23-25000-C", "index_price": 28230.47, "direction": "buy", "amount": 8.7}, {"trade_seq": 6680, "trade_id": "247202825", "timestamp": 1679427224565, "tick_direction": 1, "price": 0.123, "mark_price": 0.12382602, "iv": 71.3, "instrument_name": "BTC-31MAR23-25000-C", "index_price": 28229.81, "direction": "buy", "amount": 1.3}, {"trade_seq": 6679, "trade_id": "247202791", "timestamp": 1679427216640, "tick_direction": 1, "price": 0.123, "mark_price": 0.12370674, "iv": 71.56, "instrument_name": "BTC-31MAR23-25000-C", "index_price": 28227.52, "direction": "buy", "amount": 6.0}, {"trade_seq": 6678, "trade_id": "247202790", "timestamp": 1679427216631, "tick_direction": 1, "price": 0.123, "mark_price": 0.12370674, "iv": 71.56, "instrument_name": "BTC-31MAR23-25000-C", "index_price": 28227.52, "direction": "buy", "amount": 4.0}, {"trade_seq": 6677, "trade_id": "247202703", "timestamp": 1679427190280, "tick_direction": 1, "price": 0.123, "mark_price": 0.12385047, "iv": 71.2, "instrument_name": "BTC-31MAR23-25000-C", "index_price": 28232.2, "direction": "buy", "amount": 8.9}, {"trade_seq": 6676, "trade_id": "247202702", "timestamp": 1679427190271, "tick_direction": 1, "price": 0.123, "mark_price": 0.12385047, "iv": 71.2, "instrument_name": "BTC-31MAR23-25000-C", "index_price": 28232.2, "direction": "buy", "amount": 1.9}, {"trade_seq": 6675, "trade_id": "247202701", "timestamp": 1679427190227, "tick_direction": 0, "price": 0.123, "mark_price": 0.12385406, "iv": 71.2, "instrument_name": "BTC-31MAR23-25000-C", "index_price": 28232.2, "direction": "buy", "amount": 3.2}, {"trade_seq": 6674, "trade_id": "247202020", "timestamp": 1679426776944, "tick_direction": 2, "price": 0.121, "mark_price": 0.12280112, "iv": 68.36, "instrument_name": "BTC-31MAR23-25000-C", "index_price": 28187.14, "direction": "sell", "block_trade_id": "69442", "amount": 100.0}, {"trade_seq": 6673, "trade_id": "247187434", "timestamp": 1679421339063, "tick_direction": 0, "price": 0.122, "mark_price": 0.12160675, "iv": 74.71, "instrument_name": "BTC-31MAR23-25000-C", "index_price": 28164.99, "direction": "buy", "amount": 0.5}, {"trade_seq": 6672, "trade_id": "247186721", "timestamp": 1679421208956, "tick_direction": 3, "price": 0.121, "mark_price": 0.12086597, "iv": 74.24, "instrument_name": "BTC-31MAR23-25000-C", "index_price": 28134.11, "direction": "buy", "amount": 0.5}, {"trade_seq": 6671, "trade_id": "247186682", "timestamp": 1679421200961, "tick_direction": 2, "price": 0.121, "mark_price": 0.12078519, "iv": 74.02, "instrument_name": "BTC-31MAR23-25000-C", "index_price": 28138.51, "direction": "buy", "amount": 0.5}, {"trade_seq": 6670, "trade_id": "247185906", "timestamp": 1679421164497, "tick_direction": 3, "price": 0.1215, "mark_price": 0.12121559, "iv": 73.93, "instrument_name": "BTC-31MAR23-25000-C", "index_price": 28150.05, "direction": "buy", "amount": 0.3}, {"trade_seq": 6669, "trade_id": "247185490", "timestamp": 1679421127918, "tick_direction": 3, "price": 0.1215, "mark_price": 0.12190343, "iv": 72.65, "instrument_name": "BTC-31MAR23-25000-C", "index_price": 28163.35, "direction": "buy", "amount": 0.3}, {"trade_seq": 6668, "trade_id": "247185483", "timestamp": 1679421126473, "tick_direction": 2, "price": 0.1215, "mark_price": 0.12183193, "iv": 72.42, "instrument_name": "BTC-31MAR23-25000-C", "index_price": 28166.14, "direction": "buy", "amount": 0.3}, {"trade_seq": 6667, "trade_id": "247185462", "timestamp": 1679421123844, "tick_direction": 0, "price": 0.122, "mark_price": 0.12149895, "iv": 74.71, "instrument_name": "BTC-31MAR23-25000-C", "index_price": 28156.54, "direction": "buy", "amount": 0.2}, {"trade_seq": 6666, "trade_id": "247185029", "timestamp": 1679421047004, "tick_direction": 3, "price": 0.121, "mark_price": 0.1203365, "iv": 74.24, "instrument_name": "BTC-31MAR23-25000-C", "index_price": 28122.47, "direction": "buy", "amount": 0.2}, {"trade_seq": 6665, "trade_id": "247184866", "timestamp": 1679421038990, "tick_direction": 2, "price": 0.121, "mark_price": 0.12104672, "iv": 73.58, "instrument_name": "BTC-31MAR23-25000-C", "index_price": 28131.75, "direction": "buy", "amount": 0.2}, {"trade_seq": 6664, "trade_id": "247184697", "timestamp": 1679421017388, "tick_direction": 0, "price": 0.122, "mark_price": 0.12157973, "iv": 74.65, "instrument_name": "BTC-31MAR23-25000-C", "index_price": 28160.75, "direction": "buy", "amount": 0.2}, {"trade_seq": 6663, "trade_id": "247184265", "timestamp": 1679420969413, "tick_direction": 3, "price": 0.121, "mark_price": 0.12142575, "iv": 72.27, "instrument_name": "BTC-31MAR23-25000-C", "index_price": 28148.66, "direction": "buy", "amount": 0.1}, {"trade_seq": 6662, "trade_id": "247184259", "timestamp": 1679420967781, "tick_direction": 3, "price": 0.121, "mark_price": 0.12125683, "iv": 72.83, "instrument_name": "BTC-31MAR23-25000-C", "index_price": 28150.01, "direction": "buy", "amount": 0.1}, {"trade_seq": 6661, "trade_id": "247184236", "timestamp": 1679420965304, "tick_direction": 2, "price": 0.121, "mark_price": 0.12105513, "iv": 73.35, "instrument_name": "BTC-31MAR23-25000-C", "index_price": 28136.63, "direction": "buy", "amount": 0.1}, {"trade_seq": 6660, "trade_id": "247175316", "timestamp": 1679419045659, "tick_direction": 0, "price": 0.126, "mark_price": 0.1264849, "iv": 72.09, "instrument_name": "BTC-31MAR23-25000-C", "index_price": 28304.41, "direction": "buy", "amount": 0.3}, {"trade_seq": 6659, "trade_id": "247153707", "timestamp": 1679415101194, "tick_direction": 0, "price": 0.122, "mark_price": 0.12199107, "iv": 72.08, "instrument_name": "BTC-31MAR23-25000-C", "index_price": 28166.08, "direction": "buy", "amount": 0.2}, {"trade_seq": 6658, "trade_id": "247142121", "timestamp": 1679409565731, "tick_direction": 1, "price": 0.1155, "mark_price": 0.11757333, "iv": 67.87, "instrument_name": "BTC-31MAR23-25000-C", "index_price": 27988.34, "direction": "sell", "amount": 0.9}, {"trade_seq": 6657, "trade_id": "247142074", "timestamp": 1679409528289, "tick_direction": 0, "price": 0.1155, "mark_price": 0.11728856, "iv": 68.95, "instrument_name": "BTC-31MAR23-25000-C", "index_price": 27973.78, "direction": "sell", "amount": 1.5}, {"trade_seq": 6656, "trade_id": "247141594", "timestamp": 1679409413279, "tick_direction": 3, "price": 0.1135, "mark_price": 0.11569781, "iv": 67.72, "instrument_name": "BTC-31MAR23-25000-C", "index_price": 27916.52, "direction": "sell", "amount": 1.0}, {"trade_seq": 6655, "trade_id": "247138770", "timestamp": 1679408535559, "tick_direction": 2, "price": 0.1135, "mark_price": 0.11773206, "iv": 62.53, "instrument_name": "BTC-31MAR23-25000-C", "index_price": 27983.82, "direction": "sell", "amount": 1.0}, {"trade_seq": 6654, "trade_id": "247129834", "timestamp": 1679405466447, "tick_direction": 2, "price": 0.1235, "mark_price": 0.12363021, "iv": 74.24, "instrument_name": "BTC-31MAR23-25000-C", "index_price": 28178.2, "direction": "buy", "amount": 0.1}, {"trade_seq": 6653, "trade_id": "247126011", "timestamp": 1679404015818, "tick_direction": 0, "price": 0.1265, "mark_price": 0.12642823, "iv": 75.34, "instrument_name": "BTC-31MAR23-25000-C", "index_price": 28273.02, "direction": "buy", "amount": 0.1}, {"trade_seq": 6652, "trade_id": "247110791", "timestamp": 1679399174686, "tick_direction": 0, "price": 0.117, "mark_price": 0.11934601, "iv": 63.81, "instrument_name": "BTC-31MAR23-25000-C", "index_price": 28090.25, "direction": "sell", "amount": 0.1}, {"trade_seq": 6651, "trade_id": "247108590", "timestamp": 1679398355586, "tick_direction": 0, "price": 0.1135, "mark_price": 0.11653985, "iv": 62.23, "instrument_name": "BTC-31MAR23-25000-C", "index_price": 27989.52, "direction": "sell", "amount": 0.5}, {"trade_seq": 6650, "trade_id": "247069471", "timestamp": 1679385515984, "tick_direction": 0, "price": 0.106, "mark_price": 0.10599352, "iv": 68.2, "instrument_name": "BTC-31MAR23-25000-C", "index_price": 27618.75, "direction": "buy", "amount": 1.0}, {"trade_seq": 6649, "trade_id": "247057819", "timestamp": 1679382808310, "tick_direction": 2, "price": 0.102, "mark_price": 0.10268282, "iv": 66.96, "instrument_name": "BTC-31MAR23-25000-C", "index_price": 27471.06, "direction": "buy", "amount": 0.2}, {"trade_seq": 6648, "trade_id": "247016788", "timestamp": 1679363835182, "tick_direction": 1, "price": 0.1165, "mark_price": 0.11655883, "iv": 68.99, "instrument_name": "BTC-31MAR23-25000-C", "index_price": 27963.97, "direction": "buy", "amount": 0.1}, {"trade_seq": 6647, "trade_id": "247016787", "timestamp": 1679363835182, "tick_direction": 1, "price": 0.1165, "mark_price": 0.11655883, "iv": 68.99, "instrument_name": "BTC-31MAR23-25000-C", "index_price": 27963.97, "direction": "buy", "amount": 0.1}, {"trade_seq": 6646, "trade_id": "247016786", "timestamp": 1679363835182, "tick_direction": 0, "price": 0.1165, "mark_price": 0.11655883, "iv": 68.99, "instrument_name": "BTC-31MAR23-25000-C", "index_price": 27963.97, "direction": "buy", "amount": 0.1}, {"trade_seq": 6645, "trade_id": "247011859", "timestamp": 1679361635145, "tick_direction": 1, "price": 0.115, "mark_price": 0.11488336, "iv": 69.44, "instrument_name": "BTC-31MAR23-25000-C", "index_price": 27904.55, "direction": "sell", "amount": 0.1}, {"trade_seq": 6644, "trade_id": "247011794", "timestamp": 1679361594175, "tick_direction": 0, "price": 0.115, "mark_price": 0.11522165, "iv": 68.28, "instrument_name": "BTC-31MAR23-25000-C", "index_price": 27919.72, "direction": "buy", "amount": 0.2}, {"trade_seq": 6643, "trade_id": "247011758", "timestamp": 1679361569918, "tick_direction": 3, "price": 0.1145, "mark_price": 0.1149834, "iv": 67.9, "instrument_name": "BTC-31MAR23-25000-C", "index_price": 27905.96, "direction": "buy", "amount": 0.2}, {"trade_seq": 6642, "trade_id": "247011752", "timestamp": 1679361564790, "tick_direction": 2, "price": 0.1145, "mark_price": 0.1150513, "iv": 67.4, "instrument_name": "BTC-31MAR23-25000-C", "index_price": 27912.48, "direction": "buy", "amount": 0.2}, {"trade_seq": 6641, "trade_id": "246974420", "timestamp": 1679346311990, "tick_direction": 1, "price": 0.125, "mark_price": 0.12468512, "iv": 71.05, "instrument_name": "BTC-31MAR23-25000-C", "index_price": 28242.29, "direction": "buy", "amount": 0.2}, {"trade_seq": 6640, "trade_id": "246974419", "timestamp": 1679346311765, "tick_direction": 1, "price": 0.125, "mark_price": 0.12461434, "iv": 71.05, "instrument_name": "BTC-31MAR23-25000-C", "index_price": 28242.29, "direction": "buy", "amount": 0.5}, {"trade_seq": 6639, "trade_id": "246974418", "timestamp": 1679346311698, "tick_direction": 0, "price": 0.125, "mark_price": 0.12461434, "iv": 71.05, "instrument_name": "BTC-31MAR23-25000-C", "index_price": 28242.29, "direction": "buy", "amount": 0.3}, {"trade_seq": 6638, "trade_id": "246964889", "timestamp": 1679343271026, "tick_direction": 2, "price": 0.1165, "mark_price": 0.1168697, "iv": 68.71, "instrument_name": "BTC-31MAR23-25000-C", "index_price": 27940.28, "direction": "buy", "amount": 0.9}, {"trade_seq": 6637, "trade_id": "246946927", "timestamp": 1679339736344, "tick_direction": 2, "price": 0.1175, "mark_price": 0.11788059, "iv": 72.05, "instrument_name": "BTC-31MAR23-25000-C", "index_price": 27931.2, "direction": "sell", "amount": 15.0}, {"trade_seq": 6636, "trade_id": "246945499", "timestamp": 1679339379464, "tick_direction": 3, "price": 0.1185, "mark_price": 0.11886162, "iv": 71.37, "instrument_name": "BTC-31MAR23-25000-C", "index_price": 27970.38, "direction": "sell", "amount": 0.1}, {"trade_seq": 6635, "trade_id": "246945498", "timestamp": 1679339379462, "tick_direction": 3, "price": 0.1185, "mark_price": 0.11886162, "iv": 71.37, "instrument_name": "BTC-31MAR23-25000-C", "index_price": 27970.38, "direction": "sell", "amount": 0.8}, {"trade_seq": 6634, "trade_id": "246945456", "timestamp": 1679339378229, "tick_direction": 2, "price": 0.1185, "mark_price": 0.11901745, "iv": 71.01, "instrument_name": "BTC-31MAR23-25000-C", "index_price": 27976.24, "direction": "sell", "amount": 8.0}, {"trade_seq": 6633, "trade_id": "246945307", "timestamp": 1679339304227, "tick_direction": 3, "price": 0.119, "mark_price": 0.11977986, "iv": 71.34, "instrument_name": "BTC-31MAR23-25000-C", "index_price": 27994.44, "direction": "sell", "amount": 15.0}, {"trade_seq": 6632, "trade_id": "246945193", "timestamp": 1679339256899, "tick_direction": 2, "price": 0.119, "mark_price": 0.12002428, "iv": 71.19, "instrument_name": "BTC-31MAR23-25000-C", "index_price": 27998.93, "direction": "sell", "amount": 10.0}, {"trade_seq": 6631, "trade_id": "246945121", "timestamp": 1679339226433, "tick_direction": 1, "price": 0.1195, "mark_price": 0.1202728, "iv": 71.02, "instrument_name": "BTC-31MAR23-25000-C", "index_price": 28017.73, "direction": "buy", "amount": 9.4}, {"trade_seq": 6630, "trade_id": "246945117", "timestamp": 1679339225944, "tick_direction": 1, "price": 0.1195, "mark_price": 0.1202728, "iv": 71.02, "instrument_name": "BTC-31MAR23-25000-C", "index_price": 28017.73, "direction": "buy", "amount": 1.2}, {"trade_seq": 6629, "trade_id": "246945116", "timestamp": 1679339225942, "tick_direction": 1, "price": 0.1195, "mark_price": 0.1202728, "iv": 71.02, "instrument_name": "BTC-31MAR23-25000-C", "index_price": 28017.73, "direction": "buy", "amount": 0.1}, {"trade_seq": 6628, "trade_id": "246945115", "timestamp": 1679339225912, "tick_direction": 1, "price": 0.1195, "mark_price": 0.12027005, "iv": 71.02, "instrument_name": "BTC-31MAR23-25000-C", "index_price": 28017.73, "direction": "buy", "amount": 2.5}, {"trade_seq": 6627, "trade_id": "246945112", "timestamp": 1679339223671, "tick_direction": 1, "price": 0.1195, "mark_price": 0.12035047, "iv": 71.04, "instrument_name": "BTC-31MAR23-25000-C", "index_price": 28017.46, "direction": "buy", "amount": 0.8}, {"trade_seq": 6626, "trade_id": "246945054", "timestamp": 1679339207951, "tick_direction": 1, "price": 0.1195, "mark_price": 0.12028784, "iv": 71.0, "instrument_name": "BTC-31MAR23-25000-C", "index_price": 28018.77, "direction": "buy", "amount": 1.4}, {"trade_seq": 6625, "trade_id": "246945051", "timestamp": 1679339207945, "tick_direction": 1, "price": 0.1195, "mark_price": 0.12028784, "iv": 71.0, "instrument_name": "BTC-31MAR23-25000-C", "index_price": 28018.77, "direction": "buy", "amount": 10.2}, {"trade_seq": 6624, "trade_id": "246945035", "timestamp": 1679339207687, "tick_direction": 1, "price": 0.1195, "mark_price": 0.12029277, "iv": 71.0, "instrument_name": "BTC-31MAR23-25000-C", "index_price": 28018.77, "direction": "buy", "amount": 3.5}, {"trade_seq": 6623, "trade_id": "246945031", "timestamp": 1679339207686, "tick_direction": 0, "price": 0.1195, "mark_price": 0.12029277, "iv": 71.0, "instrument_name": "BTC-31MAR23-25000-C", "index_price": 28018.77, "direction": "buy", "amount": 3.9}, {"trade_seq": 6622, "trade_id": "246875693", "timestamp": 1679323657960, "tick_direction": 2, "price": 0.118, "mark_price": 0.12038516, "iv": 67.99, "instrument_name": "BTC-31MAR23-25000-C", "index_price": 28013.98, "direction": "sell", "amount": 0.1}, {"trade_seq": 6621, "trade_id": "246871368", "timestamp": 1679322628767, "tick_direction": 2, "price": 0.12, "mark_price": 0.12233192, "iv": 68.93, "instrument_name": "BTC-31MAR23-25000-C", "index_price": 28065.06, "direction": "sell", "block_trade_id": "69222", "amount": 100.0}, {"trade_seq": 6620, "trade_id": "246844111", "timestamp": 1679313210708, "tick_direction": 2, "price": 0.129, "mark_price": 0.12952474, "iv": 78.46, "instrument_name": "BTC-31MAR23-25000-C", "index_price": 28270.26, "direction": "buy", "amount": 0.2}, {"trade_seq": 6619, "trade_id": "246835082", "timestamp": 1679308428334, "tick_direction": 0, "price": 0.1295, "mark_price": 0.12860221, "iv": 81.8, "instrument_name": "BTC-31MAR23-25000-C", "index_price": 28253.59, "direction": "sell", "amount": 1.0}, {"trade_seq": 6618, "trade_id": "246824772", "timestamp": 1679305389659, "tick_direction": 2, "price": 0.126, "mark_price": 0.12635987, "iv": 78.66, "instrument_name": "BTC-31MAR23-25000-C", "index_price": 28157.75, "direction": "sell", "amount": 1.0}, {"trade_seq": 6617, "trade_id": "246816825", "timestamp": 1679303796011, "tick_direction": 2, "price": 0.1295, "mark_price": 0.13010533, "iv": 76.94, "instrument_name": "BTC-31MAR23-25000-C", "index_price": 28326.34, "direction": "buy", "amount": 0.1}, {"trade_seq": 6616, "trade_id": "246808875", "timestamp": 1679302580110, "tick_direction": 1, "price": 0.132, "mark_price": 0.13162348, "iv": 78.8, "instrument_name": "BTC-31MAR23-25000-C", "index_price": 28386.73, "direction": "sell", "amount": 1.0}, {"trade_seq": 6615, "trade_id": "246808870", "timestamp": 1679302575207, "tick_direction": 0, "price": 0.132, "mark_price": 0.13169295, "iv": 78.62, "instrument_name": "BTC-31MAR23-25000-C", "index_price": 28389.91, "direction": "sell", "amount": 1.0}, {"trade_seq": 6614, "trade_id": "246806441", "timestamp": 1679301960180, "tick_direction": 3, "price": 0.1275, "mark_price": 0.12926213, "iv": 73.41, "instrument_name": "BTC-31MAR23-25000-C", "index_price": 28307.86, "direction": "sell", "amount": 0.5}, {"trade_seq": 6613, "trade_id": "246806357", "timestamp": 1679301944612, "tick_direction": 2, "price": 0.1275, "mark_price": 0.12846908, "iv": 75.07, "instrument_name": "BTC-31MAR23-25000-C", "index_price": 28281.09, "direction": "buy", "amount": 1.0}, {"trade_seq": 6612, "trade_id": "246806339", "timestamp": 1679301941073, "tick_direction": 3, "price": 0.128, "mark_price": 0.12822494, "iv": 76.78, "instrument_name": "BTC-31MAR23-25000-C", "index_price": 28272.62, "direction": "buy", "amount": 0.1}, {"trade_seq": 6611, "trade_id": "246806247", "timestamp": 1679301925878, "tick_direction": 3, "price": 0.128, "mark_price": 0.12855603, "iv": 76.2, "instrument_name": "BTC-31MAR23-25000-C", "index_price": 28274.75, "direction": "buy", "amount": 0.1}, {"trade_seq": 6610, "trade_id": "246806246", "timestamp": 1679301925876, "tick_direction": 2, "price": 0.128, "mark_price": 0.12855603, "iv": 76.2, "instrument_name": "BTC-31MAR23-25000-C", "index_price": 28274.75, "direction": "buy", "amount": 0.8}, {"trade_seq": 6609, "trade_id": "246800746", "timestamp": 1679300963678, "tick_direction": 0, "price": 0.1305, "mark_price": 0.1281152, "iv": 81.11, "instrument_name": "BTC-31MAR23-25000-C", "index_price": 28289.77, "direction": "buy", "amount": 0.1}, {"trade_seq": 6608, "trade_id": "246799576", "timestamp": 1679300603560, "tick_direction": 2, "price": 0.1255, "mark_price": 0.12637847, "iv": 72.14, "instrument_name": "BTC-31MAR23-25000-C", "index_price": 28234.91, "direction": "buy", "amount": 0.9}, {"trade_seq": 6607, "trade_id": "246791590", "timestamp": 1679299422654, "tick_direction": 1, "price": 0.1295, "mark_price": 0.12856311, "iv": 77.16, "instrument_name": "BTC-31MAR23-25000-C", "index_price": 28321.69, "direction": "sell", "amount": 1.0}, {"trade_seq": 6606, "trade_id": "246791368", "timestamp": 1679299390729, "tick_direction": 0, "price": 0.1295, "mark_price": 0.12889555, "iv": 76.28, "instrument_name": "BTC-31MAR23-25000-C", "index_price": 28339.25, "direction": "sell", "amount": 0.5}, {"trade_seq": 6605, "trade_id": "246788015", "timestamp": 1679299038374, "tick_direction": 2, "price": 0.1275, "mark_price": 0.12737646, "iv": 75.09, "instrument_name": "BTC-31MAR23-25000-C", "index_price": 28272.53, "direction": "sell", "amount": 0.2}, {"trade_seq": 6604, "trade_id": "246787689", "timestamp": 1679299005784, "tick_direction": 2, "price": 0.129, "mark_price": 0.12751542, "iv": 78.33, "instrument_name": "BTC-31MAR23-25000-C", "index_price": 28277.77, "direction": "sell", "amount": 0.9}, {"trade_seq": 6603, "trade_id": "246787598", "timestamp": 1679298993177, "tick_direction": 0, "price": 0.13, "mark_price": 0.12765173, "iv": 80.25, "instrument_name": "BTC-31MAR23-25000-C", "index_price": 28289.76, "direction": "sell", "amount": 1.0}, {"trade_seq": 6602, "trade_id": "246772027", "timestamp": 1679296775479, "tick_direction": 3, "price": 0.1185, "mark_price": 0.11834791, "iv": 73.34, "instrument_name": "BTC-31MAR23-25000-C", "index_price": 27941.24, "direction": "sell", "amount": 1.0}, {"trade_seq": 6601, "trade_id": "246771676", "timestamp": 1679296701057, "tick_direction": 2, "price": 0.1185, "mark_price": 0.11838868, "iv": 73.32, "instrument_name": "BTC-31MAR23-25000-C", "index_price": 27935.1, "direction": "sell", "amount": 1.0}, {"trade_seq": 6600, "trade_id": "246770981", "timestamp": 1679296564156, "tick_direction": 3, "price": 0.12, "mark_price": 0.11984726, "iv": 73.32, "instrument_name": "BTC-31MAR23-25000-C", "index_price": 27990.0, "direction": "sell", "amount": 0.9}, {"trade_seq": 6599, "trade_id": "246770973", "timestamp": 1679296561550, "tick_direction": 3, "price": 0.12, "mark_price": 0.11985341, "iv": 72.97, "instrument_name": "BTC-31MAR23-25000-C", "index_price": 27995.29, "direction": "sell", "amount": 0.1}, {"trade_seq": 6598, "trade_id": "246770972", "timestamp": 1679296561545, "tick_direction": 3, "price": 0.12, "mark_price": 0.11985341, "iv": 72.97, "instrument_name": "BTC-31MAR23-25000-C", "index_price": 27995.29, "direction": "sell", "amount": 0.1}, {"trade_seq": 6597, "trade_id": "246770971", "timestamp": 1679296561502, "tick_direction": 2, "price": 0.12, "mark_price": 0.11985341, "iv": 72.97, "instrument_name": "BTC-31MAR23-25000-C", "index_price": 27995.29, "direction": "sell", "amount": 0.9}, {"trade_seq": 6596, "trade_id": "246770883", "timestamp": 1679296548117, "tick_direction": 1, "price": 0.1205, "mark_price": 0.12030142, "iv": 73.94, "instrument_name": "BTC-31MAR23-25000-C", "index_price": 27997.75, "direction": "sell", "amount": 0.6}, {"trade_seq": 6595, "trade_id": "246770882", "timestamp": 1679296548087, "tick_direction": 1, "price": 0.1205, "mark_price": 0.12030142, "iv": 73.94, "instrument_name": "BTC-31MAR23-25000-C", "index_price": 27997.75, "direction": "sell", "amount": 1.4}, {"trade_seq": 6594, "trade_id": "246770825", "timestamp": 1679296543567, "tick_direction": 1, "price": 0.1205, "mark_price": 0.12051794, "iv": 72.9, "instrument_name": "BTC-31MAR23-25000-C", "index_price": 28013.0, "direction": "sell", "amount": 0.8}, {"trade_seq": 6593, "trade_id": "246770813", "timestamp": 1679296542534, "tick_direction": 0, "price": 0.1205, "mark_price": 0.12064738, "iv": 72.91, "instrument_name": "BTC-31MAR23-25000-C", "index_price": 28014.45, "direction": "sell", "amount": 1.2}, {"trade_seq": 6592, "trade_id": "246760246", "timestamp": 1679293877196, "tick_direction": 2, "price": 0.1099, "mark_price": 0.11026203, "iv": 70.95, "instrument_name": "BTC-31MAR23-25000-C", "index_price": 27645.66, "direction": "sell", "block_trade_id": "69124", "amount": 25.0}, {"trade_seq": 6591, "trade_id": "246703700", "timestamp": 1679278563839, "tick_direction": 3, "price": 0.116, "mark_price": 0.11539775, "iv": 75.1, "instrument_name": "BTC-31MAR23-25000-C", "index_price": 27795.21, "direction": "sell", "amount": 2.5}, {"trade_seq": 6590, "trade_id": "246703699", "timestamp": 1679278563839, "tick_direction": 2, "price": 0.116, "mark_price": 0.11539775, "iv": 75.1, "instrument_name": "BTC-31MAR23-25000-C", "index_price": 27795.21, "direction": "sell", "amount": 2.5}, {"trade_seq": 6589, "trade_id": "246625901", "timestamp": 1679257625332, "tick_direction": 2, "price": 0.124, "mark_price": 0.12463663, "iv": 75.37, "instrument_name": "BTC-31MAR23-25000-C", "index_price": 28073.77, "direction": "buy", "amount": 0.1}, {"trade_seq": 6588, "trade_id": "246623418", "timestamp": 1679257209382, "tick_direction": 0, "price": 0.127, "mark_price": 0.12712594, "iv": 76.81, "instrument_name": "BTC-31MAR23-25000-C", "index_price": 28164.81, "direction": "buy", "amount": 0.1}, {"trade_seq": 6587, "trade_id": "246622352", "timestamp": 1679257046878, "tick_direction": 2, "price": 0.1255, "mark_price": 0.12560249, "iv": 76.56, "instrument_name": "BTC-31MAR23-25000-C", "index_price": 28103.55, "direction": "buy", "amount": 0.2}, {"trade_seq": 6586, "trade_id": "246617867", "timestamp": 1679256463858, "tick_direction": 0, "price": 0.132, "mark_price": 0.13233006, "iv": 76.54, "instrument_name": "BTC-31MAR23-25000-C", "index_price": 28356.26, "direction": "buy", "amount": 0.5}, {"trade_seq": 6585, "trade_id": "246615929", "timestamp": 1679255822846, "tick_direction": 2, "price": 0.1305, "mark_price": 0.13090664, "iv": 76.47, "instrument_name": "BTC-31MAR23-25000-C", "index_price": 28315.09, "direction": "buy", "amount": 1.0}, {"trade_seq": 6584, "trade_id": "246607754", "timestamp": 1679253424078, "tick_direction": 0, "price": 0.1325, "mark_price": 0.13305094, "iv": 76.85, "instrument_name": "BTC-31MAR23-25000-C", "index_price": 28370.2, "direction": "buy", "amount": 0.5}, {"trade_seq": 6583, "trade_id": "246607712", "timestamp": 1679253415076, "tick_direction": 2, "price": 0.132, "mark_price": 0.13274759, "iv": 76.4, "instrument_name": "BTC-31MAR23-25000-C", "index_price": 28357.57, "direction": "buy", "amount": 1.0}, {"trade_seq": 6582, "trade_id": "246605161", "timestamp": 1679253056714, "tick_direction": 1, "price": 0.135, "mark_price": 0.13540687, "iv": 76.82, "instrument_name": "BTC-31MAR23-25000-C", "index_price": 28452.91, "direction": "buy", "amount": 2.1}, {"trade_seq": 6581, "trade_id": "246605085", "timestamp": 1679253053545, "tick_direction": 1, "price": 0.135, "mark_price": 0.13490528, "iv": 78.23, "instrument_name": "BTC-31MAR23-25000-C", "index_price": 28430.72, "direction": "buy", "amount": 2.0}, {"trade_seq": 6580, "trade_id": "246600459", "timestamp": 1679252408237, "tick_direction": 0, "price": 0.135, "mark_price": 0.13413941, "iv": 79.58, "instrument_name": "BTC-31MAR23-25000-C", "index_price": 28429.22, "direction": "buy", "amount": 1.9}, {"trade_seq": 6579, "trade_id": "246575743", "timestamp": 1679246260544, "tick_direction": 0, "price": 0.123, "mark_price": 0.12310273, "iv": 75.85, "instrument_name": "BTC-31MAR23-25000-C", "index_price": 28022.08, "direction": "sell", "amount": 0.5}, {"trade_seq": 6578, "trade_id": "246547682", "timestamp": 1679243641450, "tick_direction": 1, "price": 0.12, "mark_price": 0.11883959, "iv": 73.33, "instrument_name": "BTC-31MAR23-25000-C", "index_price": 27938.91, "direction": "buy", "amount": 3.1}, {"trade_seq": 6577, "trade_id": "246547601", "timestamp": 1679243641403, "tick_direction": 1, "price": 0.12, "mark_price": 0.11883959, "iv": 73.33, "instrument_name": "BTC-31MAR23-25000-C", "index_price": 27938.91, "direction": "buy", "amount": 0.6}, {"trade_seq": 6576, "trade_id": "246547589", "timestamp": 1679243641170, "tick_direction": 1, "price": 0.12, "mark_price": 0.11882772, "iv": 74.99, "instrument_name": "BTC-31MAR23-25000-C", "index_price": 27923.1, "direction": "buy", "amount": 0.4}, {"trade_seq": 6575, "trade_id": "246547588", "timestamp": 1679243641166, "tick_direction": 1, "price": 0.12, "mark_price": 0.11882772, "iv": 74.99, "instrument_name": "BTC-31MAR23-25000-C", "index_price": 27923.1, "direction": "buy", "amount": 0.7}, {"trade_seq": 6574, "trade_id": "246547587", "timestamp": 1679243641159, "tick_direction": 1, "price": 0.12, "mark_price": 0.11882772, "iv": 74.99, "instrument_name": "BTC-31MAR23-25000-C", "index_price": 27923.1, "direction": "buy", "amount": 0.1}, {"trade_seq": 6573, "trade_id": "246547582", "timestamp": 1679243641137, "tick_direction": 1, "price": 0.12, "mark_price": 0.11882772, "iv": 74.99, "instrument_name": "BTC-31MAR23-25000-C", "index_price": 27923.1, "direction": "buy", "amount": 0.5}, {"trade_seq": 6572, "trade_id": "246547581", "timestamp": 1679243641061, "tick_direction": 1, "price": 0.12, "mark_price": 0.11882772, "iv": 74.99, "instrument_name": "BTC-31MAR23-25000-C", "index_price": 27923.1, "direction": "buy", "amount": 0.5}, {"trade_seq": 6571, "trade_id": "246547574", "timestamp": 1679243640984, "tick_direction": 1, "price": 0.12, "mark_price": 0.11882772, "iv": 74.99, "instrument_name": "BTC-31MAR23-25000-C", "index_price": 27923.1, "direction": "buy", "amount": 0.1}, {"trade_seq": 6570, "trade_id": "246547573", "timestamp": 1679243640981, "tick_direction": 1, "price": 0.12, "mark_price": 0.11882772, "iv": 74.99, "instrument_name": "BTC-31MAR23-25000-C", "index_price": 27923.1, "direction": "buy", "amount": 0.6}, {"trade_seq": 6569, "trade_id": "246547572", "timestamp": 1679243640979, "tick_direction": 1, "price": 0.12, "mark_price": 0.11882772, "iv": 74.99, "instrument_name": "BTC-31MAR23-25000-C", "index_price": 27923.1, "direction": "buy", "amount": 0.2}, {"trade_seq": 6568, "trade_id": "246547569", "timestamp": 1679243640972, "tick_direction": 1, "price": 0.12, "mark_price": 0.11882772, "iv": 74.99, "instrument_name": "BTC-31MAR23-25000-C", "index_price": 27923.1, "direction": "buy", "amount": 1.0}, {"trade_seq": 6567, "trade_id": "246547568", "timestamp": 1679243640967, "tick_direction": 1, "price": 0.12, "mark_price": 0.11882772, "iv": 74.99, "instrument_name": "BTC-31MAR23-25000-C", "index_price": 27923.1, "direction": "buy", "amount": 1.9}, {"trade_seq": 6566, "trade_id": "246547567", "timestamp": 1679243640960, "tick_direction": 1, "price": 0.12, "mark_price": 0.11882772, "iv": 74.99, "instrument_name": "BTC-31MAR23-25000-C", "index_price": 27923.1, "direction": "buy", "amount": 0.1}, {"trade_seq": 6565, "trade_id": "246547563", "timestamp": 1679243640925, "tick_direction": 0, "price": 0.12, "mark_price": 0.11882772, "iv": 74.99, "instrument_name": "BTC-31MAR23-25000-C", "index_price": 27923.1, "direction": "buy", "amount": 0.2}, {"trade_seq": 6564, "trade_id": "246524290", "timestamp": 1679238673082, "tick_direction": 0, "price": 0.111, "mark_price": 0.11127016, "iv": 71.43, "instrument_name": "BTC-31MAR23-25000-C", "index_price": 27613.59, "direction": "buy", "amount": 0.1}, {"trade_seq": 6563, "trade_id": "246490785", "timestamp": 1679226783158, "tick_direction": 0, "price": 0.1, "mark_price": 0.10029523, "iv": 69.63, "instrument_name": "BTC-31MAR23-25000-C", "index_price": 27219.07, "direction": "buy", "amount": 0.1}, {"trade_seq": 6562, "trade_id": "246488761", "timestamp": 1679225376274, "tick_direction": 1, "price": 0.097, "mark_price": 0.09745126, "iv": 68.96, "instrument_name": "BTC-31MAR23-25000-C", "index_price": 27120.23, "direction": "buy", "amount": 2.5}, {"trade_seq": 6561, "trade_id": "246488759", "timestamp": 1679225376177, "tick_direction": 1, "price": 0.097, "mark_price": 0.09745126, "iv": 68.96, "instrument_name": "BTC-31MAR23-25000-C", "index_price": 27120.23, "direction": "buy", "amount": 1.3}, {"trade_seq": 6560, "trade_id": "246488758", "timestamp": 1679225373163, "tick_direction": 0, "price": 0.097, "mark_price": 0.0971871, "iv": 69.13, "instrument_name": "BTC-31MAR23-25000-C", "index_price": 27112.72, "direction": "buy", "amount": 1.2}, {"trade_seq": 6559, "trade_id": "246473070", "timestamp": 1679214052502, "tick_direction": 3, "price": 0.095, "mark_price": 0.09579713, "iv": 65.77, "instrument_name": "BTC-31MAR23-25000-C", "index_price": 27107.94, "direction": "buy", "amount": 0.3}, {"trade_seq": 6558, "trade_id": "246458352", "timestamp": 1679208990967, "tick_direction": 2, "price": 0.095, "mark_price": 0.09517765, "iv": 67.82, "instrument_name": "BTC-31MAR23-25000-C", "index_price": 27037.14, "direction": "buy", "amount": 0.5}, {"trade_seq": 6557, "trade_id": "246451307", "timestamp": 1679205440062, "tick_direction": 0, "price": 0.098, "mark_price": 0.09856857, "iv": 67.08, "instrument_name": "BTC-31MAR23-25000-C", "index_price": 27160.08, "direction": "sell", "amount": 0.1}, {"trade_seq": 6556, "trade_id": "246423807", "timestamp": 1679182130306, "tick_direction": 0, "price": 0.093, "mark_price": 0.09348751, "iv": 67.21, "instrument_name": "BTC-31MAR23-25000-C", "index_price": 26957.6, "direction": "buy", "amount": 0.1}, {"trade_seq": 6555, "trade_id": "246420735", "timestamp": 1679181071731, "tick_direction": 2, "price": 0.0925, "mark_price": 0.09307617, "iv": 67.25, "instrument_name": "BTC-31MAR23-25000-C", "index_price": 26926.58, "direction": "buy", "amount": 0.1}, {"trade_seq": 6554, "trade_id": "246400951", "timestamp": 1679172089983, "tick_direction": 0, "price": 0.1075, "mark_price": 0.10800545, "iv": 68.8, "instrument_name": "BTC-31MAR23-25000-C", "index_price": 27494.29, "direction": "buy", "amount": 0.1}, {"trade_seq": 6553, "trade_id": "246391936", "timestamp": 1679165013330, "tick_direction": 2, "price": 0.1055, "mark_price": 0.10514971, "iv": 70.72, "instrument_name": "BTC-31MAR23-25000-C", "index_price": 27363.96, "direction": "sell", "amount": 1.0}, {"trade_seq": 6552, "trade_id": "246313139", "timestamp": 1679138968268, "tick_direction": 2, "price": 0.1075, "mark_price": 0.10781074, "iv": 67.7, "instrument_name": "BTC-31MAR23-25000-C", "index_price": 27489.06, "direction": "buy", "amount": 0.1}, {"trade_seq": 6551, "trade_id": "246310534", "timestamp": 1679136454529, "tick_direction": 0, "price": 0.108, "mark_price": 0.10750465, "liquidation": "M", "iv": 69.15, "instrument_name": "BTC-31MAR23-25000-C", "index_price": 27481.56, "direction": "sell", "amount": 0.1}, {"trade_seq": 6550, "trade_id": "246308227", "timestamp": 1679134549438, "tick_direction": 2, "price": 0.0865, "mark_price": 0.10760118, "iv": 0.0, "instrument_name": "BTC-31MAR23-25000-C", "index_price": 27478.88, "direction": "buy", "amount": 0.3}, {"trade_seq": 6549, "trade_id": "246276056", "timestamp": 1679124856509, "tick_direction": 2, "price": 0.1065, "mark_price": 0.10841441, "iv": 64.96, "instrument_name": "BTC-31MAR23-25000-C", "index_price": 27486.67, "direction": "sell", "amount": 0.3}, {"trade_seq": 6548, "trade_id": "246270008", "timestamp": 1679121068657, "tick_direction": 0, "price": 0.1095, "mark_price": 0.10935018, "iv": 67.27, "instrument_name": "BTC-31MAR23-25000-C", "index_price": 27546.42, "direction": "sell", "amount": 1.0}, {"trade_seq": 6547, "trade_id": "246269982", "timestamp": 1679121022236, "tick_direction": 2, "price": 0.109, "mark_price": 0.10960163, "iv": 65.81, "instrument_name": "BTC-31MAR23-25000-C", "index_price": 27558.14, "direction": "sell", "amount": 1.0}, {"trade_seq": 6546, "trade_id": "246268251", "timestamp": 1679120045063, "tick_direction": 1, "price": 0.1125, "mark_price": 0.11027918, "iv": 71.0, "instrument_name": "BTC-31MAR23-25000-C", "index_price": 27582.65, "direction": "sell", "amount": 0.4}, {"trade_seq": 6545, "trade_id": "246268250", "timestamp": 1679120045063, "tick_direction": 0, "price": 0.1125, "mark_price": 0.11027918, "iv": 71.0, "instrument_name": "BTC-31MAR23-25000-C", "index_price": 27582.65, "direction": "sell", "amount": 18.6}, {"trade_seq": 6544, "trade_id": "246264256", "timestamp": 1679118477201, "tick_direction": 1, "price": 0.1085, "mark_price": 0.10840301, "iv": 66.99, "instrument_name": "BTC-31MAR23-25000-C", "index_price": 27522.0, "direction": "sell", "amount": 0.1}, {"trade_seq": 6543, "trade_id": "246264255", "timestamp": 1679118477199, "tick_direction": 0, "price": 0.1085, "mark_price": 0.10840301, "iv": 66.99, "instrument_name": "BTC-31MAR23-25000-C", "index_price": 27522.0, "direction": "sell", "amount": 0.9}, {"trade_seq": 6542, "trade_id": "246253720", "timestamp": 1679112849784, "tick_direction": 2, "price": 0.1025, "mark_price": 0.10233626, "iv": 65.63, "instrument_name": "BTC-31MAR23-25000-C", "index_price": 27296.09, "direction": "sell", "amount": 0.5}, {"trade_seq": 6541, "trade_id": "246252984", "timestamp": 1679112450563, "tick_direction": 2, "price": 0.1045, "mark_price": 0.10407069, "iv": 66.73, "instrument_name": "BTC-31MAR23-25000-C", "index_price": 27363.9, "direction": "sell", "amount": 0.1}, {"trade_seq": 6540, "trade_id": "246206426", "timestamp": 1679100044609, "tick_direction": 2, "price": 0.106, "mark_price": 0.10635422, "iv": 65.41, "instrument_name": "BTC-31MAR23-25000-C", "index_price": 27445.07, "direction": "buy", "amount": 0.1}, {"trade_seq": 6539, "trade_id": "246191583", "timestamp": 1679097472360, "tick_direction": 2, "price": 0.1065, "mark_price": 0.10674441, "iv": 68.07, "instrument_name": "BTC-31MAR23-25000-C", "index_price": 27414.64, "direction": "sell", "amount": 3.0}