{"trades": [{"trade_seq": 1144, "trade_id": "237665455", "timestamp": 1670949413029, "tick_direction": 1, "price": 0.0005, "mark_price": 3.253e-05, "iv": 133.57, "instrument_name": "BTC-30DEC22-38000-C", "index_price": 17809.43, "direction": "buy", "amount": 1.8}, {"trade_seq": 1143, "trade_id": "237665454", "timestamp": 1670949413029, "tick_direction": 1, "price": 0.0005, "mark_price": 3.253e-05, "iv": 133.57, "instrument_name": "BTC-30DEC22-38000-C", "index_price": 17809.43, "direction": "buy", "amount": 1.7}, {"trade_seq": 1142, "trade_id": "237549637", "timestamp": 1670773443589, "tick_direction": 1, "price": 0.0005, "mark_price": 3.857e-05, "iv": 131.62, "instrument_name": "BTC-30DEC22-38000-C", "index_price": 17147.62, "direction": "buy", "amount": 0.3}, {"trade_seq": 1141, "trade_id": "237548914", "timestamp": 1670767799456, "tick_direction": 1, "price": 0.0005, "mark_price": 3.946e-05, "iv": 131.4, "instrument_name": "BTC-30DEC22-38000-C", "index_price": 17149.48, "direction": "buy", "amount": 0.3}, {"trade_seq": 1140, "trade_id": "237204324", "timestamp": 1670062281544, "tick_direction": 1, "price": 0.0005, "mark_price": 0.00020772, "iv": 110.7, "instrument_name": "BTC-30DEC22-38000-C", "index_price": 16979.91, "direction": "buy", "amount": 0.1}, {"trade_seq": 1139, "trade_id": "237132972", "timestamp": 1669955899808, "tick_direction": 1, "price": 0.0005, "mark_price": 0.0002525, "iv": 108.73, "instrument_name": "BTC-30DEC22-38000-C", "index_price": 16925.74, "direction": "buy", "amount": 0.5}, {"trade_seq": 1138, "trade_id": "237037737", "timestamp": 1669852651145, "tick_direction": 0, "price": 0.0005, "mark_price": 0.0003757, "iv": 104.7, "instrument_name": "BTC-30DEC22-38000-C", "index_price": 17167.34, "direction": "buy", "combo_id": "BTC-CS-30DEC22-36000_38000", "block_trade_id": "57864", "amount": 27.6}, {"trade_seq": 1137, "trade_id": "237034865", "timestamp": 1669851012725, "tick_direction": 2, "price": 0.0003, "mark_price": 0.00037665, "iv": 99.5, "instrument_name": "BTC-30DEC22-38000-C", "index_price": 17182.79, "direction": "sell", "combo_id": "BTC-CS-30DEC22-38000_40000", "block_trade_id": "57859", "amount": 32.5}, {"trade_seq": 1136, "trade_id": "236983007", "timestamp": 1669819213363, "tick_direction": 3, "price": 0.0005, "mark_price": 0.00029513, "iv": 106.42, "instrument_name": "BTC-30DEC22-38000-C", "index_price": 16827.85, "direction": "buy", "amount": 0.1}, {"trade_seq": 1135, "trade_id": "236530782", "timestamp": 1669099056415, "tick_direction": 3, "price": 0.0005, "mark_price": 0.00068509, "iv": 101.27, "instrument_name": "BTC-30DEC22-38000-C", "index_price": 15736.57, "direction": "buy", "amount": 10.0}, {"trade_seq": 1134, "trade_id": "236521823", "timestamp": 1669082945415, "tick_direction": 3, "price": 0.0005, "mark_price": 0.00070921, "iv": 100.82, "instrument_name": "BTC-30DEC22-38000-C", "index_price": 15764.43, "direction": "sell", "amount": 10.0}, {"trade_seq": 1133, "trade_id": "236321540", "timestamp": 1668785431896, "tick_direction": 3, "price": 0.0005, "mark_price": 0.00091188, "iv": 91.51, "instrument_name": "BTC-30DEC22-38000-C", "index_price": 16674.23, "direction": "sell", "amount": 2.0}, {"trade_seq": 1132, "trade_id": "236321539", "timestamp": 1668785431896, "tick_direction": 3, "price": 0.0005, "mark_price": 0.00091188, "iv": 91.51, "instrument_name": "BTC-30DEC22-38000-C", "index_price": 16674.23, "direction": "sell", "amount": 1.8}, {"trade_seq": 1131, "trade_id": "236312349", "timestamp": 1668775126577, "tick_direction": 2, "price": 0.0005, "mark_price": 0.00071845, "iv": 90.8, "instrument_name": "BTC-30DEC22-38000-C", "index_price": 16755.75, "direction": "sell", "amount": 0.2}, {"trade_seq": 1130, "trade_id": "236307804", "timestamp": 1668767271406, "tick_direction": 3, "price": 0.001, "mark_price": 0.00071541, "iv": 97.85, "instrument_name": "BTC-30DEC22-38000-C", "index_price": 16759.62, "direction": "buy", "amount": 1.2}, {"trade_seq": 1129, "trade_id": "236307803", "timestamp": 1668767271406, "tick_direction": 2, "price": 0.001, "mark_price": 0.00071541, "iv": 97.85, "instrument_name": "BTC-30DEC22-38000-C", "index_price": 16759.62, "direction": "buy", "amount": 3.0}, {"trade_seq": 1128, "trade_id": "236185999", "timestamp": 1668626465089, "tick_direction": 1, "price": 0.0015, "mark_price": 0.00144528, "iv": 102.48, "instrument_name": "BTC-30DEC22-38000-C", "index_price": 16484.37, "direction": "sell", "amount": 5.4}, {"trade_seq": 1127, "trade_id": "236184969", "timestamp": 1668625664783, "tick_direction": 0, "price": 0.0015, "mark_price": 0.00142011, "iv": 102.5, "instrument_name": "BTC-30DEC22-38000-C", "index_price": 16489.32, "direction": "sell", "amount": 5.4}, {"trade_seq": 1126, "trade_id": "236127424", "timestamp": 1668600202622, "tick_direction": 3, "price": 0.001, "mark_price": 0.00092641, "iv": 96.11, "instrument_name": "BTC-30DEC22-38000-C", "index_price": 16686.32, "direction": "sell", "amount": 2.3}, {"trade_seq": 1125, "trade_id": "236127407", "timestamp": 1668600187556, "tick_direction": 3, "price": 0.001, "mark_price": 0.0009252, "iv": 96.12, "instrument_name": "BTC-30DEC22-38000-C", "index_price": 16685.53, "direction": "sell", "amount": 20.0}, {"trade_seq": 1124, "trade_id": "236104254", "timestamp": 1668582644802, "tick_direction": 2, "price": 0.001, "mark_price": 0.00090163, "iv": 94.95, "instrument_name": "BTC-30DEC22-38000-C", "index_price": 16859.29, "direction": "buy", "amount": 6.0}, {"trade_seq": 1123, "trade_id": "235621260", "timestamp": 1668240962246, "tick_direction": 0, "price": 0.0015, "mark_price": 0.00194763, "iv": 96.74, "instrument_name": "BTC-30DEC22-38000-C", "index_price": 16757.42, "direction": "sell", "amount": 5.0}, {"trade_seq": 1122, "trade_id": "235253560", "timestamp": 1668114694742, "tick_direction": 3, "price": 0.0015, "mark_price": 0.00106827, "iv": 88.0, "instrument_name": "BTC-30DEC22-38000-C", "index_price": 17901.34, "direction": "sell", "amount": 3.0}, {"trade_seq": 1121, "trade_id": "235253090", "timestamp": 1668114545221, "tick_direction": 2, "price": 0.0015, "mark_price": 0.00107021, "iv": 87.94, "instrument_name": "BTC-30DEC22-38000-C", "index_price": 17913.41, "direction": "sell", "amount": 2.0}, {"trade_seq": 1120, "trade_id": "235131738", "timestamp": 1668091263419, "tick_direction": 0, "price": 0.002, "mark_price": 0.00135668, "iv": 94.35, "instrument_name": "BTC-30DEC22-38000-C", "index_price": 17377.51, "direction": "sell", "amount": 1.0}, {"trade_seq": 1119, "trade_id": "234719227", "timestamp": 1668029227384, "tick_direction": 0, "price": 0.0015, "mark_price": 0.00093896, "iv": 97.91, "instrument_name": "BTC-30DEC22-38000-C", "index_price": 15985.18, "direction": "sell", "amount": 1.0}, {"trade_seq": 1118, "trade_id": "234307153", "timestamp": 1667956257268, "tick_direction": 2, "price": 0.001, "mark_price": 0.00091845, "iv": 79.04, "instrument_name": "BTC-30DEC22-38000-C", "index_price": 18408.52, "direction": "sell", "amount": 3.0}, {"trade_seq": 1117, "trade_id": "234253208", "timestamp": 1667939940999, "tick_direction": 0, "price": 0.0015, "mark_price": 0.00145625, "iv": 83.71, "instrument_name": "BTC-30DEC22-38000-C", "index_price": 18260.92, "direction": "sell", "amount": 5.6}, {"trade_seq": 1116, "trade_id": "234073975", "timestamp": 1667925737146, "tick_direction": 0, "price": 0.0015, "mark_price": 0.00112681, "iv": 71.79, "instrument_name": "BTC-30DEC22-38000-C", "index_price": 20589.52, "direction": "buy", "amount": 0.2}, {"trade_seq": 1115, "trade_id": "233966040", "timestamp": 1667887653144, "tick_direction": 3, "price": 0.0005, "mark_price": 0.0009401, "iv": 66.49, "instrument_name": "BTC-30DEC22-38000-C", "index_price": 19709.31, "direction": "sell", "amount": 23.0}, {"trade_seq": 1114, "trade_id": "233966039", "timestamp": 1667887653144, "tick_direction": 3, "price": 0.0005, "mark_price": 0.0009401, "iv": 66.49, "instrument_name": "BTC-30DEC22-38000-C", "index_price": 19709.31, "direction": "sell", "amount": 5.7}, {"trade_seq": 1113, "trade_id": "233966038", "timestamp": 1667887653144, "tick_direction": 3, "price": 0.0005, "mark_price": 0.0009401, "iv": 66.49, "instrument_name": "BTC-30DEC22-38000-C", "index_price": 19709.31, "direction": "sell", "amount": 5.0}, {"trade_seq": 1112, "trade_id": "233966037", "timestamp": 1667887653144, "tick_direction": 3, "price": 0.0005, "mark_price": 0.0009401, "iv": 66.49, "instrument_name": "BTC-30DEC22-38000-C", "index_price": 19709.31, "direction": "sell", "amount": 14.0}, {"trade_seq": 1111, "trade_id": "233966036", "timestamp": 1667887653144, "tick_direction": 2, "price": 0.0005, "mark_price": 0.0009401, "iv": 66.49, "instrument_name": "BTC-30DEC22-38000-C", "index_price": 19709.31, "direction": "sell", "amount": 0.8}, {"trade_seq": 1110, "trade_id": "233931334", "timestamp": 1667880766522, "tick_direction": 3, "price": 0.001, "mark_price": 0.00116643, "iv": 71.31, "instrument_name": "BTC-30DEC22-38000-C", "index_price": 19849.75, "direction": "sell", "amount": 7.4}, {"trade_seq": 1109, "trade_id": "233924731", "timestamp": 1667880638855, "tick_direction": 3, "price": 0.001, "mark_price": 0.00125606, "iv": 70.3, "instrument_name": "BTC-30DEC22-38000-C", "index_price": 20058.23, "direction": "sell", "amount": 7.2}, {"trade_seq": 1108, "trade_id": "233924730", "timestamp": 1667880638855, "tick_direction": 3, "price": 0.001, "mark_price": 0.00125606, "iv": 70.3, "instrument_name": "BTC-30DEC22-38000-C", "index_price": 20058.23, "direction": "sell", "amount": 3.0}, {"trade_seq": 1107, "trade_id": "233924729", "timestamp": 1667880638855, "tick_direction": 3, "price": 0.001, "mark_price": 0.00125606, "iv": 70.3, "instrument_name": "BTC-30DEC22-38000-C", "index_price": 20058.23, "direction": "sell", "amount": 5.0}, {"trade_seq": 1106, "trade_id": "233924728", "timestamp": 1667880638855, "tick_direction": 3, "price": 0.001, "mark_price": 0.00125606, "iv": 70.3, "instrument_name": "BTC-30DEC22-38000-C", "index_price": 20058.23, "direction": "sell", "amount": 0.5}, {"trade_seq": 1105, "trade_id": "233914797", "timestamp": 1667878059411, "tick_direction": 2, "price": 0.001, "mark_price": 0.00120992, "iv": 68.78, "instrument_name": "BTC-30DEC22-38000-C", "index_price": 20384.27, "direction": "buy", "block_trade_id": "55096", "amount": 1.0}, {"trade_seq": 1104, "trade_id": "233867643", "timestamp": 1667826222246, "tick_direction": 3, "price": 0.0015, "mark_price": 0.00144759, "iv": 70.23, "instrument_name": "BTC-30DEC22-38000-C", "index_price": 20763.93, "direction": "buy", "amount": 1.0}, {"trade_seq": 1103, "trade_id": "233860917", "timestamp": 1667813814910, "tick_direction": 3, "price": 0.0015, "mark_price": 0.00145873, "iv": 70.26, "instrument_name": "BTC-30DEC22-38000-C", "index_price": 20734.67, "direction": "sell", "amount": 3.5}, {"trade_seq": 1102, "trade_id": "233860675", "timestamp": 1667813560304, "tick_direction": 3, "price": 0.0015, "mark_price": 0.00130844, "iv": 70.18, "instrument_name": "BTC-30DEC22-38000-C", "index_price": 20748.73, "direction": "sell", "amount": 4.5}, {"trade_seq": 1101, "trade_id": "233860539", "timestamp": 1667813359609, "tick_direction": 3, "price": 0.0015, "mark_price": 0.00124473, "iv": 70.18, "instrument_name": "BTC-30DEC22-38000-C", "index_price": 20749.08, "direction": "buy", "amount": 20.0}, {"trade_seq": 1100, "trade_id": "233794384", "timestamp": 1667747572185, "tick_direction": 1, "price": 0.002, "mark_price": 0.00177638, "iv": 69.96, "instrument_name": "BTC-30DEC22-38000-C", "index_price": 21280.28, "direction": "buy", "amount": 7.9}, {"trade_seq": 1099, "trade_id": "233794383", "timestamp": 1667747572185, "tick_direction": 1, "price": 0.002, "mark_price": 0.00177638, "iv": 69.96, "instrument_name": "BTC-30DEC22-38000-C", "index_price": 21280.28, "direction": "buy", "amount": 4.1}, {"trade_seq": 1098, "trade_id": "233794382", "timestamp": 1667747572185, "tick_direction": 1, "price": 0.002, "mark_price": 0.00177638, "iv": 69.96, "instrument_name": "BTC-30DEC22-38000-C", "index_price": 21280.28, "direction": "buy", "amount": 3.0}, {"trade_seq": 1097, "trade_id": "233743902", "timestamp": 1667665413987, "tick_direction": 1, "price": 0.002, "mark_price": 0.00144633, "iv": 69.16, "instrument_name": "BTC-30DEC22-38000-C", "index_price": 21325.87, "direction": "buy", "amount": 0.9}, {"trade_seq": 1096, "trade_id": "233743901", "timestamp": 1667665413987, "tick_direction": 0, "price": 0.002, "mark_price": 0.00144633, "iv": 69.16, "instrument_name": "BTC-30DEC22-38000-C", "index_price": 21325.87, "direction": "buy", "amount": 0.1}, {"trade_seq": 1095, "trade_id": "233708398", "timestamp": 1667628744412, "tick_direction": 1, "price": 0.0015, "mark_price": 0.001742, "iv": 65.81, "instrument_name": "BTC-30DEC22-38000-C", "index_price": 21411.43, "direction": "sell", "amount": 1.0}, {"trade_seq": 1094, "trade_id": "233622239", "timestamp": 1667576126575, "tick_direction": 1, "price": 0.0015, "mark_price": 0.00173171, "iv": 66.68, "instrument_name": "BTC-30DEC22-38000-C", "index_price": 21135.65, "direction": "sell", "amount": 0.9}, {"trade_seq": 1093, "trade_id": "233622238", "timestamp": 1667576126575, "tick_direction": 1, "price": 0.0015, "mark_price": 0.00173171, "iv": 66.68, "instrument_name": "BTC-30DEC22-38000-C", "index_price": 21135.65, "direction": "sell", "amount": 4.1}, {"trade_seq": 1092, "trade_id": "233616944", "timestamp": 1667574827920, "tick_direction": 1, "price": 0.0015, "mark_price": 0.00168303, "iv": 66.59, "instrument_name": "BTC-30DEC22-38000-C", "index_price": 21151.86, "direction": "sell", "amount": 2.5}, {"trade_seq": 1091, "trade_id": "233616943", "timestamp": 1667574827920, "tick_direction": 1, "price": 0.0015, "mark_price": 0.00168303, "iv": 66.59, "instrument_name": "BTC-30DEC22-38000-C", "index_price": 21151.86, "direction": "sell", "amount": 2.5}, {"trade_seq": 1090, "trade_id": "233612043", "timestamp": 1667573815306, "tick_direction": 1, "price": 0.0015, "mark_price": 0.00139403, "iv": 66.27, "instrument_name": "BTC-30DEC22-38000-C", "index_price": 21215.2, "direction": "buy", "amount": 0.1}, {"trade_seq": 1089, "trade_id": "233612042", "timestamp": 1667573815306, "tick_direction": 1, "price": 0.0015, "mark_price": 0.00139403, "iv": 66.27, "instrument_name": "BTC-30DEC22-38000-C", "index_price": 21215.2, "direction": "buy", "amount": 0.2}, {"trade_seq": 1088, "trade_id": "233612041", "timestamp": 1667573815306, "tick_direction": 0, "price": 0.0015, "mark_price": 0.00139403, "iv": 66.27, "instrument_name": "BTC-30DEC22-38000-C", "index_price": 21215.2, "direction": "buy", "amount": 0.2}, {"trade_seq": 1087, "trade_id": "233512066", "timestamp": 1667505642391, "tick_direction": 3, "price": 0.0015, "mark_price": 0.00124477, "iv": 70.22, "instrument_name": "BTC-30DEC22-38000-C", "index_price": 20267.36, "direction": "buy", "amount": 0.4}, {"trade_seq": 1086, "trade_id": "233511441", "timestamp": 1667504320786, "tick_direction": 3, "price": 0.0015, "mark_price": 0.00122749, "iv": 70.28, "instrument_name": "BTC-30DEC22-38000-C", "index_price": 20249.27, "direction": "buy", "amount": 7.5}, {"trade_seq": 1085, "trade_id": "233511440", "timestamp": 1667504320786, "tick_direction": 3, "price": 0.0015, "mark_price": 0.00122749, "iv": 70.28, "instrument_name": "BTC-30DEC22-38000-C", "index_price": 20249.27, "direction": "buy", "amount": 1.9}, {"trade_seq": 1084, "trade_id": "233511439", "timestamp": 1667504320786, "tick_direction": 3, "price": 0.0015, "mark_price": 0.00122749, "iv": 70.28, "instrument_name": "BTC-30DEC22-38000-C", "index_price": 20249.27, "direction": "buy", "amount": 0.1}, {"trade_seq": 1083, "trade_id": "233439674", "timestamp": 1667420872503, "tick_direction": 3, "price": 0.0015, "mark_price": 0.0017176, "iv": 70.14, "instrument_name": "BTC-30DEC22-38000-C", "index_price": 20150.38, "direction": "sell", "amount": 5.0}, {"trade_seq": 1082, "trade_id": "233333651", "timestamp": 1667309326112, "tick_direction": 2, "price": 0.0015, "mark_price": 0.00172886, "iv": 67.68, "instrument_name": "BTC-30DEC22-38000-C", "index_price": 20524.34, "direction": "sell", "amount": 1.0}, {"trade_seq": 1081, "trade_id": "233280931", "timestamp": 1667225421444, "tick_direction": 2, "price": 0.002, "mark_price": 0.00215008, "iv": 70.83, "instrument_name": "BTC-30DEC22-38000-C", "index_price": 20302.41, "direction": "sell", "amount": 5.0}, {"trade_seq": 1080, "trade_id": "233259721", "timestamp": 1667210708540, "tick_direction": 1, "price": 0.0025, "mark_price": 0.00253052, "iv": 70.57, "instrument_name": "BTC-30DEC22-38000-C", "index_price": 20813.31, "direction": "buy", "amount": 0.2}, {"trade_seq": 1079, "trade_id": "233209900", "timestamp": 1667130239124, "tick_direction": 1, "price": 0.0025, "mark_price": 0.0022953, "iv": 70.31, "instrument_name": "BTC-30DEC22-38000-C", "index_price": 20762.57, "direction": "buy", "amount": 3.9}, {"trade_seq": 1078, "trade_id": "233209899", "timestamp": 1667130239124, "tick_direction": 1, "price": 0.0025, "mark_price": 0.0022953, "iv": 70.31, "instrument_name": "BTC-30DEC22-38000-C", "index_price": 20762.57, "direction": "buy", "amount": 0.2}, {"trade_seq": 1077, "trade_id": "233209898", "timestamp": 1667130239124, "tick_direction": 1, "price": 0.0025, "mark_price": 0.0022953, "iv": 70.31, "instrument_name": "BTC-30DEC22-38000-C", "index_price": 20762.57, "direction": "buy", "amount": 0.1}, {"trade_seq": 1076, "trade_id": "233182368", "timestamp": 1667068981680, "tick_direction": 0, "price": 0.0025, "mark_price": 0.00226046, "iv": 69.54, "instrument_name": "BTC-30DEC22-38000-C", "index_price": 20842.61, "direction": "buy", "amount": 4.0}, {"trade_seq": 1075, "trade_id": "233177311", "timestamp": 1667062012523, "tick_direction": 1, "price": 0.002, "mark_price": 0.00147664, "iv": 67.01, "instrument_name": "BTC-30DEC22-38000-C", "index_price": 20912.01, "direction": "buy", "amount": 3.6}, {"trade_seq": 1074, "trade_id": "233177174", "timestamp": 1667061698167, "tick_direction": 1, "price": 0.002, "mark_price": 0.00146932, "iv": 67.03, "instrument_name": "BTC-30DEC22-38000-C", "index_price": 20900.75, "direction": "buy", "amount": 0.2}, {"trade_seq": 1073, "trade_id": "233177173", "timestamp": 1667061698167, "tick_direction": 0, "price": 0.002, "mark_price": 0.00146932, "iv": 67.03, "instrument_name": "BTC-30DEC22-38000-C", "index_price": 20900.75, "direction": "buy", "amount": 4.9}, {"trade_seq": 1072, "trade_id": "233151374", "timestamp": 1667037974258, "tick_direction": 2, "price": 0.001, "mark_price": 0.00144873, "iv": 60.84, "instrument_name": "BTC-30DEC22-38000-C", "index_price": 20946.48, "direction": "sell", "amount": 0.1}, {"trade_seq": 1071, "trade_id": "233139270", "timestamp": 1667021904481, "tick_direction": 0, "price": 0.0025, "mark_price": 0.00209213, "iv": 69.87, "instrument_name": "BTC-30DEC22-38000-C", "index_price": 20710.21, "direction": "buy", "amount": 3.5}, {"trade_seq": 1070, "trade_id": "233054217", "timestamp": 1666944996275, "tick_direction": 2, "price": 0.0015, "mark_price": 0.00196705, "iv": 67.12, "instrument_name": "BTC-30DEC22-38000-C", "index_price": 20124.52, "direction": "sell", "amount": 1.3}, {"trade_seq": 1069, "trade_id": "233046909", "timestamp": 1666943202154, "tick_direction": 3, "price": 0.002, "mark_price": 0.00227843, "iv": 69.72, "instrument_name": "BTC-30DEC22-38000-C", "index_price": 20131.81, "direction": "buy", "amount": 18.7}, {"trade_seq": 1068, "trade_id": "233046908", "timestamp": 1666943202148, "tick_direction": 2, "price": 0.002, "mark_price": 0.00227843, "iv": 69.72, "instrument_name": "BTC-30DEC22-38000-C", "index_price": 20131.81, "direction": "sell", "amount": 6.3}, {"trade_seq": 1067, "trade_id": "233015646", "timestamp": 1666905365601, "tick_direction": 2, "price": 0.003, "mark_price": 0.0024458, "iv": 72.63, "instrument_name": "BTC-30DEC22-38000-C", "index_price": 20356.99, "direction": "buy", "amount": 3.0}, {"trade_seq": 1066, "trade_id": "232930189", "timestamp": 1666843036082, "tick_direction": 0, "price": 0.0035, "mark_price": 0.00346958, "iv": 72.1, "instrument_name": "BTC-30DEC22-38000-C", "index_price": 20765.62, "direction": "buy", "amount": 0.3}, {"trade_seq": 1065, "trade_id": "232929212", "timestamp": 1666840919272, "tick_direction": 2, "price": 0.003, "mark_price": 0.00342004, "iv": 70.68, "instrument_name": "BTC-30DEC22-38000-C", "index_price": 20693.42, "direction": "sell", "amount": 3.0}, {"trade_seq": 1064, "trade_id": "232833918", "timestamp": 1666786325022, "tick_direction": 3, "price": 0.0035, "mark_price": 0.00363969, "iv": 72.57, "instrument_name": "BTC-30DEC22-38000-C", "index_price": 20580.23, "direction": "sell", "amount": 5.0}, {"trade_seq": 1063, "trade_id": "232833917", "timestamp": 1666786325022, "tick_direction": 2, "price": 0.0035, "mark_price": 0.00363969, "iv": 72.57, "instrument_name": "BTC-30DEC22-38000-C", "index_price": 20580.23, "direction": "sell", "amount": 2.0}, {"trade_seq": 1062, "trade_id": "232828001", "timestamp": 1666780806003, "tick_direction": 0, "price": 0.004, "mark_price": 0.00424701, "iv": 73.8, "instrument_name": "BTC-30DEC22-38000-C", "index_price": 20643.61, "direction": "sell", "amount": 3.0}, {"trade_seq": 1061, "trade_id": "232760024", "timestamp": 1666738141897, "tick_direction": 1, "price": 0.0025, "mark_price": 0.00269738, "iv": 70.85, "instrument_name": "BTC-30DEC22-38000-C", "index_price": 20074.57, "direction": "sell", "amount": 0.1}, {"trade_seq": 1060, "trade_id": "232630813", "timestamp": 1666668725738, "tick_direction": 0, "price": 0.0025, "mark_price": 0.00224794, "iv": 73.83, "instrument_name": "BTC-30DEC22-38000-C", "index_price": 19356.33, "direction": "buy", "amount": 2.2}, {"trade_seq": 1059, "trade_id": "232555782", "timestamp": 1666549461763, "tick_direction": 1, "price": 0.002, "mark_price": 0.00173999, "iv": 70.29, "instrument_name": "BTC-30DEC22-38000-C", "index_price": 19476.12, "direction": "buy", "amount": 3.7}, {"trade_seq": 1058, "trade_id": "232555781", "timestamp": 1666549461763, "tick_direction": 1, "price": 0.002, "mark_price": 0.00173999, "iv": 70.29, "instrument_name": "BTC-30DEC22-38000-C", "index_price": 19476.12, "direction": "buy", "amount": 0.8}, {"trade_seq": 1057, "trade_id": "232554475", "timestamp": 1666548390610, "tick_direction": 1, "price": 0.002, "mark_price": 0.00176419, "iv": 70.35, "instrument_name": "BTC-30DEC22-38000-C", "index_price": 19460.45, "direction": "buy", "amount": 4.5}, {"trade_seq": 1056, "trade_id": "232554252", "timestamp": 1666548235657, "tick_direction": 1, "price": 0.002, "mark_price": 0.00173624, "iv": 70.52, "instrument_name": "BTC-30DEC22-38000-C", "index_price": 19420.56, "direction": "buy", "amount": 7.0}, {"trade_seq": 1055, "trade_id": "232554047", "timestamp": 1666548135850, "tick_direction": 1, "price": 0.002, "mark_price": 0.00181092, "iv": 70.16, "instrument_name": "BTC-30DEC22-38000-C", "index_price": 19501.78, "direction": "buy", "amount": 2.0}, {"trade_seq": 1054, "trade_id": "232545260", "timestamp": 1666535316852, "tick_direction": 0, "price": 0.002, "mark_price": 0.00173572, "iv": 71.49, "instrument_name": "BTC-30DEC22-38000-C", "index_price": 19188.47, "direction": "buy", "amount": 5.0}, {"trade_seq": 1053, "trade_id": "232513817", "timestamp": 1666411678334, "tick_direction": 3, "price": 0.0015, "mark_price": 0.00174106, "iv": 68.28, "instrument_name": "BTC-30DEC22-38000-C", "index_price": 19153.78, "direction": "sell", "amount": 0.5}, {"trade_seq": 1052, "trade_id": "232513815", "timestamp": 1666411675665, "tick_direction": 3, "price": 0.0015, "mark_price": 0.00174099, "iv": 68.28, "instrument_name": "BTC-30DEC22-38000-C", "index_price": 19153.52, "direction": "sell", "amount": 0.5}, {"trade_seq": 1051, "trade_id": "232513380", "timestamp": 1666409816392, "tick_direction": 3, "price": 0.0015, "mark_price": 0.0017331, "iv": 68.39, "instrument_name": "BTC-30DEC22-38000-C", "index_price": 19132.77, "direction": "sell", "amount": 1.0}, {"trade_seq": 1050, "trade_id": "232489691", "timestamp": 1666367435399, "tick_direction": 3, "price": 0.0015, "mark_price": 0.00124837, "iv": 68.35, "instrument_name": "BTC-30DEC22-38000-C", "index_price": 19081.54, "direction": "buy", "amount": 20.0}, {"trade_seq": 1049, "trade_id": "232370601", "timestamp": 1666253541859, "tick_direction": 2, "price": 0.0015, "mark_price": 0.00183382, "iv": 67.47, "instrument_name": "BTC-30DEC22-38000-C", "index_price": 19140.67, "direction": "sell", "amount": 1.0}, {"trade_seq": 1048, "trade_id": "232357306", "timestamp": 1666237420162, "tick_direction": 3, "price": 0.002, "mark_price": 0.00194031, "iv": 70.54, "instrument_name": "BTC-30DEC22-38000-C", "index_price": 19026.83, "direction": "sell", "amount": 1.0}, {"trade_seq": 1047, "trade_id": "232357043", "timestamp": 1666237168567, "tick_direction": 2, "price": 0.002, "mark_price": 0.00184088, "iv": 70.55, "instrument_name": "BTC-30DEC22-38000-C", "index_price": 19023.02, "direction": "buy", "amount": 1.0}, {"trade_seq": 1046, "trade_id": "232333391", "timestamp": 1666201517292, "tick_direction": 0, "price": 0.0025, "mark_price": 0.00196672, "iv": 71.91, "instrument_name": "BTC-30DEC22-38000-C", "index_price": 19165.03, "direction": "buy", "amount": 0.1}, {"trade_seq": 1045, "trade_id": "232312781", "timestamp": 1666180120283, "tick_direction": 3, "price": 0.002, "mark_price": 0.0019694, "iv": 69.49, "instrument_name": "BTC-30DEC22-38000-C", "index_price": 19187.46, "direction": "buy", "amount": 12.8}, {"trade_seq": 1044, "trade_id": "232312780", "timestamp": 1666180120279, "tick_direction": 2, "price": 0.002, "mark_price": 0.0019694, "iv": 69.49, "instrument_name": "BTC-30DEC22-38000-C", "index_price": 19187.46, "direction": "buy", "amount": 26.2}, {"trade_seq": 1043, "trade_id": "232221443", "timestamp": 1666079349286, "tick_direction": 0, "price": 0.0025, "mark_price": 0.00238823, "iv": 69.03, "instrument_name": "BTC-30DEC22-38000-C", "index_price": 19649.77, "direction": "buy", "amount": 1.0}, {"trade_seq": 1042, "trade_id": "232200032", "timestamp": 1666044607661, "tick_direction": 3, "price": 0.002, "mark_price": 0.00192927, "iv": 66.94, "instrument_name": "BTC-30DEC22-38000-C", "index_price": 19599.84, "direction": "buy", "amount": 1.0}, {"trade_seq": 1041, "trade_id": "232187989", "timestamp": 1666025626837, "tick_direction": 3, "price": 0.002, "mark_price": 0.0019626, "iv": 67.19, "instrument_name": "BTC-30DEC22-38000-C", "index_price": 19524.38, "direction": "buy", "amount": 0.5}, {"trade_seq": 1040, "trade_id": "232187856", "timestamp": 1666025344522, "tick_direction": 3, "price": 0.002, "mark_price": 0.0019425, "iv": 67.28, "instrument_name": "BTC-30DEC22-38000-C", "index_price": 19502.6, "direction": "buy", "amount": 0.5}, {"trade_seq": 1039, "trade_id": "232147448", "timestamp": 1665976062616, "tick_direction": 3, "price": 0.002, "mark_price": 0.00194222, "iv": 68.43, "instrument_name": "BTC-30DEC22-38000-C", "index_price": 19176.97, "direction": "buy", "amount": 20.0}, {"trade_seq": 1038, "trade_id": "232093160", "timestamp": 1665834799935, "tick_direction": 2, "price": 0.002, "mark_price": 0.00196332, "iv": 67.72, "instrument_name": "BTC-30DEC22-38000-C", "index_price": 19159.06, "direction": "buy", "amount": 0.2}, {"trade_seq": 1037, "trade_id": "232024070", "timestamp": 1665749821339, "tick_direction": 2, "price": 0.0025, "mark_price": 0.00245295, "iv": 67.48, "instrument_name": "BTC-30DEC22-38000-C", "index_price": 19618.68, "direction": "buy", "amount": 1.0}, {"trade_seq": 1036, "trade_id": "231805625", "timestamp": 1665642207489, "tick_direction": 0, "price": 0.0035, "mark_price": 0.00338824, "iv": 72.76, "instrument_name": "BTC-30DEC22-38000-C", "index_price": 19087.36, "direction": "buy", "amount": 1.0}, {"trade_seq": 1035, "trade_id": "231747431", "timestamp": 1665538828658, "tick_direction": 3, "price": 0.0025, "mark_price": 0.00295133, "iv": 68.91, "instrument_name": "BTC-30DEC22-38000-C", "index_price": 19037.95, "direction": "sell", "amount": 5.4}, {"trade_seq": 1034, "trade_id": "231747430", "timestamp": 1665538828658, "tick_direction": 2, "price": 0.0025, "mark_price": 0.00295133, "iv": 68.91, "instrument_name": "BTC-30DEC22-38000-C", "index_price": 19037.95, "direction": "sell", "amount": 4.6}, {"trade_seq": 1033, "trade_id": "231723676", "timestamp": 1665505935629, "tick_direction": 1, "price": 0.0035, "mark_price": 0.00297403, "iv": 71.84, "instrument_name": "BTC-30DEC22-38000-C", "index_price": 19119.68, "direction": "buy", "amount": 1.5}, {"trade_seq": 1032, "trade_id": "231723675", "timestamp": 1665505935629, "tick_direction": 1, "price": 0.0035, "mark_price": 0.00297403, "iv": 71.84, "instrument_name": "BTC-30DEC22-38000-C", "index_price": 19119.68, "direction": "buy", "amount": 6.5}, {"trade_seq": 1031, "trade_id": "231723674", "timestamp": 1665505935629, "tick_direction": 1, "price": 0.0035, "mark_price": 0.00297403, "iv": 71.84, "instrument_name": "BTC-30DEC22-38000-C", "index_price": 19119.68, "direction": "buy", "amount": 1.0}, {"trade_seq": 1030, "trade_id": "231723673", "timestamp": 1665505935629, "tick_direction": 0, "price": 0.0035, "mark_price": 0.00297403, "iv": 71.84, "instrument_name": "BTC-30DEC22-38000-C", "index_price": 19119.68, "direction": "buy", "amount": 1.0}, {"trade_seq": 1029, "trade_id": "231692192", "timestamp": 1665486632699, "tick_direction": 3, "price": 0.003, "mark_price": 0.00325546, "iv": 70.12, "instrument_name": "BTC-30DEC22-38000-C", "index_price": 19111.58, "direction": "sell", "amount": 1.0}, {"trade_seq": 1028, "trade_id": "231679055", "timestamp": 1665469442221, "tick_direction": 3, "price": 0.003, "mark_price": 0.0032496, "iv": 70.33, "instrument_name": "BTC-30DEC22-38000-C", "index_price": 19045.44, "direction": "sell", "amount": 0.1}, {"trade_seq": 1027, "trade_id": "231679054", "timestamp": 1665469442221, "tick_direction": 3, "price": 0.003, "mark_price": 0.0032496, "iv": 70.33, "instrument_name": "BTC-30DEC22-38000-C", "index_price": 19045.44, "direction": "sell", "amount": 2.0}, {"trade_seq": 1026, "trade_id": "231582405", "timestamp": 1665388901034, "tick_direction": 2, "price": 0.003, "mark_price": 0.00324371, "iv": 68.3, "instrument_name": "BTC-30DEC22-38000-C", "index_price": 19417.23, "direction": "sell", "amount": 1.0}, {"trade_seq": 1025, "trade_id": "231451777", "timestamp": 1665165021203, "tick_direction": 2, "price": 0.004, "mark_price": 0.0039584, "iv": 70.12, "instrument_name": "BTC-30DEC22-38000-C", "index_price": 19456.73, "direction": "buy", "amount": 0.2}, {"trade_seq": 1024, "trade_id": "231160181", "timestamp": 1664953168109, "tick_direction": 1, "price": 0.006, "mark_price": 0.00585853, "iv": 70.38, "instrument_name": "BTC-30DEC22-38000-C", "index_price": 20256.73, "direction": "sell", "amount": 0.1}, {"trade_seq": 1023, "trade_id": "231160180", "timestamp": 1664953168099, "tick_direction": 1, "price": 0.006, "mark_price": 0.00585853, "iv": 70.38, "instrument_name": "BTC-30DEC22-38000-C", "index_price": 20256.73, "direction": "sell", "amount": 0.1}, {"trade_seq": 1022, "trade_id": "231160179", "timestamp": 1664953168062, "tick_direction": 1, "price": 0.006, "mark_price": 0.00585853, "iv": 70.38, "instrument_name": "BTC-30DEC22-38000-C", "index_price": 20256.73, "direction": "sell", "amount": 0.1}, {"trade_seq": 1021, "trade_id": "231138384", "timestamp": 1664919222326, "tick_direction": 0, "price": 0.006, "mark_price": 0.00572541, "iv": 69.88, "instrument_name": "BTC-30DEC22-38000-C", "index_price": 20334.98, "direction": "buy", "amount": 2.0}, {"trade_seq": 1020, "trade_id": "231101925", "timestamp": 1664892765323, "tick_direction": 1, "price": 0.0055, "mark_price": 0.00538561, "iv": 69.23, "instrument_name": "BTC-30DEC22-38000-C", "index_price": 20211.26, "direction": "buy", "amount": 1.0}, {"trade_seq": 1019, "trade_id": "231101924", "timestamp": 1664892765323, "tick_direction": 1, "price": 0.0055, "mark_price": 0.00538561, "iv": 69.23, "instrument_name": "BTC-30DEC22-38000-C", "index_price": 20211.26, "direction": "buy", "amount": 1.0}, {"trade_seq": 1018, "trade_id": "231065884", "timestamp": 1664867976327, "tick_direction": 0, "price": 0.0055, "mark_price": 0.00545954, "iv": 70.27, "instrument_name": "BTC-30DEC22-38000-C", "index_price": 19923.19, "direction": "buy", "amount": 1.0}, {"trade_seq": 1017, "trade_id": "231060133", "timestamp": 1664865192386, "tick_direction": 1, "price": 0.005, "mark_price": 0.00550324, "iv": 69.76, "instrument_name": "BTC-30DEC22-38000-C", "index_price": 19773.55, "direction": "sell", "amount": 2.0}, {"trade_seq": 1016, "trade_id": "231060132", "timestamp": 1664865192386, "tick_direction": 1, "price": 0.005, "mark_price": 0.00550324, "iv": 69.76, "instrument_name": "BTC-30DEC22-38000-C", "index_price": 19773.55, "direction": "sell", "amount": 1.0}, {"trade_seq": 1015, "trade_id": "230966920", "timestamp": 1664774884110, "tick_direction": 1, "price": 0.005, "mark_price": 0.00495221, "iv": 72.29, "instrument_name": "BTC-30DEC22-38000-C", "index_price": 19106.13, "direction": "buy", "amount": 0.1}, {"trade_seq": 1014, "trade_id": "230966919", "timestamp": 1664774882501, "tick_direction": 1, "price": 0.005, "mark_price": 0.00494744, "iv": 72.29, "instrument_name": "BTC-30DEC22-38000-C", "index_price": 19105.81, "direction": "buy", "amount": 0.1}, {"trade_seq": 1013, "trade_id": "230966918", "timestamp": 1664774882402, "tick_direction": 1, "price": 0.005, "mark_price": 0.00494744, "iv": 72.29, "instrument_name": "BTC-30DEC22-38000-C", "index_price": 19105.81, "direction": "buy", "amount": 0.1}, {"trade_seq": 1012, "trade_id": "230966917", "timestamp": 1664774882049, "tick_direction": 1, "price": 0.005, "mark_price": 0.00494744, "iv": 72.3, "instrument_name": "BTC-30DEC22-38000-C", "index_price": 19103.44, "direction": "buy", "amount": 0.1}, {"trade_seq": 1011, "trade_id": "230966913", "timestamp": 1664774872101, "tick_direction": 0, "price": 0.005, "mark_price": 0.00495064, "iv": 72.29, "instrument_name": "BTC-30DEC22-38000-C", "index_price": 19105.19, "direction": "buy", "amount": 0.1}, {"trade_seq": 1010, "trade_id": "230898291", "timestamp": 1664694242390, "tick_direction": 2, "price": 0.0045, "mark_price": 0.00469227, "iv": 70.0, "instrument_name": "BTC-30DEC22-38000-C", "index_price": 19262.82, "direction": "sell", "amount": 7.0}, {"trade_seq": 1009, "trade_id": "230838040", "timestamp": 1664569654813, "tick_direction": 3, "price": 0.005, "mark_price": 0.00548695, "iv": 69.73, "instrument_name": "BTC-30DEC22-38000-C", "index_price": 19489.98, "direction": "sell", "amount": 5.9}, {"trade_seq": 1008, "trade_id": "230838039", "timestamp": 1664569654813, "tick_direction": 2, "price": 0.005, "mark_price": 0.00548695, "iv": 69.73, "instrument_name": "BTC-30DEC22-38000-C", "index_price": 19489.98, "direction": "sell", "amount": 0.1}, {"trade_seq": 1007, "trade_id": "230776213", "timestamp": 1664548204181, "tick_direction": 3, "price": 0.0055, "mark_price": 0.00545032, "iv": 70.26, "instrument_name": "BTC-30DEC22-38000-C", "index_price": 19602.33, "direction": "buy", "amount": 1.0}, {"trade_seq": 1006, "trade_id": "230736947", "timestamp": 1664528453911, "tick_direction": 2, "price": 0.0055, "mark_price": 0.00598167, "iv": 70.2, "instrument_name": "BTC-30DEC22-38000-C", "index_price": 19608.02, "direction": "buy", "amount": 12.0}, {"trade_seq": 1005, "trade_id": "230502910", "timestamp": 1664364816621, "tick_direction": 0, "price": 0.0065, "mark_price": 0.00632919, "iv": 74.29, "instrument_name": "BTC-30DEC22-38000-C", "index_price": 18974.71, "direction": "buy", "amount": 10.0}, {"trade_seq": 1004, "trade_id": "230455270", "timestamp": 1664336549044, "tick_direction": 1, "price": 0.006, "mark_price": 0.00588769, "iv": 74.34, "instrument_name": "BTC-30DEC22-38000-C", "index_price": 18694.58, "direction": "buy", "amount": 0.1}, {"trade_seq": 1003, "trade_id": "230455269", "timestamp": 1664336548859, "tick_direction": 1, "price": 0.006, "mark_price": 0.00588769, "iv": 74.34, "instrument_name": "BTC-30DEC22-38000-C", "index_price": 18694.23, "direction": "buy", "amount": 0.3}, {"trade_seq": 1002, "trade_id": "230455267", "timestamp": 1664336546836, "tick_direction": 1, "price": 0.006, "mark_price": 0.00588681, "iv": 74.34, "instrument_name": "BTC-30DEC22-38000-C", "index_price": 18694.13, "direction": "buy", "amount": 0.4}, {"trade_seq": 1001, "trade_id": "230455013", "timestamp": 1664336353335, "tick_direction": 1, "price": 0.006, "mark_price": 0.00595189, "iv": 74.26, "instrument_name": "BTC-30DEC22-38000-C", "index_price": 18717.14, "direction": "buy", "amount": 0.1}, {"trade_seq": 1000, "trade_id": "230455010", "timestamp": 1664336340230, "tick_direction": 1, "price": 0.006, "mark_price": 0.00595229, "iv": 74.26, "instrument_name": "BTC-30DEC22-38000-C", "index_price": 18716.71, "direction": "buy", "amount": 0.1}, {"trade_seq": 999, "trade_id": "230455009", "timestamp": 1664336340044, "tick_direction": 1, "price": 0.006, "mark_price": 0.00595229, "iv": 74.26, "instrument_name": "BTC-30DEC22-38000-C", "index_price": 18716.71, "direction": "buy", "amount": 0.1}, {"trade_seq": 998, "trade_id": "230455008", "timestamp": 1664336340020, "tick_direction": 1, "price": 0.006, "mark_price": 0.00595229, "iv": 74.26, "instrument_name": "BTC-30DEC22-38000-C", "index_price": 18716.71, "direction": "buy", "amount": 0.1}, {"trade_seq": 997, "trade_id": "230455007", "timestamp": 1664336339988, "tick_direction": 1, "price": 0.006, "mark_price": 0.00595229, "iv": 74.26, "instrument_name": "BTC-30DEC22-38000-C", "index_price": 18716.71, "direction": "buy", "amount": 0.1}, {"trade_seq": 996, "trade_id": "230455002", "timestamp": 1664336330555, "tick_direction": 1, "price": 0.006, "mark_price": 0.00594725, "iv": 74.27, "instrument_name": "BTC-30DEC22-38000-C", "index_price": 18714.47, "direction": "buy", "amount": 0.1}, {"trade_seq": 995, "trade_id": "230455001", "timestamp": 1664336330524, "tick_direction": 1, "price": 0.006, "mark_price": 0.00594725, "iv": 74.27, "instrument_name": "BTC-30DEC22-38000-C", "index_price": 18714.47, "direction": "buy", "amount": 0.1}, {"trade_seq": 994, "trade_id": "230455000", "timestamp": 1664336330496, "tick_direction": 1, "price": 0.006, "mark_price": 0.00594725, "iv": 74.27, "instrument_name": "BTC-30DEC22-38000-C", "index_price": 18714.47, "direction": "buy", "amount": 0.1}, {"trade_seq": 993, "trade_id": "230454999", "timestamp": 1664336330421, "tick_direction": 1, "price": 0.006, "mark_price": 0.00594725, "iv": 74.27, "instrument_name": "BTC-30DEC22-38000-C", "index_price": 18714.47, "direction": "buy", "amount": 0.1}, {"trade_seq": 992, "trade_id": "230454993", "timestamp": 1664336328161, "tick_direction": 1, "price": 0.006, "mark_price": 0.00594978, "iv": 74.27, "instrument_name": "BTC-30DEC22-38000-C", "index_price": 18713.46, "direction": "buy", "amount": 0.1}, {"trade_seq": 991, "trade_id": "230454992", "timestamp": 1664336326123, "tick_direction": 1, "price": 0.006, "mark_price": 0.0059495, "iv": 74.27, "instrument_name": "BTC-30DEC22-38000-C", "index_price": 18713.17, "direction": "buy", "amount": 0.1}, {"trade_seq": 990, "trade_id": "230454991", "timestamp": 1664336325947, "tick_direction": 0, "price": 0.006, "mark_price": 0.0059495, "iv": 74.27, "instrument_name": "BTC-30DEC22-38000-C", "index_price": 18713.17, "direction": "buy", "amount": 0.1}, {"trade_seq": 989, "trade_id": "230405411", "timestamp": 1664303965446, "tick_direction": 3, "price": 0.0055, "mark_price": 0.00559708, "iv": 71.72, "instrument_name": "BTC-30DEC22-38000-C", "index_price": 19024.23, "direction": "buy", "amount": 0.2}, {"trade_seq": 988, "trade_id": "230405407", "timestamp": 1664303965230, "tick_direction": 2, "price": 0.0055, "mark_price": 0.00559708, "iv": 71.72, "instrument_name": "BTC-30DEC22-38000-C", "index_price": 19024.23, "direction": "buy", "amount": 0.1}, {"trade_seq": 987, "trade_id": "230301564", "timestamp": 1664248292345, "tick_direction": 0, "price": 0.0065, "mark_price": 0.00667288, "iv": 68.61, "instrument_name": "BTC-30DEC22-38000-C", "index_price": 20170.98, "direction": "buy", "amount": 2.0}, {"trade_seq": 986, "trade_id": "230259441", "timestamp": 1664216230323, "tick_direction": 3, "price": 0.0055, "mark_price": 0.00547346, "iv": 70.68, "instrument_name": "BTC-30DEC22-38000-C", "index_price": 19165.39, "direction": "buy", "amount": 0.3}, {"trade_seq": 985, "trade_id": "230238755", "timestamp": 1664198331828, "tick_direction": 3, "price": 0.0055, "mark_price": 0.00524062, "iv": 70.99, "instrument_name": "BTC-30DEC22-38000-C", "index_price": 19080.13, "direction": "buy", "amount": 2.0}, {"trade_seq": 984, "trade_id": "230092844", "timestamp": 1664014625747, "tick_direction": 3, "price": 0.0055, "mark_price": 0.00503426, "iv": 70.46, "instrument_name": "BTC-30DEC22-38000-C", "index_price": 19021.78, "direction": "sell", "amount": 4.7}, {"trade_seq": 983, "trade_id": "230092733", "timestamp": 1664014617731, "tick_direction": 3, "price": 0.0055, "mark_price": 0.00499443, "iv": 70.45, "instrument_name": "BTC-30DEC22-38000-C", "index_price": 19024.18, "direction": "buy", "amount": 4.4}, {"trade_seq": 982, "trade_id": "230092732", "timestamp": 1664014617731, "tick_direction": 3, "price": 0.0055, "mark_price": 0.00499443, "iv": 70.45, "instrument_name": "BTC-30DEC22-38000-C", "index_price": 19024.18, "direction": "buy", "amount": 0.4}, {"trade_seq": 981, "trade_id": "230087966", "timestamp": 1664006866796, "tick_direction": 3, "price": 0.0055, "mark_price": 0.00559106, "iv": 70.53, "instrument_name": "BTC-30DEC22-38000-C", "index_price": 18980.04, "direction": "sell", "amount": 0.6}, {"trade_seq": 980, "trade_id": "230087628", "timestamp": 1664006596054, "tick_direction": 3, "price": 0.0055, "mark_price": 0.00559886, "iv": 70.52, "instrument_name": "BTC-30DEC22-38000-C", "index_price": 18982.59, "direction": "buy", "amount": 0.7}, {"trade_seq": 979, "trade_id": "230087532", "timestamp": 1664006525285, "tick_direction": 2, "price": 0.0055, "mark_price": 0.00563371, "iv": 70.52, "instrument_name": "BTC-30DEC22-38000-C", "index_price": 18984.6, "direction": "sell", "amount": 1.3}, {"trade_seq": 978, "trade_id": "230017581", "timestamp": 1663943035618, "tick_direction": 1, "price": 0.006, "mark_price": 0.00593273, "iv": 73.02, "instrument_name": "BTC-30DEC22-38000-C", "index_price": 18589.63, "direction": "sell", "amount": 1.0}, {"trade_seq": 977, "trade_id": "229997053", "timestamp": 1663928481816, "tick_direction": 0, "price": 0.006, "mark_price": 0.00583844, "iv": 70.85, "instrument_name": "BTC-30DEC22-38000-C", "index_price": 19083.7, "direction": "buy", "amount": 1.0}, {"trade_seq": 976, "trade_id": "229993715", "timestamp": 1663925750404, "tick_direction": 2, "price": 0.0055, "mark_price": 0.00567884, "iv": 70.13, "instrument_name": "BTC-30DEC22-38000-C", "index_price": 19012.59, "direction": "sell", "amount": 1.0}, {"trade_seq": 975, "trade_id": "229743469", "timestamp": 1663783199949, "tick_direction": 0, "price": 0.008, "mark_price": 0.00816837, "iv": 70.93, "instrument_name": "BTC-30DEC22-38000-C", "index_price": 19770.95, "direction": "buy", "amount": 1.0}, {"trade_seq": 974, "trade_id": "229703493", "timestamp": 1663755376471, "tick_direction": 3, "price": 0.0065, "mark_price": 0.00695705, "iv": 71.41, "instrument_name": "BTC-30DEC22-38000-C", "index_price": 19007.31, "direction": "buy", "amount": 4.0}, {"trade_seq": 973, "trade_id": "229703490", "timestamp": 1663755376424, "tick_direction": 3, "price": 0.0065, "mark_price": 0.00695736, "iv": 71.41, "instrument_name": "BTC-30DEC22-38000-C", "index_price": 19007.31, "direction": "sell", "amount": 0.9}, {"trade_seq": 972, "trade_id": "229703489", "timestamp": 1663755376424, "tick_direction": 2, "price": 0.0065, "mark_price": 0.00695736, "iv": 71.41, "instrument_name": "BTC-30DEC22-38000-C", "index_price": 19007.31, "direction": "sell", "amount": 3.6}, {"trade_seq": 971, "trade_id": "229581753", "timestamp": 1663640937958, "tick_direction": 0, "price": 0.0085, "mark_price": 0.00800092, "iv": 72.62, "instrument_name": "BTC-30DEC22-38000-C", "index_price": 19452.32, "direction": "buy", "amount": 1.0}, {"trade_seq": 970, "trade_id": "229535802", "timestamp": 1663603316713, "tick_direction": 2, "price": 0.0075, "mark_price": 0.00766803, "iv": 72.15, "instrument_name": "BTC-30DEC22-38000-C", "index_price": 19125.86, "direction": "sell", "amount": 1.0}, {"trade_seq": 969, "trade_id": "229433828", "timestamp": 1663547348777, "tick_direction": 3, "price": 0.0085, "mark_price": 0.0085367, "iv": 72.18, "instrument_name": "BTC-30DEC22-38000-C", "index_price": 19471.72, "direction": "sell", "amount": 0.1}, {"trade_seq": 968, "trade_id": "229433827", "timestamp": 1663547348764, "tick_direction": 3, "price": 0.0085, "mark_price": 0.0085367, "iv": 72.18, "instrument_name": "BTC-30DEC22-38000-C", "index_price": 19471.72, "direction": "sell", "amount": 0.1}, {"trade_seq": 967, "trade_id": "229433826", "timestamp": 1663547348715, "tick_direction": 3, "price": 0.0085, "mark_price": 0.0085367, "iv": 72.18, "instrument_name": "BTC-30DEC22-38000-C", "index_price": 19471.72, "direction": "sell", "amount": 0.1}, {"trade_seq": 966, "trade_id": "229433825", "timestamp": 1663547348702, "tick_direction": 3, "price": 0.0085, "mark_price": 0.0085367, "iv": 72.18, "instrument_name": "BTC-30DEC22-38000-C", "index_price": 19471.72, "direction": "sell", "amount": 0.1}, {"trade_seq": 965, "trade_id": "229433824", "timestamp": 1663547348691, "tick_direction": 3, "price": 0.0085, "mark_price": 0.0085367, "iv": 72.18, "instrument_name": "BTC-30DEC22-38000-C", "index_price": 19471.72, "direction": "sell", "amount": 0.2}, {"trade_seq": 964, "trade_id": "229433823", "timestamp": 1663547348682, "tick_direction": 3, "price": 0.0085, "mark_price": 0.0085367, "iv": 72.18, "instrument_name": "BTC-30DEC22-38000-C", "index_price": 19471.72, "direction": "sell", "amount": 0.3}, {"trade_seq": 963, "trade_id": "229433822", "timestamp": 1663547348663, "tick_direction": 3, "price": 0.0085, "mark_price": 0.00853595, "iv": 72.18, "instrument_name": "BTC-30DEC22-38000-C", "index_price": 19471.72, "direction": "sell", "amount": 0.4}, {"trade_seq": 962, "trade_id": "229433821", "timestamp": 1663547348651, "tick_direction": 3, "price": 0.0085, "mark_price": 0.00853595, "iv": 72.18, "instrument_name": "BTC-30DEC22-38000-C", "index_price": 19471.72, "direction": "sell", "amount": 0.5}, {"trade_seq": 961, "trade_id": "229433820", "timestamp": 1663547348635, "tick_direction": 3, "price": 0.0085, "mark_price": 0.00853595, "iv": 72.18, "instrument_name": "BTC-30DEC22-38000-C", "index_price": 19471.72, "direction": "sell", "amount": 0.6}, {"trade_seq": 960, "trade_id": "229433819", "timestamp": 1663547348622, "tick_direction": 3, "price": 0.0085, "mark_price": 0.00853595, "iv": 72.18, "instrument_name": "BTC-30DEC22-38000-C", "index_price": 19471.72, "direction": "sell", "amount": 0.8}, {"trade_seq": 959, "trade_id": "229433818", "timestamp": 1663547348614, "tick_direction": 3, "price": 0.0085, "mark_price": 0.00853595, "iv": 72.18, "instrument_name": "BTC-30DEC22-38000-C", "index_price": 19471.72, "direction": "sell", "amount": 1.1}, {"trade_seq": 958, "trade_id": "229433817", "timestamp": 1663547348602, "tick_direction": 3, "price": 0.0085, "mark_price": 0.00853595, "iv": 72.18, "instrument_name": "BTC-30DEC22-38000-C", "index_price": 19471.72, "direction": "sell", "amount": 1.5}, {"trade_seq": 957, "trade_id": "229433816", "timestamp": 1663547348547, "tick_direction": 3, "price": 0.0085, "mark_price": 0.00853595, "iv": 72.18, "instrument_name": "BTC-30DEC22-38000-C", "index_price": 19471.72, "direction": "sell", "amount": 2.0}, {"trade_seq": 956, "trade_id": "229433067", "timestamp": 1663545697273, "tick_direction": 3, "price": 0.0085, "mark_price": 0.0085201, "iv": 72.33, "instrument_name": "BTC-30DEC22-38000-C", "index_price": 19436.93, "direction": "sell", "amount": 1.8}, {"trade_seq": 955, "trade_id": "229433021", "timestamp": 1663545645999, "tick_direction": 2, "price": 0.0085, "mark_price": 0.00850439, "iv": 72.37, "instrument_name": "BTC-30DEC22-38000-C", "index_price": 19420.33, "direction": "sell", "amount": 1.9}, {"trade_seq": 954, "trade_id": "229327401", "timestamp": 1663347811301, "tick_direction": 3, "price": 0.0095, "mark_price": 0.00890538, "iv": 72.75, "instrument_name": "BTC-30DEC22-38000-C", "index_price": 19498.79, "direction": "buy", "amount": 0.4}, {"trade_seq": 953, "trade_id": "229306481", "timestamp": 1663329259877, "tick_direction": 3, "price": 0.0095, "mark_price": 0.01003364, "iv": 71.15, "instrument_name": "BTC-30DEC22-38000-C", "index_price": 19864.58, "direction": "sell", "amount": 2.5}, {"trade_seq": 952, "trade_id": "229306480", "timestamp": 1663329258036, "tick_direction": 2, "price": 0.0095, "mark_price": 0.01003813, "iv": 71.15, "instrument_name": "BTC-30DEC22-38000-C", "index_price": 19865.58, "direction": "sell", "amount": 2.5}, {"trade_seq": 951, "trade_id": "229234619", "timestamp": 1663245726582, "tick_direction": 2, "price": 0.012, "mark_price": 0.01178348, "iv": 73.03, "instrument_name": "BTC-30DEC22-38000-C", "index_price": 20140.17, "direction": "buy", "amount": 0.5}, {"trade_seq": 950, "trade_id": "229191005", "timestamp": 1663196467448, "tick_direction": 2, "price": 0.0125, "mark_price": 0.01291927, "iv": 72.81, "instrument_name": "BTC-30DEC22-38000-C", "index_price": 20300.8, "direction": "sell", "amount": 2.0}, {"trade_seq": 949, "trade_id": "229041668", "timestamp": 1663077728702, "tick_direction": 2, "price": 0.018, "mark_price": 0.01767786, "iv": 75.07, "instrument_name": "BTC-30DEC22-38000-C", "index_price": 21098.46, "direction": "sell", "amount": 0.5}, {"trade_seq": 948, "trade_id": "228981062", "timestamp": 1663071809618, "tick_direction": 1, "price": 0.025, "mark_price": 0.02470053, "iv": 74.52, "instrument_name": "BTC-30DEC22-38000-C", "index_price": 22652.87, "direction": "buy", "amount": 0.1}, {"trade_seq": 947, "trade_id": "228981060", "timestamp": 1663071808672, "tick_direction": 1, "price": 0.025, "mark_price": 0.02469831, "iv": 74.52, "instrument_name": "BTC-30DEC22-38000-C", "index_price": 22652.87, "direction": "buy", "amount": 0.1}, {"trade_seq": 946, "trade_id": "228981057", "timestamp": 1663071807980, "tick_direction": 1, "price": 0.025, "mark_price": 0.02469671, "iv": 74.52, "instrument_name": "BTC-30DEC22-38000-C", "index_price": 22652.26, "direction": "buy", "amount": 0.1}, {"trade_seq": 945, "trade_id": "228981055", "timestamp": 1663071807957, "tick_direction": 1, "price": 0.025, "mark_price": 0.02469671, "iv": 74.52, "instrument_name": "BTC-30DEC22-38000-C", "index_price": 22652.26, "direction": "buy", "amount": 0.1}, {"trade_seq": 944, "trade_id": "228981053", "timestamp": 1663071806945, "tick_direction": 1, "price": 0.025, "mark_price": 0.02469803, "iv": 74.52, "instrument_name": "BTC-30DEC22-38000-C", "index_price": 22651.79, "direction": "buy", "amount": 0.1}, {"trade_seq": 943, "trade_id": "228981052", "timestamp": 1663071806923, "tick_direction": 0, "price": 0.025, "mark_price": 0.02469803, "iv": 74.52, "instrument_name": "BTC-30DEC22-38000-C", "index_price": 22651.79, "direction": "buy", "amount": 0.1}, {"trade_seq": 942, "trade_id": "228930985", "timestamp": 1663021290323, "tick_direction": 1, "price": 0.022, "mark_price": 0.02169023, "iv": 72.85, "instrument_name": "BTC-30DEC22-38000-C", "index_price": 22397.94, "direction": "buy", "amount": 0.1}, {"trade_seq": 941, "trade_id": "228930983", "timestamp": 1663021283869, "tick_direction": 1, "price": 0.022, "mark_price": 0.02166523, "iv": 72.86, "instrument_name": "BTC-30DEC22-38000-C", "index_price": 22394.6, "direction": "buy", "amount": 0.1}, {"trade_seq": 940, "trade_id": "228930977", "timestamp": 1663021283271, "tick_direction": 1, "price": 0.022, "mark_price": 0.02166245, "iv": 72.88, "instrument_name": "BTC-30DEC22-38000-C", "index_price": 22390.05, "direction": "buy", "amount": 0.1}, {"trade_seq": 939, "trade_id": "228926489", "timestamp": 1663013417778, "tick_direction": 1, "price": 0.022, "mark_price": 0.02185868, "iv": 72.47, "instrument_name": "BTC-30DEC22-38000-C", "index_price": 22481.67, "direction": "buy", "amount": 0.1}, {"trade_seq": 938, "trade_id": "228926486", "timestamp": 1663013417417, "tick_direction": 1, "price": 0.022, "mark_price": 0.02185868, "iv": 72.49, "instrument_name": "BTC-30DEC22-38000-C", "index_price": 22476.03, "direction": "buy", "amount": 0.1}, {"trade_seq": 937, "trade_id": "228926485", "timestamp": 1663013417395, "tick_direction": 0, "price": 0.022, "mark_price": 0.02185868, "iv": 72.49, "instrument_name": "BTC-30DEC22-38000-C", "index_price": 22476.03, "direction": "buy", "amount": 0.1}, {"trade_seq": 936, "trade_id": "228878485", "timestamp": 1662974320762, "tick_direction": 1, "price": 0.021, "mark_price": 0.02156592, "iv": 72.45, "instrument_name": "BTC-30DEC22-38000-C", "index_price": 22254.65, "direction": "buy", "amount": 4.2}, {"trade_seq": 935, "trade_id": "228878484", "timestamp": 1662974320762, "tick_direction": 1, "price": 0.021, "mark_price": 0.02156592, "iv": 72.45, "instrument_name": "BTC-30DEC22-38000-C", "index_price": 22254.65, "direction": "buy", "amount": 0.1}, {"trade_seq": 934, "trade_id": "228878483", "timestamp": 1662974320758, "tick_direction": 1, "price": 0.021, "mark_price": 0.02156592, "iv": 72.45, "instrument_name": "BTC-30DEC22-38000-C", "index_price": 22254.65, "direction": "sell", "amount": 10.7}, {"trade_seq": 933, "trade_id": "228878470", "timestamp": 1662974286927, "tick_direction": 1, "price": 0.021, "mark_price": 0.02154688, "iv": 72.47, "instrument_name": "BTC-30DEC22-38000-C", "index_price": 22246.75, "direction": "buy", "amount": 6.9}, {"trade_seq": 932, "trade_id": "228878469", "timestamp": 1662974286888, "tick_direction": 1, "price": 0.021, "mark_price": 0.02154688, "iv": 72.47, "instrument_name": "BTC-30DEC22-38000-C", "index_price": 22246.75, "direction": "sell", "amount": 11.6}, {"trade_seq": 931, "trade_id": "228878468", "timestamp": 1662974286888, "tick_direction": 0, "price": 0.021, "mark_price": 0.02154688, "iv": 72.47, "instrument_name": "BTC-30DEC22-38000-C", "index_price": 22246.75, "direction": "sell", "amount": 2.8}, {"trade_seq": 930, "trade_id": "228867857", "timestamp": 1662967927504, "tick_direction": 1, "price": 0.0205, "mark_price": 0.02050697, "iv": 72.85, "instrument_name": "BTC-30DEC22-38000-C", "index_price": 22062.22, "direction": "buy", "amount": 0.1}, {"trade_seq": 929, "trade_id": "228867684", "timestamp": 1662967871995, "tick_direction": 1, "price": 0.0205, "mark_price": 0.02055349, "iv": 72.81, "instrument_name": "BTC-30DEC22-38000-C", "index_price": 22062.16, "direction": "buy", "amount": 0.1}, {"trade_seq": 928, "trade_id": "228867681", "timestamp": 1662967869958, "tick_direction": 1, "price": 0.0205, "mark_price": 0.02055756, "iv": 72.8, "instrument_name": "BTC-30DEC22-38000-C", "index_price": 22061.76, "direction": "buy", "amount": 0.1}, {"trade_seq": 927, "trade_id": "228867680", "timestamp": 1662967869605, "tick_direction": 1, "price": 0.0205, "mark_price": 0.02055756, "iv": 72.8, "instrument_name": "BTC-30DEC22-38000-C", "index_price": 22061.76, "direction": "buy", "amount": 0.1}, {"trade_seq": 926, "trade_id": "228867675", "timestamp": 1662967868546, "tick_direction": 0, "price": 0.0205, "mark_price": 0.02055963, "iv": 72.8, "instrument_name": "BTC-30DEC22-38000-C", "index_price": 22061.51, "direction": "buy", "amount": 0.1}, {"trade_seq": 925, "trade_id": "228862186", "timestamp": 1662961213178, "tick_direction": 1, "price": 0.0195, "mark_price": 0.01966455, "iv": 73.06, "instrument_name": "BTC-30DEC22-38000-C", "index_price": 21776.8, "direction": "buy", "amount": 0.1}, {"trade_seq": 924, "trade_id": "228862185", "timestamp": 1662961212742, "tick_direction": 1, "price": 0.0195, "mark_price": 0.01966552, "iv": 73.06, "instrument_name": "BTC-30DEC22-38000-C", "index_price": 21776.8, "direction": "buy", "amount": 0.2}, {"trade_seq": 923, "trade_id": "228862177", "timestamp": 1662961203316, "tick_direction": 1, "price": 0.0195, "mark_price": 0.01966948, "iv": 73.05, "instrument_name": "BTC-30DEC22-38000-C", "index_price": 21777.15, "direction": "buy", "amount": 0.1}, {"trade_seq": 922, "trade_id": "228861840", "timestamp": 1662960915698, "tick_direction": 1, "price": 0.0195, "mark_price": 0.0196078, "iv": 73.08, "instrument_name": "BTC-30DEC22-38000-C", "index_price": 21774.43, "direction": "buy", "amount": 0.1}, {"trade_seq": 921, "trade_id": "228861839", "timestamp": 1662960913669, "tick_direction": 1, "price": 0.0195, "mark_price": 0.01960667, "iv": 73.08, "instrument_name": "BTC-30DEC22-38000-C", "index_price": 21774.1, "direction": "buy", "amount": 0.1}, {"trade_seq": 920, "trade_id": "228861838", "timestamp": 1662960912896, "tick_direction": 1, "price": 0.0195, "mark_price": 0.01960118, "iv": 73.09, "instrument_name": "BTC-30DEC22-38000-C", "index_price": 21772.85, "direction": "buy", "amount": 0.1}, {"trade_seq": 919, "trade_id": "228861837", "timestamp": 1662960912842, "tick_direction": 1, "price": 0.0195, "mark_price": 0.01960118, "iv": 73.09, "instrument_name": "BTC-30DEC22-38000-C", "index_price": 21772.85, "direction": "buy", "amount": 0.1}, {"trade_seq": 918, "trade_id": "228861836", "timestamp": 1662960912828, "tick_direction": 1, "price": 0.0195, "mark_price": 0.01960118, "iv": 73.09, "instrument_name": "BTC-30DEC22-38000-C", "index_price": 21772.85, "direction": "buy", "amount": 0.1}, {"trade_seq": 917, "trade_id": "228861835", "timestamp": 1662960912801, "tick_direction": 1, "price": 0.0195, "mark_price": 0.01960118, "iv": 73.09, "instrument_name": "BTC-30DEC22-38000-C", "index_price": 21772.85, "direction": "buy", "amount": 0.1}, {"trade_seq": 916, "trade_id": "228861833", "timestamp": 1662960911644, "tick_direction": 1, "price": 0.0195, "mark_price": 0.01960193, "iv": 73.09, "instrument_name": "BTC-30DEC22-38000-C", "index_price": 21772.94, "direction": "buy", "amount": 0.1}, {"trade_seq": 915, "trade_id": "228861832", "timestamp": 1662960909390, "tick_direction": 1, "price": 0.0195, "mark_price": 0.01960007, "iv": 73.09, "instrument_name": "BTC-30DEC22-38000-C", "index_price": 21772.37, "direction": "buy", "amount": 0.2}, {"trade_seq": 914, "trade_id": "228861831", "timestamp": 1662960909335, "tick_direction": 1, "price": 0.0195, "mark_price": 0.01960007, "iv": 73.09, "instrument_name": "BTC-30DEC22-38000-C", "index_price": 21772.37, "direction": "buy", "amount": 0.2}, {"trade_seq": 913, "trade_id": "228861709", "timestamp": 1662960676678, "tick_direction": 1, "price": 0.0195, "mark_price": 0.01951112, "iv": 73.1, "instrument_name": "BTC-30DEC22-38000-C", "index_price": 21772.92, "direction": "buy", "amount": 1.0}, {"trade_seq": 912, "trade_id": "228861566", "timestamp": 1662960386087, "tick_direction": 1, "price": 0.0195, "mark_price": 0.01939969, "iv": 73.2, "instrument_name": "BTC-30DEC22-38000-C", "index_price": 21748.24, "direction": "buy", "amount": 0.1}, {"trade_seq": 911, "trade_id": "228861565", "timestamp": 1662960385206, "tick_direction": 1, "price": 0.0195, "mark_price": 0.01939969, "iv": 73.2, "instrument_name": "BTC-30DEC22-38000-C", "index_price": 21748.24, "direction": "buy", "amount": 0.1}, {"trade_seq": 910, "trade_id": "228861564", "timestamp": 1662960385074, "tick_direction": 1, "price": 0.0195, "mark_price": 0.01939887, "iv": 73.21, "instrument_name": "BTC-30DEC22-38000-C", "index_price": 21744.89, "direction": "buy", "amount": 0.1}, {"trade_seq": 909, "trade_id": "228861563", "timestamp": 1662960385063, "tick_direction": 1, "price": 0.0195, "mark_price": 0.01939887, "iv": 73.21, "instrument_name": "BTC-30DEC22-38000-C", "index_price": 21744.89, "direction": "buy", "amount": 0.1}, {"trade_seq": 908, "trade_id": "228861562", "timestamp": 1662960384988, "tick_direction": 1, "price": 0.0195, "mark_price": 0.01939887, "iv": 73.21, "instrument_name": "BTC-30DEC22-38000-C", "index_price": 21744.89, "direction": "buy", "amount": 0.1}, {"trade_seq": 907, "trade_id": "228861561", "timestamp": 1662960384975, "tick_direction": 1, "price": 0.0195, "mark_price": 0.01939887, "iv": 73.21, "instrument_name": "BTC-30DEC22-38000-C", "index_price": 21744.89, "direction": "buy", "amount": 0.1}, {"trade_seq": 906, "trade_id": "228861560", "timestamp": 1662960384944, "tick_direction": 1, "price": 0.0195, "mark_price": 0.01939887, "iv": 73.21, "instrument_name": "BTC-30DEC22-38000-C", "index_price": 21744.89, "direction": "buy", "amount": 0.1}, {"trade_seq": 905, "trade_id": "228861559", "timestamp": 1662960384836, "tick_direction": 1, "price": 0.0195, "mark_price": 0.01939887, "iv": 73.21, "instrument_name": "BTC-30DEC22-38000-C", "index_price": 21744.89, "direction": "buy", "amount": 0.1}, {"trade_seq": 904, "trade_id": "228861558", "timestamp": 1662960384718, "tick_direction": 1, "price": 0.0195, "mark_price": 0.01939887, "iv": 73.21, "instrument_name": "BTC-30DEC22-38000-C", "index_price": 21744.89, "direction": "buy", "amount": 0.1}, {"trade_seq": 903, "trade_id": "228861551", "timestamp": 1662960382447, "tick_direction": 1, "price": 0.0195, "mark_price": 0.01938344, "iv": 73.22, "instrument_name": "BTC-30DEC22-38000-C", "index_price": 21742.29, "direction": "buy", "amount": 0.1}, {"trade_seq": 902, "trade_id": "228861550", "timestamp": 1662960381552, "tick_direction": 1, "price": 0.0195, "mark_price": 0.01938311, "iv": 73.23, "instrument_name": "BTC-30DEC22-38000-C", "index_price": 21740.78, "direction": "buy", "amount": 0.1}, {"trade_seq": 901, "trade_id": "228861549", "timestamp": 1662960380599, "tick_direction": 1, "price": 0.0195, "mark_price": 0.01938262, "iv": 73.23, "instrument_name": "BTC-30DEC22-38000-C", "index_price": 21740.64, "direction": "buy", "amount": 0.1}, {"trade_seq": 900, "trade_id": "228861548", "timestamp": 1662960365861, "tick_direction": 1, "price": 0.0195, "mark_price": 0.01934935, "iv": 73.26, "instrument_name": "BTC-30DEC22-38000-C", "index_price": 21733.08, "direction": "buy", "amount": 0.1}, {"trade_seq": 899, "trade_id": "228861508", "timestamp": 1662960358216, "tick_direction": 1, "price": 0.0195, "mark_price": 0.01935744, "iv": 73.25, "instrument_name": "BTC-30DEC22-38000-C", "index_price": 21737.18, "direction": "buy", "amount": 0.1}, {"trade_seq": 898, "trade_id": "228861507", "timestamp": 1662960357196, "tick_direction": 1, "price": 0.0195, "mark_price": 0.01934678, "iv": 73.26, "instrument_name": "BTC-30DEC22-38000-C", "index_price": 21734.7, "direction": "buy", "amount": 0.1}, {"trade_seq": 897, "trade_id": "228861506", "timestamp": 1662960357164, "tick_direction": 1, "price": 0.0195, "mark_price": 0.01934678, "iv": 73.26, "instrument_name": "BTC-30DEC22-38000-C", "index_price": 21734.7, "direction": "buy", "amount": 0.1}, {"trade_seq": 896, "trade_id": "228861505", "timestamp": 1662960357096, "tick_direction": 1, "price": 0.0195, "mark_price": 0.01934678, "iv": 73.26, "instrument_name": "BTC-30DEC22-38000-C", "index_price": 21734.7, "direction": "buy", "amount": 0.1}, {"trade_seq": 895, "trade_id": "228861504", "timestamp": 1662960355032, "tick_direction": 1, "price": 0.0195, "mark_price": 0.01933834, "iv": 73.27, "instrument_name": "BTC-30DEC22-38000-C", "index_price": 21733.63, "direction": "buy", "amount": 0.1}, {"trade_seq": 894, "trade_id": "228861503", "timestamp": 1662960354520, "tick_direction": 1, "price": 0.0195, "mark_price": 0.01933834, "iv": 73.27, "instrument_name": "BTC-30DEC22-38000-C", "index_price": 21732.66, "direction": "buy", "amount": 0.1}, {"trade_seq": 893, "trade_id": "228861502", "timestamp": 1662960354510, "tick_direction": 1, "price": 0.0195, "mark_price": 0.01933834, "iv": 73.27, "instrument_name": "BTC-30DEC22-38000-C", "index_price": 21732.66, "direction": "buy", "amount": 0.1}, {"trade_seq": 892, "trade_id": "228861501", "timestamp": 1662960354477, "tick_direction": 1, "price": 0.0195, "mark_price": 0.01933834, "iv": 73.27, "instrument_name": "BTC-30DEC22-38000-C", "index_price": 21732.66, "direction": "buy", "amount": 0.1}, {"trade_seq": 891, "trade_id": "228861500", "timestamp": 1662960354162, "tick_direction": 1, "price": 0.0195, "mark_price": 0.01933834, "iv": 73.27, "instrument_name": "BTC-30DEC22-38000-C", "index_price": 21732.66, "direction": "buy", "amount": 0.1}, {"trade_seq": 890, "trade_id": "228861499", "timestamp": 1662960353474, "tick_direction": 1, "price": 0.0195, "mark_price": 0.01932762, "iv": 73.28, "instrument_name": "BTC-30DEC22-38000-C", "index_price": 21730.04, "direction": "buy", "amount": 0.1}, {"trade_seq": 889, "trade_id": "228861498", "timestamp": 1662960353380, "tick_direction": 1, "price": 0.0195, "mark_price": 0.01932762, "iv": 73.28, "instrument_name": "BTC-30DEC22-38000-C", "index_price": 21730.04, "direction": "buy", "amount": 0.1}, {"trade_seq": 888, "trade_id": "228861497", "timestamp": 1662960353361, "tick_direction": 0, "price": 0.0195, "mark_price": 0.01932762, "iv": 73.28, "instrument_name": "BTC-30DEC22-38000-C", "index_price": 21730.04, "direction": "buy", "amount": 0.1}, {"trade_seq": 887, "trade_id": "228759247", "timestamp": 1662799342143, "tick_direction": 0, "price": 0.018, "mark_price": 0.01808937, "iv": 72.65, "instrument_name": "BTC-30DEC22-38000-C", "index_price": 21386.23, "direction": "buy", "amount": 1.0}, {"trade_seq": 886, "trade_id": "228717710", "timestamp": 1662751085932, "tick_direction": 0, "price": 0.0165, "mark_price": 0.01624788, "iv": 71.66, "instrument_name": "BTC-30DEC22-38000-C", "index_price": 21232.04, "direction": "buy", "amount": 5.3}, {"trade_seq": 885, "trade_id": "228677200", "timestamp": 1662720452734, "tick_direction": 1, "price": 0.0155, "mark_price": 0.0165586, "iv": 70.86, "instrument_name": "BTC-30DEC22-38000-C", "index_price": 21126.58, "direction": "sell", "amount": 1.0}, {"trade_seq": 884, "trade_id": "228647222", "timestamp": 1662706733456, "tick_direction": 1, "price": 0.0155, "mark_price": 0.01492919, "iv": 72.61, "instrument_name": "BTC-30DEC22-38000-C", "index_price": 20700.85, "direction": "buy", "amount": 1.0}, {"trade_seq": 883, "trade_id": "228647215", "timestamp": 1662706704185, "tick_direction": 0, "price": 0.0155, "mark_price": 0.01492232, "iv": 72.61, "instrument_name": "BTC-30DEC22-38000-C", "index_price": 20702.27, "direction": "buy", "amount": 1.0}, {"trade_seq": 882, "trade_id": "228634467", "timestamp": 1662701530270, "tick_direction": 0, "price": 0.014, "mark_price": 0.01396819, "iv": 71.42, "instrument_name": "BTC-30DEC22-38000-C", "index_price": 20583.09, "direction": "buy", "amount": 1.0}, {"trade_seq": 881, "trade_id": "228624734", "timestamp": 1662697847990, "tick_direction": 2, "price": 0.0125, "mark_price": 0.0127068, "iv": 70.95, "instrument_name": "BTC-30DEC22-38000-C", "index_price": 20271.6, "direction": "buy", "amount": 1.0}, {"trade_seq": 880, "trade_id": "228623981", "timestamp": 1662697734833, "tick_direction": 1, "price": 0.013, "mark_price": 0.01294176, "iv": 71.32, "instrument_name": "BTC-30DEC22-38000-C", "index_price": 20330.56, "direction": "buy", "amount": 1.0}, {"trade_seq": 879, "trade_id": "228623980", "timestamp": 1662697734833, "tick_direction": 0, "price": 0.013, "mark_price": 0.01294176, "iv": 71.32, "instrument_name": "BTC-30DEC22-38000-C", "index_price": 20330.56, "direction": "buy", "amount": 1.0}, {"trade_seq": 878, "trade_id": "228572254", "timestamp": 1662652260872, "tick_direction": 3, "price": 0.011, "mark_price": 0.01106906, "iv": 73.21, "instrument_name": "BTC-30DEC22-38000-C", "index_price": 19232.05, "direction": "sell", "amount": 0.1}, {"trade_seq": 877, "trade_id": "228572251", "timestamp": 1662652256828, "tick_direction": 3, "price": 0.011, "mark_price": 0.01106395, "iv": 73.21, "instrument_name": "BTC-30DEC22-38000-C", "index_price": 19232.05, "direction": "sell", "amount": 0.1}, {"trade_seq": 876, "trade_id": "228572245", "timestamp": 1662652249993, "tick_direction": 3, "price": 0.011, "mark_price": 0.01106975, "iv": 73.2, "instrument_name": "BTC-30DEC22-38000-C", "index_price": 19233.98, "direction": "sell", "amount": 0.1}, {"trade_seq": 875, "trade_id": "228572243", "timestamp": 1662652249497, "tick_direction": 3, "price": 0.011, "mark_price": 0.01106975, "iv": 73.2, "instrument_name": "BTC-30DEC22-38000-C", "index_price": 19235.88, "direction": "sell", "amount": 0.1}, {"trade_seq": 874, "trade_id": "228572242", "timestamp": 1662652247039, "tick_direction": 3, "price": 0.011, "mark_price": 0.01106946, "iv": 73.19, "instrument_name": "BTC-30DEC22-38000-C", "index_price": 19236.25, "direction": "sell", "amount": 0.1}, {"trade_seq": 873, "trade_id": "228572241", "timestamp": 1662652244657, "tick_direction": 3, "price": 0.011, "mark_price": 0.01107513, "iv": 73.2, "instrument_name": "BTC-30DEC22-38000-C", "index_price": 19236.15, "direction": "sell", "amount": 0.1}, {"trade_seq": 872, "trade_id": "228572240", "timestamp": 1662652244642, "tick_direction": 3, "price": 0.011, "mark_price": 0.01107513, "iv": 73.2, "instrument_name": "BTC-30DEC22-38000-C", "index_price": 19236.15, "direction": "sell", "amount": 0.1}, {"trade_seq": 871, "trade_id": "228572238", "timestamp": 1662652244600, "tick_direction": 3, "price": 0.011, "mark_price": 0.01107513, "iv": 73.2, "instrument_name": "BTC-30DEC22-38000-C", "index_price": 19236.15, "direction": "sell", "amount": 0.1}, {"trade_seq": 870, "trade_id": "228572237", "timestamp": 1662652244572, "tick_direction": 3, "price": 0.011, "mark_price": 0.01107513, "iv": 73.19, "instrument_name": "BTC-30DEC22-38000-C", "index_price": 19238.37, "direction": "sell", "amount": 0.1}, {"trade_seq": 869, "trade_id": "228572236", "timestamp": 1662652244552, "tick_direction": 3, "price": 0.011, "mark_price": 0.01107513, "iv": 73.19, "instrument_name": "BTC-30DEC22-38000-C", "index_price": 19238.37, "direction": "sell", "amount": 0.1}, {"trade_seq": 868, "trade_id": "228572199", "timestamp": 1662652224262, "tick_direction": 3, "price": 0.011, "mark_price": 0.01106999, "iv": 73.18, "instrument_name": "BTC-30DEC22-38000-C", "index_price": 19238.56, "direction": "sell", "amount": 0.1}, {"trade_seq": 867, "trade_id": "228572177", "timestamp": 1662652209236, "tick_direction": 3, "price": 0.011, "mark_price": 0.0110597, "iv": 73.19, "instrument_name": "BTC-30DEC22-38000-C", "index_price": 19237.48, "direction": "sell", "amount": 0.1}, {"trade_seq": 866, "trade_id": "228572176", "timestamp": 1662652208851, "tick_direction": 3, "price": 0.011, "mark_price": 0.0110652, "iv": 73.19, "instrument_name": "BTC-30DEC22-38000-C", "index_price": 19237.48, "direction": "sell", "amount": 0.1}, {"trade_seq": 865, "trade_id": "228572175", "timestamp": 1662652208818, "tick_direction": 3, "price": 0.011, "mark_price": 0.0110652, "iv": 73.19, "instrument_name": "BTC-30DEC22-38000-C", "index_price": 19237.48, "direction": "sell", "amount": 0.1}, {"trade_seq": 864, "trade_id": "228572173", "timestamp": 1662652208218, "tick_direction": 3, "price": 0.011, "mark_price": 0.01106846, "iv": 73.18, "instrument_name": "BTC-30DEC22-38000-C", "index_price": 19239.34, "direction": "sell", "amount": 0.2}, {"trade_seq": 863, "trade_id": "228572172", "timestamp": 1662652207972, "tick_direction": 3, "price": 0.011, "mark_price": 0.01106846, "iv": 73.18, "instrument_name": "BTC-30DEC22-38000-C", "index_price": 19239.34, "direction": "sell", "amount": 0.1}, {"trade_seq": 862, "trade_id": "228572160", "timestamp": 1662652206527, "tick_direction": 3, "price": 0.011, "mark_price": 0.01107085, "iv": 73.18, "instrument_name": "BTC-30DEC22-38000-C", "index_price": 19240.57, "direction": "sell", "amount": 0.1}, {"trade_seq": 861, "trade_id": "228572159", "timestamp": 1662652206496, "tick_direction": 3, "price": 0.011, "mark_price": 0.01107085, "iv": 73.18, "instrument_name": "BTC-30DEC22-38000-C", "index_price": 19240.57, "direction": "sell", "amount": 0.1}, {"trade_seq": 860, "trade_id": "228572158", "timestamp": 1662652205495, "tick_direction": 3, "price": 0.011, "mark_price": 0.01107296, "iv": 73.18, "instrument_name": "BTC-30DEC22-38000-C", "index_price": 19241.46, "direction": "sell", "amount": 0.1}, {"trade_seq": 859, "trade_id": "228572154", "timestamp": 1662652198637, "tick_direction": 3, "price": 0.011, "mark_price": 0.01108, "iv": 73.16, "instrument_name": "BTC-30DEC22-38000-C", "index_price": 19245.59, "direction": "sell", "amount": 0.1}, {"trade_seq": 858, "trade_id": "228572149", "timestamp": 1662652182731, "tick_direction": 3, "price": 0.011, "mark_price": 0.0110782, "iv": 73.16, "instrument_name": "BTC-30DEC22-38000-C", "index_price": 19245.43, "direction": "sell", "amount": 0.1}, {"trade_seq": 857, "trade_id": "228572130", "timestamp": 1662652144190, "tick_direction": 3, "price": 0.011, "mark_price": 0.01106058, "iv": 73.16, "instrument_name": "BTC-30DEC22-38000-C", "index_price": 19246.84, "direction": "sell", "amount": 0.1}, {"trade_seq": 856, "trade_id": "228572129", "timestamp": 1662652140539, "tick_direction": 3, "price": 0.011, "mark_price": 0.01105801, "iv": 73.16, "instrument_name": "BTC-30DEC22-38000-C", "index_price": 19246.25, "direction": "sell", "amount": 0.1}, {"trade_seq": 855, "trade_id": "228572128", "timestamp": 1662652140510, "tick_direction": 3, "price": 0.011, "mark_price": 0.01105801, "iv": 73.16, "instrument_name": "BTC-30DEC22-38000-C", "index_price": 19246.25, "direction": "sell", "amount": 0.1}, {"trade_seq": 854, "trade_id": "228572127", "timestamp": 1662652137843, "tick_direction": 3, "price": 0.011, "mark_price": 0.01105853, "iv": 73.16, "instrument_name": "BTC-30DEC22-38000-C", "index_price": 19246.16, "direction": "sell", "amount": 0.1}, {"trade_seq": 853, "trade_id": "228572126", "timestamp": 1662652133751, "tick_direction": 3, "price": 0.011, "mark_price": 0.01105229, "iv": 73.17, "instrument_name": "BTC-30DEC22-38000-C", "index_price": 19244.93, "direction": "sell", "amount": 0.1}, {"trade_seq": 852, "trade_id": "228572125", "timestamp": 1662652133594, "tick_direction": 3, "price": 0.011, "mark_price": 0.01105229, "iv": 73.17, "instrument_name": "BTC-30DEC22-38000-C", "index_price": 19244.93, "direction": "sell", "amount": 0.1}, {"trade_seq": 851, "trade_id": "228572124", "timestamp": 1662652132369, "tick_direction": 3, "price": 0.011, "mark_price": 0.01105833, "iv": 73.16, "instrument_name": "BTC-30DEC22-38000-C", "index_price": 19247.28, "direction": "sell", "amount": 0.1}, {"trade_seq": 850, "trade_id": "228572123", "timestamp": 1662652132220, "tick_direction": 3, "price": 0.011, "mark_price": 0.01105833, "iv": 73.16, "instrument_name": "BTC-30DEC22-38000-C", "index_price": 19247.28, "direction": "sell", "amount": 0.1}, {"trade_seq": 849, "trade_id": "228572122", "timestamp": 1662652132071, "tick_direction": 3, "price": 0.011, "mark_price": 0.01106554, "iv": 73.16, "instrument_name": "BTC-30DEC22-38000-C", "index_price": 19247.28, "direction": "sell", "amount": 0.1}, {"trade_seq": 848, "trade_id": "228572121", "timestamp": 1662652131948, "tick_direction": 3, "price": 0.011, "mark_price": 0.01106554, "iv": 73.16, "instrument_name": "BTC-30DEC22-38000-C", "index_price": 19247.28, "direction": "sell", "amount": 0.1}, {"trade_seq": 847, "trade_id": "228572119", "timestamp": 1662652131786, "tick_direction": 3, "price": 0.011, "mark_price": 0.01106554, "iv": 73.16, "instrument_name": "BTC-30DEC22-38000-C", "index_price": 19247.28, "direction": "sell", "amount": 0.1}, {"trade_seq": 846, "trade_id": "228572004", "timestamp": 1662652076071, "tick_direction": 3, "price": 0.011, "mark_price": 0.0110337, "iv": 73.18, "instrument_name": "BTC-30DEC22-38000-C", "index_price": 19250.39, "direction": "sell", "amount": 0.1}, {"trade_seq": 845, "trade_id": "228572003", "timestamp": 1662652076062, "tick_direction": 3, "price": 0.011, "mark_price": 0.0110337, "iv": 73.18, "instrument_name": "BTC-30DEC22-38000-C", "index_price": 19250.39, "direction": "sell", "amount": 0.1}, {"trade_seq": 844, "trade_id": "228572002", "timestamp": 1662652076048, "tick_direction": 3, "price": 0.011, "mark_price": 0.0110337, "iv": 73.18, "instrument_name": "BTC-30DEC22-38000-C", "index_price": 19250.39, "direction": "sell", "amount": 0.1}, {"trade_seq": 843, "trade_id": "228572001", "timestamp": 1662652076032, "tick_direction": 3, "price": 0.011, "mark_price": 0.0110337, "iv": 73.18, "instrument_name": "BTC-30DEC22-38000-C", "index_price": 19250.39, "direction": "sell", "amount": 0.2}, {"trade_seq": 842, "trade_id": "228572000", "timestamp": 1662652076010, "tick_direction": 3, "price": 0.011, "mark_price": 0.0110337, "iv": 73.18, "instrument_name": "BTC-30DEC22-38000-C", "index_price": 19250.39, "direction": "sell", "amount": 0.1}, {"trade_seq": 841, "trade_id": "228571999", "timestamp": 1662652075535, "tick_direction": 3, "price": 0.011, "mark_price": 0.0110431, "iv": 73.18, "instrument_name": "BTC-30DEC22-38000-C", "index_price": 19250.39, "direction": "sell", "amount": 0.1}, {"trade_seq": 840, "trade_id": "228571998", "timestamp": 1662652075495, "tick_direction": 3, "price": 0.011, "mark_price": 0.0110431, "iv": 73.18, "instrument_name": "BTC-30DEC22-38000-C", "index_price": 19250.39, "direction": "sell", "amount": 0.1}, {"trade_seq": 839, "trade_id": "228571995", "timestamp": 1662652075050, "tick_direction": 3, "price": 0.011, "mark_price": 0.0110431, "iv": 73.16, "instrument_name": "BTC-30DEC22-38000-C", "index_price": 19253.62, "direction": "sell", "amount": 0.1}, {"trade_seq": 838, "trade_id": "228571990", "timestamp": 1662652073526, "tick_direction": 3, "price": 0.011, "mark_price": 0.01104225, "iv": 73.16, "instrument_name": "BTC-30DEC22-38000-C", "index_price": 19253.58, "direction": "sell", "amount": 0.1}, {"trade_seq": 837, "trade_id": "228571987", "timestamp": 1662652064526, "tick_direction": 3, "price": 0.011, "mark_price": 0.01103519, "iv": 73.17, "instrument_name": "BTC-30DEC22-38000-C", "index_price": 19253.66, "direction": "sell", "amount": 0.1}, {"trade_seq": 836, "trade_id": "228571986", "timestamp": 1662652062127, "tick_direction": 3, "price": 0.011, "mark_price": 0.01104341, "iv": 73.15, "instrument_name": "BTC-30DEC22-38000-C", "index_price": 19257.12, "direction": "sell", "amount": 0.1}, {"trade_seq": 835, "trade_id": "228571985", "timestamp": 1662652062100, "tick_direction": 3, "price": 0.011, "mark_price": 0.01104341, "iv": 73.15, "instrument_name": "BTC-30DEC22-38000-C", "index_price": 19257.12, "direction": "sell", "amount": 0.1}, {"trade_seq": 834, "trade_id": "228571984", "timestamp": 1662652062089, "tick_direction": 3, "price": 0.011, "mark_price": 0.01104341, "iv": 73.15, "instrument_name": "BTC-30DEC22-38000-C", "index_price": 19257.12, "direction": "sell", "amount": 0.1}, {"trade_seq": 833, "trade_id": "228571983", "timestamp": 1662652061433, "tick_direction": 3, "price": 0.011, "mark_price": 0.01104631, "iv": 73.15, "instrument_name": "BTC-30DEC22-38000-C", "index_price": 19257.12, "direction": "sell", "amount": 0.1}, {"trade_seq": 832, "trade_id": "228571982", "timestamp": 1662652061322, "tick_direction": 3, "price": 0.011, "mark_price": 0.01104631, "iv": 73.15, "instrument_name": "BTC-30DEC22-38000-C", "index_price": 19257.12, "direction": "sell", "amount": 0.1}, {"trade_seq": 831, "trade_id": "228571979", "timestamp": 1662652060762, "tick_direction": 3, "price": 0.011, "mark_price": 0.01104928, "iv": 73.15, "instrument_name": "BTC-30DEC22-38000-C", "index_price": 19258.07, "direction": "sell", "amount": 0.1}, {"trade_seq": 830, "trade_id": "228571978", "timestamp": 1662652060478, "tick_direction": 3, "price": 0.011, "mark_price": 0.01104928, "iv": 73.15, "instrument_name": "BTC-30DEC22-38000-C", "index_price": 19258.07, "direction": "sell", "amount": 0.1}, {"trade_seq": 829, "trade_id": "228571976", "timestamp": 1662652055577, "tick_direction": 3, "price": 0.011, "mark_price": 0.01104862, "iv": 73.15, "instrument_name": "BTC-30DEC22-38000-C", "index_price": 19258.08, "direction": "sell", "amount": 0.1}, {"trade_seq": 828, "trade_id": "228571975", "timestamp": 1662652053986, "tick_direction": 3, "price": 0.011, "mark_price": 0.01106265, "iv": 73.13, "instrument_name": "BTC-30DEC22-38000-C", "index_price": 19262.69, "direction": "sell", "amount": 0.1}, {"trade_seq": 827, "trade_id": "228571969", "timestamp": 1662652053547, "tick_direction": 3, "price": 0.011, "mark_price": 0.0110635, "iv": 73.13, "instrument_name": "BTC-30DEC22-38000-C", "index_price": 19262.69, "direction": "sell", "amount": 0.1}, {"trade_seq": 826, "trade_id": "228571968", "timestamp": 1662652053519, "tick_direction": 3, "price": 0.011, "mark_price": 0.0110635, "iv": 73.13, "instrument_name": "BTC-30DEC22-38000-C", "index_price": 19262.69, "direction": "sell", "amount": 0.1}, {"trade_seq": 825, "trade_id": "228571967", "timestamp": 1662652053503, "tick_direction": 3, "price": 0.011, "mark_price": 0.0110635, "iv": 73.13, "instrument_name": "BTC-30DEC22-38000-C", "index_price": 19262.69, "direction": "sell", "amount": 0.2}, {"trade_seq": 824, "trade_id": "228571966", "timestamp": 1662652053452, "tick_direction": 3, "price": 0.011, "mark_price": 0.0110635, "iv": 73.13, "instrument_name": "BTC-30DEC22-38000-C", "index_price": 19262.69, "direction": "sell", "amount": 0.1}, {"trade_seq": 823, "trade_id": "228571962", "timestamp": 1662652050606, "tick_direction": 3, "price": 0.011, "mark_price": 0.01106318, "iv": 73.12, "instrument_name": "BTC-30DEC22-38000-C", "index_price": 19263.49, "direction": "sell", "amount": 0.1}, {"trade_seq": 822, "trade_id": "228571961", "timestamp": 1662652047753, "tick_direction": 3, "price": 0.011, "mark_price": 0.01105822, "iv": 73.13, "instrument_name": "BTC-30DEC22-38000-C", "index_price": 19262.68, "direction": "sell", "amount": 0.1}, {"trade_seq": 821, "trade_id": "228571960", "timestamp": 1662652047743, "tick_direction": 3, "price": 0.011, "mark_price": 0.01105822, "iv": 73.13, "instrument_name": "BTC-30DEC22-38000-C", "index_price": 19262.68, "direction": "sell", "amount": 0.1}, {"trade_seq": 820, "trade_id": "228571959", "timestamp": 1662652047728, "tick_direction": 3, "price": 0.011, "mark_price": 0.01105822, "iv": 73.13, "instrument_name": "BTC-30DEC22-38000-C", "index_price": 19262.68, "direction": "sell", "amount": 0.1}, {"trade_seq": 819, "trade_id": "228571958", "timestamp": 1662652047719, "tick_direction": 3, "price": 0.011, "mark_price": 0.01105822, "iv": 73.13, "instrument_name": "BTC-30DEC22-38000-C", "index_price": 19262.68, "direction": "sell", "amount": 0.1}, {"trade_seq": 818, "trade_id": "228571957", "timestamp": 1662652041973, "tick_direction": 3, "price": 0.011, "mark_price": 0.01107568, "iv": 73.12, "instrument_name": "BTC-30DEC22-38000-C", "index_price": 19264.66, "direction": "sell", "amount": 0.1}, {"trade_seq": 817, "trade_id": "228571956", "timestamp": 1662652041933, "tick_direction": 3, "price": 0.011, "mark_price": 0.01107568, "iv": 73.12, "instrument_name": "BTC-30DEC22-38000-C", "index_price": 19264.66, "direction": "sell", "amount": 0.1}, {"trade_seq": 816, "trade_id": "228571955", "timestamp": 1662652041890, "tick_direction": 3, "price": 0.011, "mark_price": 0.01107568, "iv": 73.12, "instrument_name": "BTC-30DEC22-38000-C", "index_price": 19264.66, "direction": "sell", "amount": 0.1}, {"trade_seq": 815, "trade_id": "228571954", "timestamp": 1662652041849, "tick_direction": 3, "price": 0.011, "mark_price": 0.01107568, "iv": 73.12, "instrument_name": "BTC-30DEC22-38000-C", "index_price": 19264.66, "direction": "sell", "amount": 0.2}, {"trade_seq": 814, "trade_id": "228571952", "timestamp": 1662652041626, "tick_direction": 3, "price": 0.011, "mark_price": 0.01107568, "iv": 73.12, "instrument_name": "BTC-30DEC22-38000-C", "index_price": 19264.66, "direction": "sell", "amount": 0.1}, {"trade_seq": 813, "trade_id": "228571946", "timestamp": 1662652041415, "tick_direction": 3, "price": 0.011, "mark_price": 0.01107568, "iv": 73.12, "instrument_name": "BTC-30DEC22-38000-C", "index_price": 19264.66, "direction": "sell", "amount": 0.1}, {"trade_seq": 812, "trade_id": "228571945", "timestamp": 1662652041332, "tick_direction": 3, "price": 0.011, "mark_price": 0.01107568, "iv": 73.12, "instrument_name": "BTC-30DEC22-38000-C", "index_price": 19264.66, "direction": "sell", "amount": 0.1}, {"trade_seq": 811, "trade_id": "228571821", "timestamp": 1662651748489, "tick_direction": 3, "price": 0.011, "mark_price": 0.01091896, "iv": 73.15, "instrument_name": "BTC-30DEC22-38000-C", "index_price": 19254.55, "direction": "sell", "amount": 0.1}, {"trade_seq": 810, "trade_id": "228571820", "timestamp": 1662651748480, "tick_direction": 3, "price": 0.011, "mark_price": 0.01091896, "iv": 73.15, "instrument_name": "BTC-30DEC22-38000-C", "index_price": 19254.55, "direction": "sell", "amount": 0.2}, {"trade_seq": 809, "trade_id": "228571819", "timestamp": 1662651748470, "tick_direction": 3, "price": 0.011, "mark_price": 0.01091896, "iv": 73.15, "instrument_name": "BTC-30DEC22-38000-C", "index_price": 19254.55, "direction": "sell", "amount": 0.2}, {"trade_seq": 808, "trade_id": "228571818", "timestamp": 1662651748461, "tick_direction": 3, "price": 0.011, "mark_price": 0.01091896, "iv": 73.15, "instrument_name": "BTC-30DEC22-38000-C", "index_price": 19254.55, "direction": "sell", "amount": 0.3}, {"trade_seq": 807, "trade_id": "228571817", "timestamp": 1662651748449, "tick_direction": 3, "price": 0.011, "mark_price": 0.01091896, "iv": 73.15, "instrument_name": "BTC-30DEC22-38000-C", "index_price": 19254.55, "direction": "sell", "amount": 0.4}, {"trade_seq": 806, "trade_id": "228571816", "timestamp": 1662651748440, "tick_direction": 3, "price": 0.011, "mark_price": 0.01091896, "iv": 73.15, "instrument_name": "BTC-30DEC22-38000-C", "index_price": 19254.55, "direction": "sell", "amount": 0.5}, {"trade_seq": 805, "trade_id": "228571815", "timestamp": 1662651748401, "tick_direction": 3, "price": 0.011, "mark_price": 0.01091896, "iv": 73.15, "instrument_name": "BTC-30DEC22-38000-C", "index_price": 19254.55, "direction": "sell", "amount": 0.7}, {"trade_seq": 804, "trade_id": "228571814", "timestamp": 1662651745861, "tick_direction": 3, "price": 0.011, "mark_price": 0.01087762, "iv": 73.15, "instrument_name": "BTC-30DEC22-38000-C", "index_price": 19254.34, "direction": "sell", "amount": 0.9}, {"trade_seq": 803, "trade_id": "228400771", "timestamp": 1662485485212, "tick_direction": 3, "price": 0.011, "mark_price": 0.01124485, "iv": 73.23, "instrument_name": "BTC-30DEC22-38000-C", "index_price": 19104.29, "direction": "sell", "amount": 0.2}, {"trade_seq": 802, "trade_id": "228400770", "timestamp": 1662485485212, "tick_direction": 3, "price": 0.011, "mark_price": 0.01124485, "iv": 73.23, "instrument_name": "BTC-30DEC22-38000-C", "index_price": 19104.29, "direction": "sell", "amount": 0.1}, {"trade_seq": 801, "trade_id": "228399785", "timestamp": 1662485374161, "tick_direction": 3, "price": 0.011, "mark_price": 0.01106524, "iv": 73.39, "instrument_name": "BTC-30DEC22-38000-C", "index_price": 19061.47, "direction": "sell", "amount": 0.1}, {"trade_seq": 800, "trade_id": "228399784", "timestamp": 1662485374151, "tick_direction": 3, "price": 0.011, "mark_price": 0.01106524, "iv": 73.39, "instrument_name": "BTC-30DEC22-38000-C", "index_price": 19061.47, "direction": "sell", "amount": 0.1}, {"trade_seq": 799, "trade_id": "228399783", "timestamp": 1662485374140, "tick_direction": 3, "price": 0.011, "mark_price": 0.01106524, "iv": 73.39, "instrument_name": "BTC-30DEC22-38000-C", "index_price": 19061.47, "direction": "sell", "amount": 0.1}, {"trade_seq": 798, "trade_id": "228399782", "timestamp": 1662485374119, "tick_direction": 3, "price": 0.011, "mark_price": 0.01106524, "iv": 73.39, "instrument_name": "BTC-30DEC22-38000-C", "index_price": 19061.47, "direction": "sell", "amount": 0.1}, {"trade_seq": 797, "trade_id": "228399780", "timestamp": 1662485374039, "tick_direction": 3, "price": 0.011, "mark_price": 0.01106524, "iv": 73.39, "instrument_name": "BTC-30DEC22-38000-C", "index_price": 19061.47, "direction": "sell", "amount": 0.2}, {"trade_seq": 796, "trade_id": "228399779", "timestamp": 1662485374006, "tick_direction": 3, "price": 0.011, "mark_price": 0.01106524, "iv": 73.39, "instrument_name": "BTC-30DEC22-38000-C", "index_price": 19061.47, "direction": "sell", "amount": 0.1}, {"trade_seq": 795, "trade_id": "228399778", "timestamp": 1662485373798, "tick_direction": 3, "price": 0.011, "mark_price": 0.01106268, "iv": 73.39, "instrument_name": "BTC-30DEC22-38000-C", "index_price": 19061.47, "direction": "sell", "amount": 0.2}, {"trade_seq": 794, "trade_id": "228399777", "timestamp": 1662485373742, "tick_direction": 3, "price": 0.011, "mark_price": 0.01106268, "iv": 73.39, "instrument_name": "BTC-30DEC22-38000-C", "index_price": 19061.47, "direction": "sell", "amount": 0.1}, {"trade_seq": 793, "trade_id": "228399774", "timestamp": 1662485373132, "tick_direction": 3, "price": 0.011, "mark_price": 0.01106268, "iv": 73.37, "instrument_name": "BTC-30DEC22-38000-C", "index_price": 19060.66, "direction": "sell", "amount": 0.2}, {"trade_seq": 792, "trade_id": "228399766", "timestamp": 1662485371559, "tick_direction": 3, "price": 0.011, "mark_price": 0.01110158, "iv": 73.37, "instrument_name": "BTC-30DEC22-38000-C", "index_price": 19066.75, "direction": "sell", "amount": 0.1}, {"trade_seq": 791, "trade_id": "228399752", "timestamp": 1662485370765, "tick_direction": 3, "price": 0.011, "mark_price": 0.01111857, "iv": 73.34, "instrument_name": "BTC-30DEC22-38000-C", "index_price": 19072.97, "direction": "sell", "amount": 0.1}, {"trade_seq": 790, "trade_id": "228399743", "timestamp": 1662485370279, "tick_direction": 3, "price": 0.011, "mark_price": 0.01111857, "iv": 73.34, "instrument_name": "BTC-30DEC22-38000-C", "index_price": 19072.97, "direction": "sell", "amount": 0.1}, {"trade_seq": 789, "trade_id": "228399740", "timestamp": 1662485370082, "tick_direction": 3, "price": 0.011, "mark_price": 0.01111857, "iv": 73.32, "instrument_name": "BTC-30DEC22-38000-C", "index_price": 19078.43, "direction": "sell", "amount": 0.1}, {"trade_seq": 788, "trade_id": "228398885", "timestamp": 1662485234245, "tick_direction": 3, "price": 0.011, "mark_price": 0.01105975, "iv": 73.28, "instrument_name": "BTC-30DEC22-38000-C", "index_price": 19089.61, "direction": "sell", "amount": 0.2}, {"trade_seq": 787, "trade_id": "228398876", "timestamp": 1662485233048, "tick_direction": 3, "price": 0.011, "mark_price": 0.01107727, "iv": 73.26, "instrument_name": "BTC-30DEC22-38000-C", "index_price": 19094.23, "direction": "sell", "amount": 0.1}, {"trade_seq": 786, "trade_id": "228398875", "timestamp": 1662485233032, "tick_direction": 3, "price": 0.011, "mark_price": 0.01107727, "iv": 73.26, "instrument_name": "BTC-30DEC22-38000-C", "index_price": 19094.23, "direction": "sell", "amount": 0.1}, {"trade_seq": 785, "trade_id": "228398870", "timestamp": 1662485232944, "tick_direction": 3, "price": 0.011, "mark_price": 0.01107727, "iv": 73.26, "instrument_name": "BTC-30DEC22-38000-C", "index_price": 19094.23, "direction": "sell", "amount": 0.1}, {"trade_seq": 784, "trade_id": "228398869", "timestamp": 1662485232929, "tick_direction": 3, "price": 0.011, "mark_price": 0.01107727, "iv": 73.26, "instrument_name": "BTC-30DEC22-38000-C", "index_price": 19094.23, "direction": "sell", "amount": 0.1}, {"trade_seq": 783, "trade_id": "228398867", "timestamp": 1662485232902, "tick_direction": 3, "price": 0.011, "mark_price": 0.01107727, "iv": 73.26, "instrument_name": "BTC-30DEC22-38000-C", "index_price": 19094.23, "direction": "sell", "amount": 0.1}, {"trade_seq": 782, "trade_id": "228398749", "timestamp": 1662485219778, "tick_direction": 3, "price": 0.011, "mark_price": 0.0110868, "iv": 73.24, "instrument_name": "BTC-30DEC22-38000-C", "index_price": 19097.32, "direction": "sell", "amount": 0.1}, {"trade_seq": 781, "trade_id": "228398748", "timestamp": 1662485219750, "tick_direction": 3, "price": 0.011, "mark_price": 0.0110868, "iv": 73.24, "instrument_name": "BTC-30DEC22-38000-C", "index_price": 19097.32, "direction": "sell", "amount": 0.1}, {"trade_seq": 780, "trade_id": "228398741", "timestamp": 1662485219673, "tick_direction": 3, "price": 0.011, "mark_price": 0.0110868, "iv": 73.24, "instrument_name": "BTC-30DEC22-38000-C", "index_price": 19097.32, "direction": "sell", "amount": 0.1}, {"trade_seq": 779, "trade_id": "228398740", "timestamp": 1662485219643, "tick_direction": 3, "price": 0.011, "mark_price": 0.0110868, "iv": 73.24, "instrument_name": "BTC-30DEC22-38000-C", "index_price": 19097.32, "direction": "sell", "amount": 0.1}, {"trade_seq": 778, "trade_id": "228398455", "timestamp": 1662485190354, "tick_direction": 3, "price": 0.011, "mark_price": 0.01110256, "iv": 73.21, "instrument_name": "BTC-30DEC22-38000-C", "index_price": 19105.13, "direction": "sell", "amount": 0.1}, {"trade_seq": 777, "trade_id": "228398454", "timestamp": 1662485190148, "tick_direction": 3, "price": 0.011, "mark_price": 0.01110256, "iv": 73.21, "instrument_name": "BTC-30DEC22-38000-C", "index_price": 19105.13, "direction": "sell", "amount": 0.1}, {"trade_seq": 776, "trade_id": "228398453", "timestamp": 1662485190137, "tick_direction": 3, "price": 0.011, "mark_price": 0.01110256, "iv": 73.21, "instrument_name": "BTC-30DEC22-38000-C", "index_price": 19105.13, "direction": "sell", "amount": 0.1}, {"trade_seq": 775, "trade_id": "228398452", "timestamp": 1662485190126, "tick_direction": 3, "price": 0.011, "mark_price": 0.01110256, "iv": 73.21, "instrument_name": "BTC-30DEC22-38000-C", "index_price": 19105.13, "direction": "sell", "amount": 0.1}, {"trade_seq": 774, "trade_id": "228398451", "timestamp": 1662485190116, "tick_direction": 3, "price": 0.011, "mark_price": 0.01110256, "iv": 73.21, "instrument_name": "BTC-30DEC22-38000-C", "index_price": 19105.13, "direction": "sell", "amount": 0.1}, {"trade_seq": 773, "trade_id": "228398450", "timestamp": 1662485190102, "tick_direction": 3, "price": 0.011, "mark_price": 0.01110256, "iv": 73.21, "instrument_name": "BTC-30DEC22-38000-C", "index_price": 19105.13, "direction": "sell", "amount": 0.2}, {"trade_seq": 772, "trade_id": "228398447", "timestamp": 1662485190006, "tick_direction": 3, "price": 0.011, "mark_price": 0.01110256, "iv": 73.21, "instrument_name": "BTC-30DEC22-38000-C", "index_price": 19105.13, "direction": "sell", "amount": 0.1}, {"trade_seq": 771, "trade_id": "228398446", "timestamp": 1662485189899, "tick_direction": 3, "price": 0.011, "mark_price": 0.01110256, "iv": 73.18, "instrument_name": "BTC-30DEC22-38000-C", "index_price": 19112.59, "direction": "sell", "amount": 0.2}, {"trade_seq": 770, "trade_id": "228398445", "timestamp": 1662485189887, "tick_direction": 3, "price": 0.011, "mark_price": 0.01110256, "iv": 73.18, "instrument_name": "BTC-30DEC22-38000-C", "index_price": 19112.59, "direction": "sell", "amount": 0.2}, {"trade_seq": 769, "trade_id": "228398432", "timestamp": 1662485189221, "tick_direction": 3, "price": 0.011, "mark_price": 0.01111426, "iv": 73.18, "instrument_name": "BTC-30DEC22-38000-C", "index_price": 19112.59, "direction": "sell", "amount": 0.1}, {"trade_seq": 768, "trade_id": "228398431", "timestamp": 1662485189204, "tick_direction": 3, "price": 0.011, "mark_price": 0.01111426, "iv": 73.18, "instrument_name": "BTC-30DEC22-38000-C", "index_price": 19112.59, "direction": "sell", "amount": 0.1}, {"trade_seq": 767, "trade_id": "228398424", "timestamp": 1662485188954, "tick_direction": 3, "price": 0.011, "mark_price": 0.01111426, "iv": 73.16, "instrument_name": "BTC-30DEC22-38000-C", "index_price": 19116.67, "direction": "sell", "amount": 0.1}, {"trade_seq": 766, "trade_id": "228398423", "timestamp": 1662485188932, "tick_direction": 3, "price": 0.011, "mark_price": 0.01111426, "iv": 73.16, "instrument_name": "BTC-30DEC22-38000-C", "index_price": 19116.67, "direction": "sell", "amount": 0.1}, {"trade_seq": 765, "trade_id": "228398421", "timestamp": 1662485188916, "tick_direction": 3, "price": 0.011, "mark_price": 0.01111426, "iv": 73.16, "instrument_name": "BTC-30DEC22-38000-C", "index_price": 19116.67, "direction": "sell", "amount": 0.1}, {"trade_seq": 764, "trade_id": "228398420", "timestamp": 1662485188889, "tick_direction": 3, "price": 0.011, "mark_price": 0.01111426, "iv": 73.16, "instrument_name": "BTC-30DEC22-38000-C", "index_price": 19116.67, "direction": "sell", "amount": 0.1}, {"trade_seq": 763, "trade_id": "228398419", "timestamp": 1662485188846, "tick_direction": 3, "price": 0.011, "mark_price": 0.01111426, "iv": 73.16, "instrument_name": "BTC-30DEC22-38000-C", "index_price": 19116.67, "direction": "sell", "amount": 0.1}, {"trade_seq": 762, "trade_id": "228398411", "timestamp": 1662485188728, "tick_direction": 3, "price": 0.011, "mark_price": 0.0111193, "iv": 73.16, "instrument_name": "BTC-30DEC22-38000-C", "index_price": 19116.67, "direction": "sell", "amount": 0.1}, {"trade_seq": 761, "trade_id": "228398207", "timestamp": 1662485156656, "tick_direction": 3, "price": 0.011, "mark_price": 0.01107096, "iv": 73.19, "instrument_name": "BTC-30DEC22-38000-C", "index_price": 19118.38, "direction": "sell", "amount": 0.1}, {"trade_seq": 760, "trade_id": "228398206", "timestamp": 1662485156647, "tick_direction": 3, "price": 0.011, "mark_price": 0.01107096, "iv": 73.19, "instrument_name": "BTC-30DEC22-38000-C", "index_price": 19118.38, "direction": "sell", "amount": 0.1}, {"trade_seq": 759, "trade_id": "228398205", "timestamp": 1662485156244, "tick_direction": 3, "price": 0.011, "mark_price": 0.01106507, "iv": 73.19, "instrument_name": "BTC-30DEC22-38000-C", "index_price": 19118.38, "direction": "sell", "amount": 0.1}, {"trade_seq": 758, "trade_id": "228398204", "timestamp": 1662485156232, "tick_direction": 3, "price": 0.011, "mark_price": 0.01106507, "iv": 73.19, "instrument_name": "BTC-30DEC22-38000-C", "index_price": 19118.38, "direction": "sell", "amount": 0.1}, {"trade_seq": 757, "trade_id": "228398203", "timestamp": 1662485156027, "tick_direction": 3, "price": 0.011, "mark_price": 0.01106507, "iv": 73.19, "instrument_name": "BTC-30DEC22-38000-C", "index_price": 19118.38, "direction": "sell", "amount": 0.1}, {"trade_seq": 756, "trade_id": "228398202", "timestamp": 1662485155538, "tick_direction": 3, "price": 0.011, "mark_price": 0.01106559, "iv": 73.2, "instrument_name": "BTC-30DEC22-38000-C", "index_price": 19116.98, "direction": "sell", "amount": 0.1}, {"trade_seq": 755, "trade_id": "228398189", "timestamp": 1662485154011, "tick_direction": 3, "price": 0.011, "mark_price": 0.01106246, "iv": 73.2, "instrument_name": "BTC-30DEC22-38000-C", "index_price": 19117.64, "direction": "sell", "amount": 0.2}, {"trade_seq": 754, "trade_id": "228397811", "timestamp": 1662485118853, "tick_direction": 3, "price": 0.011, "mark_price": 0.0110822, "iv": 73.13, "instrument_name": "BTC-30DEC22-38000-C", "index_price": 19145.35, "direction": "sell", "amount": 0.1}, {"trade_seq": 753, "trade_id": "228397810", "timestamp": 1662485118843, "tick_direction": 3, "price": 0.011, "mark_price": 0.0110822, "iv": 73.13, "instrument_name": "BTC-30DEC22-38000-C", "index_price": 19145.35, "direction": "sell", "amount": 0.2}, {"trade_seq": 752, "trade_id": "228397809", "timestamp": 1662485118821, "tick_direction": 3, "price": 0.011, "mark_price": 0.0110822, "iv": 73.13, "instrument_name": "BTC-30DEC22-38000-C", "index_price": 19145.35, "direction": "sell", "amount": 0.2}, {"trade_seq": 751, "trade_id": "228397808", "timestamp": 1662485118808, "tick_direction": 3, "price": 0.011, "mark_price": 0.0110822, "iv": 73.13, "instrument_name": "BTC-30DEC22-38000-C", "index_price": 19145.35, "direction": "sell", "amount": 0.3}, {"trade_seq": 750, "trade_id": "228397807", "timestamp": 1662485118795, "tick_direction": 3, "price": 0.011, "mark_price": 0.0110822, "iv": 73.13, "instrument_name": "BTC-30DEC22-38000-C", "index_price": 19145.35, "direction": "sell", "amount": 0.4}