{"trades": [{"trade_seq": 574, "trade_id": "227509231", "timestamp": 1661508182964, "tick_direction": 3, "price": 0.0005, "mark_price": 0.00071662, "iv": 131.56, "instrument_name": "BTC-30DEC22-250000-C", "index_price": 21435.39, "direction": "sell", "amount": 4.0}, {"trade_seq": 573, "trade_id": "227509230", "timestamp": 1661508182964, "tick_direction": 3, "price": 0.0005, "mark_price": 0.00071662, "iv": 131.56, "instrument_name": "BTC-30DEC22-250000-C", "index_price": 21435.39, "direction": "sell", "amount": 5.0}, {"trade_seq": 572, "trade_id": "227509229", "timestamp": 1661508182964, "tick_direction": 2, "price": 0.0005, "mark_price": 0.00071662, "iv": 131.56, "instrument_name": "BTC-30DEC22-250000-C", "index_price": 21435.39, "direction": "sell", "amount": 1.0}, {"trade_seq": 571, "trade_id": "226603939", "timestamp": 1660560788591, "tick_direction": 1, "price": 0.001, "mark_price": 0.00072424, "iv": 127.95, "instrument_name": "BTC-30DEC22-250000-C", "index_price": 24245.29, "direction": "sell", "amount": 24.7}, {"trade_seq": 570, "trade_id": "226603938", "timestamp": 1660560788564, "tick_direction": 1, "price": 0.001, "mark_price": 0.00072424, "iv": 127.95, "instrument_name": "BTC-30DEC22-250000-C", "index_price": 24245.29, "direction": "sell", "amount": 31.7}, {"trade_seq": 569, "trade_id": "226603937", "timestamp": 1660560788557, "tick_direction": 1, "price": 0.001, "mark_price": 0.00072424, "iv": 127.95, "instrument_name": "BTC-30DEC22-250000-C", "index_price": 24245.29, "direction": "buy", "amount": 4.0}, {"trade_seq": 568, "trade_id": "226603936", "timestamp": 1660560788557, "tick_direction": 1, "price": 0.001, "mark_price": 0.00072424, "iv": 127.95, "instrument_name": "BTC-30DEC22-250000-C", "index_price": 24245.29, "direction": "buy", "amount": 15.0}, {"trade_seq": 567, "trade_id": "226603935", "timestamp": 1660560788557, "tick_direction": 0, "price": 0.001, "mark_price": 0.00072424, "iv": 127.95, "instrument_name": "BTC-30DEC22-250000-C", "index_price": 24245.29, "direction": "buy", "amount": 0.3}, {"trade_seq": 566, "trade_id": "226296885", "timestamp": 1660211555714, "tick_direction": 3, "price": 0.0005, "mark_price": 0.00071648, "iv": 118.42, "instrument_name": "BTC-30DEC22-250000-C", "index_price": 24505.84, "direction": "sell", "amount": 1.0}, {"trade_seq": 565, "trade_id": "226284941", "timestamp": 1660199793694, "tick_direction": 2, "price": 0.0005, "mark_price": 0.00082694, "iv": 118.34, "instrument_name": "BTC-30DEC22-250000-C", "index_price": 24524.82, "direction": "sell", "amount": 3.2}, {"trade_seq": 564, "trade_id": "224806514", "timestamp": 1658956125742, "tick_direction": 3, "price": 0.001, "mark_price": 0.00089155, "iv": 122.77, "instrument_name": "BTC-30DEC22-250000-C", "index_price": 22715.03, "direction": "sell", "amount": 0.2}, {"trade_seq": 563, "trade_id": "224443135", "timestamp": 1658740146832, "tick_direction": 3, "price": 0.001, "mark_price": 0.0007613, "iv": 122.98, "instrument_name": "BTC-30DEC22-250000-C", "index_price": 22076.69, "direction": "buy", "amount": 4.0}, {"trade_seq": 562, "trade_id": "223800177", "timestamp": 1658328624874, "tick_direction": 2, "price": 0.001, "mark_price": 0.00090367, "iv": 117.64, "instrument_name": "BTC-30DEC22-250000-C", "index_price": 24054.51, "direction": "sell", "amount": 1.0}, {"trade_seq": 561, "trade_id": "223659261", "timestamp": 1658261593831, "tick_direction": 1, "price": 0.0015, "mark_price": 0.00088521, "iv": 123.24, "instrument_name": "BTC-30DEC22-250000-C", "index_price": 23225.02, "direction": "sell", "amount": 15.0}, {"trade_seq": 560, "trade_id": "223659260", "timestamp": 1658261593828, "tick_direction": 0, "price": 0.0015, "mark_price": 0.00088521, "iv": 123.24, "instrument_name": "BTC-30DEC22-250000-C", "index_price": 23225.02, "direction": "buy", "amount": 15.0}, {"trade_seq": 559, "trade_id": "223595360", "timestamp": 1658246378226, "tick_direction": 3, "price": 0.001, "mark_price": 0.00095137, "iv": 118.77, "instrument_name": "BTC-30DEC22-250000-C", "index_price": 23187.73, "direction": "buy", "amount": 0.9}, {"trade_seq": 558, "trade_id": "223595359", "timestamp": 1658246378185, "tick_direction": 3, "price": 0.001, "mark_price": 0.00095137, "iv": 118.77, "instrument_name": "BTC-30DEC22-250000-C", "index_price": 23187.73, "direction": "buy", "amount": 5.1}, {"trade_seq": 557, "trade_id": "222728336", "timestamp": 1657673974510, "tick_direction": 3, "price": 0.001, "mark_price": 0.00071933, "iv": 123.64, "instrument_name": "BTC-30DEC22-250000-C", "index_price": 19402.87, "direction": "buy", "amount": 0.1}, {"trade_seq": 556, "trade_id": "222386100", "timestamp": 1657293848788, "tick_direction": 2, "price": 0.001, "mark_price": 0.00086306, "iv": 117.32, "instrument_name": "BTC-30DEC22-250000-C", "index_price": 21838.21, "direction": "sell", "amount": 0.1}, {"trade_seq": 555, "trade_id": "221069518", "timestamp": 1656315838023, "tick_direction": 1, "price": 0.0025, "mark_price": 0.00119257, "iv": 124.92, "instrument_name": "BTC-30DEC22-250000-C", "index_price": 21344.04, "direction": "buy", "amount": 9.8}, {"trade_seq": 554, "trade_id": "221069517", "timestamp": 1656315838023, "tick_direction": 1, "price": 0.0025, "mark_price": 0.00119257, "iv": 124.92, "instrument_name": "BTC-30DEC22-250000-C", "index_price": 21344.04, "direction": "buy", "amount": 14.0}, {"trade_seq": 553, "trade_id": "221069467", "timestamp": 1656315783231, "tick_direction": 1, "price": 0.0025, "mark_price": 0.00116943, "iv": 124.89, "instrument_name": "BTC-30DEC22-250000-C", "index_price": 21352.88, "direction": "buy", "amount": 7.0}, {"trade_seq": 552, "trade_id": "221069466", "timestamp": 1656315783231, "tick_direction": 0, "price": 0.0025, "mark_price": 0.00116943, "iv": 124.89, "instrument_name": "BTC-30DEC22-250000-C", "index_price": 21352.88, "direction": "buy", "amount": 15.0}, {"trade_seq": 551, "trade_id": "220893264", "timestamp": 1656079593584, "tick_direction": 0, "price": 0.002, "mark_price": 0.00189656, "iv": 121.45, "instrument_name": "BTC-30DEC22-250000-C", "index_price": 21291.13, "direction": "buy", "amount": 15.0}, {"trade_seq": 550, "trade_id": "220835017", "timestamp": 1656055506247, "tick_direction": 2, "price": 0.0005, "mark_price": 0.00105696, "iv": 108.47, "instrument_name": "BTC-30DEC22-250000-C", "index_price": 20786.0, "direction": "sell", "amount": 0.1}, {"trade_seq": 549, "trade_id": "219998712", "timestamp": 1655634284155, "tick_direction": 1, "price": 0.0015, "mark_price": 0.001623, "iv": 119.2, "instrument_name": "BTC-30DEC22-250000-C", "index_price": 19874.88, "direction": "buy", "amount": 0.1}, {"trade_seq": 548, "trade_id": "219924008", "timestamp": 1655608331614, "tick_direction": 1, "price": 0.0015, "mark_price": 0.00170493, "iv": 121.69, "instrument_name": "BTC-30DEC22-250000-C", "index_price": 18619.03, "direction": "buy", "amount": 0.1}, {"trade_seq": 547, "trade_id": "219901709", "timestamp": 1655599701738, "tick_direction": 1, "price": 0.0015, "mark_price": 0.00167671, "iv": 120.86, "instrument_name": "BTC-30DEC22-250000-C", "index_price": 18968.63, "direction": "buy", "amount": 0.4}, {"trade_seq": 546, "trade_id": "219901685", "timestamp": 1655599683683, "tick_direction": 1, "price": 0.0015, "mark_price": 0.00168508, "iv": 120.8, "instrument_name": "BTC-30DEC22-250000-C", "index_price": 19007.86, "direction": "buy", "amount": 0.1}, {"trade_seq": 545, "trade_id": "218888306", "timestamp": 1655280891460, "tick_direction": 0, "price": 0.0015, "mark_price": 0.00157682, "iv": 117.11, "instrument_name": "BTC-30DEC22-250000-C", "index_price": 20330.22, "direction": "buy", "amount": 0.3}, {"trade_seq": 544, "trade_id": "217754317", "timestamp": 1655042627416, "tick_direction": 2, "price": 0.0005, "mark_price": 0.00112072, "iv": 95.06, "instrument_name": "BTC-30DEC22-250000-C", "index_price": 27297.31, "direction": "sell", "amount": 54.8}, {"trade_seq": 543, "trade_id": "217317096", "timestamp": 1654811871892, "tick_direction": 1, "price": 0.001, "mark_price": 0.00115684, "iv": 96.49, "instrument_name": "BTC-30DEC22-250000-C", "index_price": 30119.01, "direction": "sell", "amount": 8.1}, {"trade_seq": 542, "trade_id": "217256254", "timestamp": 1654760365045, "tick_direction": 1, "price": 0.001, "mark_price": 0.00102761, "iv": 96.11, "instrument_name": "BTC-30DEC22-250000-C", "index_price": 30339.57, "direction": "sell", "amount": 1.0}, {"trade_seq": 541, "trade_id": "216798452", "timestamp": 1654432982391, "tick_direction": 1, "price": 0.001, "mark_price": 0.00128323, "iv": 96.0, "instrument_name": "BTC-30DEC22-250000-C", "index_price": 29702.86, "direction": "buy", "amount": 0.5}, {"trade_seq": 540, "trade_id": "216798451", "timestamp": 1654432982388, "tick_direction": 1, "price": 0.001, "mark_price": 0.00128323, "iv": 96.0, "instrument_name": "BTC-30DEC22-250000-C", "index_price": 29702.86, "direction": "sell", "amount": 10.5}, {"trade_seq": 539, "trade_id": "215949401", "timestamp": 1653682940371, "tick_direction": 1, "price": 0.001, "mark_price": 0.00097672, "iv": 94.98, "instrument_name": "BTC-30DEC22-250000-C", "index_price": 28883.77, "direction": "sell", "amount": 2.0}, {"trade_seq": 538, "trade_id": "215949392", "timestamp": 1653682913410, "tick_direction": 0, "price": 0.001, "mark_price": 0.00097796, "iv": 94.98, "instrument_name": "BTC-30DEC22-250000-C", "index_price": 28873.21, "direction": "sell", "amount": 2.7}, {"trade_seq": 537, "trade_id": "215737205", "timestamp": 1653572509869, "tick_direction": 2, "price": 0.0005, "mark_price": 0.00105885, "iv": 89.97, "instrument_name": "BTC-30DEC22-250000-C", "index_price": 28334.65, "direction": "sell", "amount": 0.1}, {"trade_seq": 536, "trade_id": "215737204", "timestamp": 1653572509869, "tick_direction": 3, "price": 0.001, "mark_price": 0.00105885, "iv": 95.5, "instrument_name": "BTC-30DEC22-250000-C", "index_price": 28334.65, "direction": "sell", "amount": 2.9}, {"trade_seq": 535, "trade_id": "215710196", "timestamp": 1653568451279, "tick_direction": 3, "price": 0.001, "mark_price": 0.0011303, "iv": 94.74, "instrument_name": "BTC-30DEC22-250000-C", "index_price": 28903.95, "direction": "buy", "amount": 0.6}, {"trade_seq": 534, "trade_id": "215710195", "timestamp": 1653568450173, "tick_direction": 3, "price": 0.001, "mark_price": 0.00113076, "iv": 94.74, "instrument_name": "BTC-30DEC22-250000-C", "index_price": 28904.51, "direction": "sell", "amount": 6.1}, {"trade_seq": 533, "trade_id": "215588691", "timestamp": 1653467964613, "tick_direction": 3, "price": 0.001, "mark_price": 0.00092785, "iv": 93.43, "instrument_name": "BTC-30DEC22-250000-C", "index_price": 29719.02, "direction": "sell", "amount": 2.0}, {"trade_seq": 532, "trade_id": "215588689", "timestamp": 1653467962590, "tick_direction": 3, "price": 0.001, "mark_price": 0.00092849, "iv": 93.42, "instrument_name": "BTC-30DEC22-250000-C", "index_price": 29719.84, "direction": "sell", "amount": 2.7}, {"trade_seq": 531, "trade_id": "215588687", "timestamp": 1653467960655, "tick_direction": 3, "price": 0.001, "mark_price": 0.00092882, "iv": 93.42, "instrument_name": "BTC-30DEC22-250000-C", "index_price": 29723.51, "direction": "sell", "amount": 3.7}, {"trade_seq": 530, "trade_id": "215493589", "timestamp": 1653395458711, "tick_direction": 3, "price": 0.001, "mark_price": 0.00095824, "iv": 93.94, "instrument_name": "BTC-30DEC22-250000-C", "index_price": 29152.32, "direction": "sell", "amount": 2.3}, {"trade_seq": 529, "trade_id": "215481646", "timestamp": 1653380317730, "tick_direction": 3, "price": 0.001, "mark_price": 0.00101521, "iv": 93.67, "instrument_name": "BTC-30DEC22-250000-C", "index_price": 29311.83, "direction": "sell", "amount": 4.7}, {"trade_seq": 528, "trade_id": "215368976", "timestamp": 1653295288035, "tick_direction": 3, "price": 0.001, "mark_price": 0.00128422, "iv": 92.23, "instrument_name": "BTC-30DEC22-250000-C", "index_price": 30300.09, "direction": "sell", "amount": 2.3}, {"trade_seq": 527, "trade_id": "215368975", "timestamp": 1653295287898, "tick_direction": 3, "price": 0.001, "mark_price": 0.00128422, "iv": 92.23, "instrument_name": "BTC-30DEC22-250000-C", "index_price": 30300.09, "direction": "sell", "amount": 3.1}, {"trade_seq": 526, "trade_id": "215368972", "timestamp": 1653295284454, "tick_direction": 3, "price": 0.001, "mark_price": 0.0012871, "iv": 92.23, "instrument_name": "BTC-30DEC22-250000-C", "index_price": 30299.36, "direction": "sell", "amount": 4.7}, {"trade_seq": 525, "trade_id": "215368971", "timestamp": 1653295284454, "tick_direction": 3, "price": 0.001, "mark_price": 0.0012871, "iv": 92.23, "instrument_name": "BTC-30DEC22-250000-C", "index_price": 30299.36, "direction": "sell", "amount": 7.2}, {"trade_seq": 524, "trade_id": "215368968", "timestamp": 1653295281977, "tick_direction": 2, "price": 0.001, "mark_price": 0.00128664, "iv": 92.23, "instrument_name": "BTC-30DEC22-250000-C", "index_price": 30297.75, "direction": "sell", "amount": 14.0}, {"trade_seq": 523, "trade_id": "215337959", "timestamp": 1653257491375, "tick_direction": 3, "price": 0.0015, "mark_price": 0.00134444, "iv": 95.97, "instrument_name": "BTC-30DEC22-250000-C", "index_price": 30132.92, "direction": "sell", "amount": 2.5}, {"trade_seq": 522, "trade_id": "215303255", "timestamp": 1653220053163, "tick_direction": 3, "price": 0.0015, "mark_price": 0.00142756, "iv": 96.18, "instrument_name": "BTC-30DEC22-250000-C", "index_price": 29879.02, "direction": "sell", "amount": 2.2}, {"trade_seq": 521, "trade_id": "215303254", "timestamp": 1653220051146, "tick_direction": 2, "price": 0.0015, "mark_price": 0.00142746, "iv": 96.18, "instrument_name": "BTC-30DEC22-250000-C", "index_price": 29879.2, "direction": "sell", "amount": 2.8}, {"trade_seq": 520, "trade_id": "215115934", "timestamp": 1653033995266, "tick_direction": 0, "price": 0.002, "mark_price": 0.00178147, "iv": 98.02, "instrument_name": "BTC-30DEC22-250000-C", "index_price": 30179.05, "direction": "sell", "amount": 10.0}, {"trade_seq": 519, "trade_id": "214906710", "timestamp": 1652913760004, "tick_direction": 3, "price": 0.0015, "mark_price": 0.00146437, "iv": 96.54, "instrument_name": "BTC-30DEC22-250000-C", "index_price": 28979.08, "direction": "sell", "amount": 2.6}, {"trade_seq": 518, "trade_id": "214812672", "timestamp": 1652861033354, "tick_direction": 3, "price": 0.0015, "mark_price": 0.00136012, "iv": 95.26, "instrument_name": "BTC-30DEC22-250000-C", "index_price": 29901.38, "direction": "sell", "amount": 2.7}, {"trade_seq": 517, "trade_id": "214616959", "timestamp": 1652688884754, "tick_direction": 3, "price": 0.0015, "mark_price": 0.00165244, "iv": 95.08, "instrument_name": "BTC-30DEC22-250000-C", "index_price": 29697.93, "direction": "sell", "amount": 7.6}, {"trade_seq": 516, "trade_id": "214616886", "timestamp": 1652688848392, "tick_direction": 3, "price": 0.0015, "mark_price": 0.00164652, "iv": 95.08, "instrument_name": "BTC-30DEC22-250000-C", "index_price": 29689.62, "direction": "sell", "amount": 2.7}, {"trade_seq": 515, "trade_id": "214616882", "timestamp": 1652688846379, "tick_direction": 3, "price": 0.0015, "mark_price": 0.00164717, "iv": 95.08, "instrument_name": "BTC-30DEC22-250000-C", "index_price": 29689.24, "direction": "sell", "amount": 15.0}, {"trade_seq": 514, "trade_id": "214616162", "timestamp": 1652688353997, "tick_direction": 3, "price": 0.0015, "mark_price": 0.00164008, "iv": 95.06, "instrument_name": "BTC-30DEC22-250000-C", "index_price": 29700.26, "direction": "sell", "amount": 3.0}, {"trade_seq": 513, "trade_id": "214601547", "timestamp": 1652681951795, "tick_direction": 3, "price": 0.0015, "mark_price": 0.00156411, "iv": 95.01, "instrument_name": "BTC-30DEC22-250000-C", "index_price": 29740.51, "direction": "sell", "amount": 2.9}, {"trade_seq": 512, "trade_id": "214596112", "timestamp": 1652679465298, "tick_direction": 2, "price": 0.0015, "mark_price": 0.00143464, "iv": 94.22, "instrument_name": "BTC-30DEC22-250000-C", "index_price": 30382.41, "direction": "sell", "amount": 2.2}, {"trade_seq": 511, "trade_id": "214491069", "timestamp": 1652568592932, "tick_direction": 1, "price": 0.0055, "mark_price": 0.00224529, "iv": 108.87, "instrument_name": "BTC-30DEC22-250000-C", "index_price": 29789.71, "direction": "buy", "amount": 0.1}, {"trade_seq": 510, "trade_id": "214491061", "timestamp": 1652568592085, "tick_direction": 1, "price": 0.0055, "mark_price": 0.00224487, "iv": 108.87, "instrument_name": "BTC-30DEC22-250000-C", "index_price": 29789.52, "direction": "buy", "amount": 0.1}, {"trade_seq": 509, "trade_id": "214491058", "timestamp": 1652568591959, "tick_direction": 1, "price": 0.0055, "mark_price": 0.00224487, "iv": 108.87, "instrument_name": "BTC-30DEC22-250000-C", "index_price": 29789.52, "direction": "buy", "amount": 0.1}, {"trade_seq": 508, "trade_id": "214491057", "timestamp": 1652568591951, "tick_direction": 1, "price": 0.0055, "mark_price": 0.00224487, "iv": 108.87, "instrument_name": "BTC-30DEC22-250000-C", "index_price": 29789.52, "direction": "buy", "amount": 0.1}, {"trade_seq": 507, "trade_id": "214491055", "timestamp": 1652568591867, "tick_direction": 1, "price": 0.0055, "mark_price": 0.00224487, "iv": 108.87, "instrument_name": "BTC-30DEC22-250000-C", "index_price": 29790.83, "direction": "buy", "amount": 0.1}, {"trade_seq": 506, "trade_id": "214491054", "timestamp": 1652568591348, "tick_direction": 1, "price": 0.0055, "mark_price": 0.00224487, "iv": 108.87, "instrument_name": "BTC-30DEC22-250000-C", "index_price": 29790.83, "direction": "buy", "amount": 0.2}, {"trade_seq": 505, "trade_id": "214491053", "timestamp": 1652568590934, "tick_direction": 1, "price": 0.0055, "mark_price": 0.0022437, "iv": 108.87, "instrument_name": "BTC-30DEC22-250000-C", "index_price": 29790.83, "direction": "buy", "amount": 0.1}, {"trade_seq": 504, "trade_id": "214491052", "timestamp": 1652568590158, "tick_direction": 1, "price": 0.0055, "mark_price": 0.00224247, "iv": 108.87, "instrument_name": "BTC-30DEC22-250000-C", "index_price": 29789.55, "direction": "buy", "amount": 0.1}, {"trade_seq": 503, "trade_id": "214491049", "timestamp": 1652568589957, "tick_direction": 1, "price": 0.0055, "mark_price": 0.00224247, "iv": 108.87, "instrument_name": "BTC-30DEC22-250000-C", "index_price": 29789.55, "direction": "buy", "amount": 0.1}, {"trade_seq": 502, "trade_id": "214491048", "timestamp": 1652568589939, "tick_direction": 1, "price": 0.0055, "mark_price": 0.00224247, "iv": 108.87, "instrument_name": "BTC-30DEC22-250000-C", "index_price": 29789.55, "direction": "buy", "amount": 0.1}, {"trade_seq": 501, "trade_id": "214491047", "timestamp": 1652568589781, "tick_direction": 1, "price": 0.0055, "mark_price": 0.00224247, "iv": 108.87, "instrument_name": "BTC-30DEC22-250000-C", "index_price": 29788.19, "direction": "buy", "amount": 0.1}, {"trade_seq": 500, "trade_id": "214491046", "timestamp": 1652568589324, "tick_direction": 1, "price": 0.0055, "mark_price": 0.00224247, "iv": 108.87, "instrument_name": "BTC-30DEC22-250000-C", "index_price": 29788.19, "direction": "buy", "amount": 0.2}, {"trade_seq": 499, "trade_id": "214491045", "timestamp": 1652568588970, "tick_direction": 1, "price": 0.0055, "mark_price": 0.00224272, "iv": 108.87, "instrument_name": "BTC-30DEC22-250000-C", "index_price": 29788.19, "direction": "buy", "amount": 0.1}, {"trade_seq": 498, "trade_id": "214491043", "timestamp": 1652568588061, "tick_direction": 1, "price": 0.0055, "mark_price": 0.00224398, "iv": 108.87, "instrument_name": "BTC-30DEC22-250000-C", "index_price": 29792.06, "direction": "buy", "amount": 0.1}, {"trade_seq": 497, "trade_id": "214491042", "timestamp": 1652568588054, "tick_direction": 1, "price": 0.0055, "mark_price": 0.00224398, "iv": 108.87, "instrument_name": "BTC-30DEC22-250000-C", "index_price": 29792.06, "direction": "buy", "amount": 0.1}, {"trade_seq": 496, "trade_id": "214491041", "timestamp": 1652568587944, "tick_direction": 1, "price": 0.0055, "mark_price": 0.00224398, "iv": 108.87, "instrument_name": "BTC-30DEC22-250000-C", "index_price": 29792.06, "direction": "buy", "amount": 0.1}, {"trade_seq": 495, "trade_id": "214491040", "timestamp": 1652568587753, "tick_direction": 1, "price": 0.0055, "mark_price": 0.00224398, "iv": 108.86, "instrument_name": "BTC-30DEC22-250000-C", "index_price": 29799.35, "direction": "buy", "amount": 0.1}, {"trade_seq": 494, "trade_id": "214491039", "timestamp": 1652568587508, "tick_direction": 1, "price": 0.0055, "mark_price": 0.00224398, "iv": 108.86, "instrument_name": "BTC-30DEC22-250000-C", "index_price": 29799.35, "direction": "buy", "amount": 0.2}, {"trade_seq": 493, "trade_id": "214491038", "timestamp": 1652568587307, "tick_direction": 1, "price": 0.0055, "mark_price": 0.00224398, "iv": 108.86, "instrument_name": "BTC-30DEC22-250000-C", "index_price": 29799.35, "direction": "buy", "amount": 0.2}, {"trade_seq": 492, "trade_id": "214491032", "timestamp": 1652568585988, "tick_direction": 1, "price": 0.0055, "mark_price": 0.00224409, "iv": 108.85, "instrument_name": "BTC-30DEC22-250000-C", "index_price": 29803.78, "direction": "buy", "amount": 0.1}, {"trade_seq": 491, "trade_id": "214491031", "timestamp": 1652568585942, "tick_direction": 1, "price": 0.0055, "mark_price": 0.00224409, "iv": 108.85, "instrument_name": "BTC-30DEC22-250000-C", "index_price": 29803.78, "direction": "buy", "amount": 0.1}, {"trade_seq": 490, "trade_id": "214491030", "timestamp": 1652568585896, "tick_direction": 1, "price": 0.0055, "mark_price": 0.00224409, "iv": 108.85, "instrument_name": "BTC-30DEC22-250000-C", "index_price": 29803.78, "direction": "buy", "amount": 0.1}, {"trade_seq": 489, "trade_id": "214491028", "timestamp": 1652568585825, "tick_direction": 1, "price": 0.0055, "mark_price": 0.00224409, "iv": 108.85, "instrument_name": "BTC-30DEC22-250000-C", "index_price": 29804.59, "direction": "buy", "amount": 0.2}, {"trade_seq": 488, "trade_id": "214491027", "timestamp": 1652568585431, "tick_direction": 1, "price": 0.0055, "mark_price": 0.00224409, "iv": 108.85, "instrument_name": "BTC-30DEC22-250000-C", "index_price": 29804.59, "direction": "buy", "amount": 0.2}, {"trade_seq": 487, "trade_id": "214491026", "timestamp": 1652568583694, "tick_direction": 1, "price": 0.0055, "mark_price": 0.00224219, "iv": 108.85, "instrument_name": "BTC-30DEC22-250000-C", "index_price": 29805.0, "direction": "buy", "amount": 0.1}, {"trade_seq": 486, "trade_id": "214491025", "timestamp": 1652568583664, "tick_direction": 1, "price": 0.0055, "mark_price": 0.00224219, "iv": 108.85, "instrument_name": "BTC-30DEC22-250000-C", "index_price": 29805.0, "direction": "buy", "amount": 0.1}, {"trade_seq": 485, "trade_id": "214491024", "timestamp": 1652568583633, "tick_direction": 1, "price": 0.0055, "mark_price": 0.00224219, "iv": 108.85, "instrument_name": "BTC-30DEC22-250000-C", "index_price": 29805.0, "direction": "buy", "amount": 0.1}, {"trade_seq": 484, "trade_id": "214491023", "timestamp": 1652568583581, "tick_direction": 1, "price": 0.0055, "mark_price": 0.00224219, "iv": 108.85, "instrument_name": "BTC-30DEC22-250000-C", "index_price": 29805.0, "direction": "buy", "amount": 0.1}, {"trade_seq": 483, "trade_id": "214491017", "timestamp": 1652568582075, "tick_direction": 1, "price": 0.0055, "mark_price": 0.00223823, "iv": 108.86, "instrument_name": "BTC-30DEC22-250000-C", "index_price": 29800.1, "direction": "buy", "amount": 0.1}, {"trade_seq": 482, "trade_id": "214491016", "timestamp": 1652568582051, "tick_direction": 1, "price": 0.0055, "mark_price": 0.00223823, "iv": 108.86, "instrument_name": "BTC-30DEC22-250000-C", "index_price": 29800.1, "direction": "buy", "amount": 0.1}, {"trade_seq": 481, "trade_id": "214491015", "timestamp": 1652568582029, "tick_direction": 1, "price": 0.0055, "mark_price": 0.00223823, "iv": 108.86, "instrument_name": "BTC-30DEC22-250000-C", "index_price": 29800.1, "direction": "buy", "amount": 0.1}, {"trade_seq": 480, "trade_id": "214491010", "timestamp": 1652568581621, "tick_direction": 1, "price": 0.0055, "mark_price": 0.00223823, "iv": 108.86, "instrument_name": "BTC-30DEC22-250000-C", "index_price": 29800.29, "direction": "buy", "amount": 0.1}, {"trade_seq": 479, "trade_id": "214491009", "timestamp": 1652568581596, "tick_direction": 1, "price": 0.0055, "mark_price": 0.00223823, "iv": 108.86, "instrument_name": "BTC-30DEC22-250000-C", "index_price": 29800.29, "direction": "buy", "amount": 0.2}, {"trade_seq": 478, "trade_id": "214491008", "timestamp": 1652568580453, "tick_direction": 1, "price": 0.0055, "mark_price": 0.00223549, "iv": 108.87, "instrument_name": "BTC-30DEC22-250000-C", "index_price": 29795.5, "direction": "buy", "amount": 0.1}, {"trade_seq": 477, "trade_id": "214491007", "timestamp": 1652568580441, "tick_direction": 1, "price": 0.0055, "mark_price": 0.00223549, "iv": 108.87, "instrument_name": "BTC-30DEC22-250000-C", "index_price": 29795.5, "direction": "buy", "amount": 0.1}, {"trade_seq": 476, "trade_id": "214491006", "timestamp": 1652568579383, "tick_direction": 1, "price": 0.0055, "mark_price": 0.00223561, "iv": 108.86, "instrument_name": "BTC-30DEC22-250000-C", "index_price": 29800.87, "direction": "buy", "amount": 0.1}, {"trade_seq": 475, "trade_id": "214491005", "timestamp": 1652568579272, "tick_direction": 1, "price": 0.0055, "mark_price": 0.00223561, "iv": 108.86, "instrument_name": "BTC-30DEC22-250000-C", "index_price": 29800.87, "direction": "buy", "amount": 0.1}, {"trade_seq": 474, "trade_id": "214491004", "timestamp": 1652568579243, "tick_direction": 1, "price": 0.0055, "mark_price": 0.00223561, "iv": 108.86, "instrument_name": "BTC-30DEC22-250000-C", "index_price": 29800.87, "direction": "buy", "amount": 0.1}, {"trade_seq": 473, "trade_id": "214490961", "timestamp": 1652568577552, "tick_direction": 1, "price": 0.0055, "mark_price": 0.00223572, "iv": 108.84, "instrument_name": "BTC-30DEC22-250000-C", "index_price": 29809.46, "direction": "buy", "amount": 0.1}, {"trade_seq": 472, "trade_id": "214490960", "timestamp": 1652568577488, "tick_direction": 1, "price": 0.0055, "mark_price": 0.00223572, "iv": 108.84, "instrument_name": "BTC-30DEC22-250000-C", "index_price": 29809.46, "direction": "buy", "amount": 0.1}, {"trade_seq": 471, "trade_id": "214490946", "timestamp": 1652568577351, "tick_direction": 1, "price": 0.0055, "mark_price": 0.00223572, "iv": 108.84, "instrument_name": "BTC-30DEC22-250000-C", "index_price": 29809.46, "direction": "buy", "amount": 0.1}, {"trade_seq": 470, "trade_id": "214490939", "timestamp": 1652568577306, "tick_direction": 1, "price": 0.0055, "mark_price": 0.00223572, "iv": 108.84, "instrument_name": "BTC-30DEC22-250000-C", "index_price": 29809.46, "direction": "buy", "amount": 0.1}, {"trade_seq": 469, "trade_id": "214490938", "timestamp": 1652568577284, "tick_direction": 1, "price": 0.0055, "mark_price": 0.00223572, "iv": 108.84, "instrument_name": "BTC-30DEC22-250000-C", "index_price": 29809.46, "direction": "buy", "amount": 0.1}, {"trade_seq": 468, "trade_id": "214490937", "timestamp": 1652568577218, "tick_direction": 1, "price": 0.0055, "mark_price": 0.00223572, "iv": 108.84, "instrument_name": "BTC-30DEC22-250000-C", "index_price": 29809.46, "direction": "buy", "amount": 0.2}, {"trade_seq": 467, "trade_id": "214490936", "timestamp": 1652568577082, "tick_direction": 1, "price": 0.0055, "mark_price": 0.00223509, "iv": 108.84, "instrument_name": "BTC-30DEC22-250000-C", "index_price": 29809.46, "direction": "buy", "amount": 0.1}, {"trade_seq": 466, "trade_id": "214490935", "timestamp": 1652568575621, "tick_direction": 1, "price": 0.0055, "mark_price": 0.00223333, "iv": 108.84, "instrument_name": "BTC-30DEC22-250000-C", "index_price": 29808.36, "direction": "buy", "amount": 0.1}, {"trade_seq": 465, "trade_id": "214490926", "timestamp": 1652568575120, "tick_direction": 1, "price": 0.0055, "mark_price": 0.00223056, "iv": 108.84, "instrument_name": "BTC-30DEC22-250000-C", "index_price": 29808.36, "direction": "buy", "amount": 0.1}, {"trade_seq": 464, "trade_id": "214490920", "timestamp": 1652568574355, "tick_direction": 1, "price": 0.0055, "mark_price": 0.00223056, "iv": 108.85, "instrument_name": "BTC-30DEC22-250000-C", "index_price": 29802.37, "direction": "buy", "amount": 0.1}, {"trade_seq": 463, "trade_id": "214490918", "timestamp": 1652568574061, "tick_direction": 1, "price": 0.0055, "mark_price": 0.00222958, "iv": 108.85, "instrument_name": "BTC-30DEC22-250000-C", "index_price": 29802.37, "direction": "buy", "amount": 0.1}, {"trade_seq": 462, "trade_id": "214490917", "timestamp": 1652568574024, "tick_direction": 1, "price": 0.0055, "mark_price": 0.00222958, "iv": 108.85, "instrument_name": "BTC-30DEC22-250000-C", "index_price": 29802.37, "direction": "buy", "amount": 0.1}, {"trade_seq": 461, "trade_id": "214490916", "timestamp": 1652568573978, "tick_direction": 1, "price": 0.0055, "mark_price": 0.00222958, "iv": 108.85, "instrument_name": "BTC-30DEC22-250000-C", "index_price": 29802.37, "direction": "buy", "amount": 0.1}, {"trade_seq": 460, "trade_id": "214490915", "timestamp": 1652568573256, "tick_direction": 1, "price": 0.0055, "mark_price": 0.00222958, "iv": 108.85, "instrument_name": "BTC-30DEC22-250000-C", "index_price": 29802.88, "direction": "buy", "amount": 0.1}, {"trade_seq": 459, "trade_id": "214490913", "timestamp": 1652568572139, "tick_direction": 1, "price": 0.0055, "mark_price": 0.00222724, "iv": 108.85, "instrument_name": "BTC-30DEC22-250000-C", "index_price": 29802.33, "direction": "buy", "amount": 0.1}, {"trade_seq": 458, "trade_id": "214490912", "timestamp": 1652568571249, "tick_direction": 1, "price": 0.0055, "mark_price": 0.00222724, "iv": 108.85, "instrument_name": "BTC-30DEC22-250000-C", "index_price": 29802.09, "direction": "buy", "amount": 0.1}, {"trade_seq": 457, "trade_id": "214490908", "timestamp": 1652568570182, "tick_direction": 1, "price": 0.0055, "mark_price": 0.00222557, "iv": 108.86, "instrument_name": "BTC-30DEC22-250000-C", "index_price": 29799.27, "direction": "buy", "amount": 0.1}, {"trade_seq": 456, "trade_id": "214490907", "timestamp": 1652568570069, "tick_direction": 1, "price": 0.0055, "mark_price": 0.00222557, "iv": 108.86, "instrument_name": "BTC-30DEC22-250000-C", "index_price": 29799.27, "direction": "buy", "amount": 0.1}, {"trade_seq": 455, "trade_id": "214490904", "timestamp": 1652568569346, "tick_direction": 1, "price": 0.0055, "mark_price": 0.00222557, "iv": 108.85, "instrument_name": "BTC-30DEC22-250000-C", "index_price": 29803.78, "direction": "buy", "amount": 0.1}, {"trade_seq": 454, "trade_id": "214490855", "timestamp": 1652568558924, "tick_direction": 1, "price": 0.0055, "mark_price": 0.00220133, "iv": 108.9, "instrument_name": "BTC-30DEC22-250000-C", "index_price": 29762.43, "direction": "buy", "amount": 0.1}, {"trade_seq": 453, "trade_id": "214490845", "timestamp": 1652568556882, "tick_direction": 1, "price": 0.0055, "mark_price": 0.00219699, "iv": 108.92, "instrument_name": "BTC-30DEC22-250000-C", "index_price": 29750.24, "direction": "buy", "amount": 0.1}, {"trade_seq": 452, "trade_id": "214490844", "timestamp": 1652568555410, "tick_direction": 1, "price": 0.0055, "mark_price": 0.00219581, "iv": 108.92, "instrument_name": "BTC-30DEC22-250000-C", "index_price": 29749.6, "direction": "buy", "amount": 0.1}, {"trade_seq": 451, "trade_id": "214490843", "timestamp": 1652568554435, "tick_direction": 1, "price": 0.0055, "mark_price": 0.00219466, "iv": 108.92, "instrument_name": "BTC-30DEC22-250000-C", "index_price": 29749.53, "direction": "buy", "amount": 0.1}, {"trade_seq": 450, "trade_id": "214490842", "timestamp": 1652568554375, "tick_direction": 1, "price": 0.0055, "mark_price": 0.00219466, "iv": 108.92, "instrument_name": "BTC-30DEC22-250000-C", "index_price": 29749.53, "direction": "buy", "amount": 0.1}, {"trade_seq": 449, "trade_id": "214490841", "timestamp": 1652568552990, "tick_direction": 1, "price": 0.0055, "mark_price": 0.00219258, "iv": 108.92, "instrument_name": "BTC-30DEC22-250000-C", "index_price": 29748.95, "direction": "buy", "amount": 0.1}, {"trade_seq": 448, "trade_id": "214490836", "timestamp": 1652568551732, "tick_direction": 1, "price": 0.0055, "mark_price": 0.00219185, "iv": 108.92, "instrument_name": "BTC-30DEC22-250000-C", "index_price": 29750.03, "direction": "buy", "amount": 0.1}, {"trade_seq": 447, "trade_id": "214490830", "timestamp": 1652568551690, "tick_direction": 1, "price": 0.0055, "mark_price": 0.00219185, "iv": 108.92, "instrument_name": "BTC-30DEC22-250000-C", "index_price": 29750.03, "direction": "buy", "amount": 0.1}, {"trade_seq": 446, "trade_id": "214490829", "timestamp": 1652568551631, "tick_direction": 1, "price": 0.0055, "mark_price": 0.00219185, "iv": 108.92, "instrument_name": "BTC-30DEC22-250000-C", "index_price": 29750.03, "direction": "buy", "amount": 0.1}, {"trade_seq": 445, "trade_id": "214490821", "timestamp": 1652568550966, "tick_direction": 1, "price": 0.0055, "mark_price": 0.00219083, "iv": 108.92, "instrument_name": "BTC-30DEC22-250000-C", "index_price": 29751.32, "direction": "buy", "amount": 0.1}, {"trade_seq": 444, "trade_id": "214490819", "timestamp": 1652568549127, "tick_direction": 1, "price": 0.0055, "mark_price": 0.00218897, "iv": 108.91, "instrument_name": "BTC-30DEC22-250000-C", "index_price": 29751.98, "direction": "buy", "amount": 0.1}, {"trade_seq": 443, "trade_id": "214490818", "timestamp": 1652568548962, "tick_direction": 1, "price": 0.0055, "mark_price": 0.00218897, "iv": 108.91, "instrument_name": "BTC-30DEC22-250000-C", "index_price": 29751.98, "direction": "buy", "amount": 0.1}, {"trade_seq": 442, "trade_id": "214490817", "timestamp": 1652568548950, "tick_direction": 1, "price": 0.0055, "mark_price": 0.00218897, "iv": 108.91, "instrument_name": "BTC-30DEC22-250000-C", "index_price": 29751.98, "direction": "buy", "amount": 0.1}, {"trade_seq": 441, "trade_id": "214490816", "timestamp": 1652568548632, "tick_direction": 1, "price": 0.0055, "mark_price": 0.00218897, "iv": 108.91, "instrument_name": "BTC-30DEC22-250000-C", "index_price": 29751.98, "direction": "buy", "amount": 0.1}, {"trade_seq": 440, "trade_id": "214490815", "timestamp": 1652568548620, "tick_direction": 1, "price": 0.0055, "mark_price": 0.00218897, "iv": 108.91, "instrument_name": "BTC-30DEC22-250000-C", "index_price": 29751.98, "direction": "buy", "amount": 0.2}, {"trade_seq": 439, "trade_id": "214490810", "timestamp": 1652568544927, "tick_direction": 1, "price": 0.0055, "mark_price": 0.0021854, "iv": 108.91, "instrument_name": "BTC-30DEC22-250000-C", "index_price": 29752.12, "direction": "buy", "amount": 0.1}, {"trade_seq": 438, "trade_id": "214490808", "timestamp": 1652568544199, "tick_direction": 1, "price": 0.0055, "mark_price": 0.0021854, "iv": 108.91, "instrument_name": "BTC-30DEC22-250000-C", "index_price": 29752.59, "direction": "buy", "amount": 0.1}, {"trade_seq": 437, "trade_id": "214490807", "timestamp": 1652568541710, "tick_direction": 1, "price": 0.0055, "mark_price": 0.00218296, "iv": 108.91, "instrument_name": "BTC-30DEC22-250000-C", "index_price": 29753.08, "direction": "buy", "amount": 0.1}, {"trade_seq": 436, "trade_id": "214490806", "timestamp": 1652568541698, "tick_direction": 1, "price": 0.0055, "mark_price": 0.00218296, "iv": 108.91, "instrument_name": "BTC-30DEC22-250000-C", "index_price": 29753.08, "direction": "buy", "amount": 0.1}, {"trade_seq": 435, "trade_id": "214490805", "timestamp": 1652568540876, "tick_direction": 1, "price": 0.0055, "mark_price": 0.00218204, "iv": 108.91, "instrument_name": "BTC-30DEC22-250000-C", "index_price": 29753.25, "direction": "buy", "amount": 0.1}, {"trade_seq": 434, "trade_id": "214490804", "timestamp": 1652568539648, "tick_direction": 1, "price": 0.0055, "mark_price": 0.00218123, "iv": 108.91, "instrument_name": "BTC-30DEC22-250000-C", "index_price": 29753.25, "direction": "buy", "amount": 0.1}, {"trade_seq": 433, "trade_id": "214490803", "timestamp": 1652568539632, "tick_direction": 1, "price": 0.0055, "mark_price": 0.00218123, "iv": 108.91, "instrument_name": "BTC-30DEC22-250000-C", "index_price": 29753.25, "direction": "buy", "amount": 0.1}, {"trade_seq": 432, "trade_id": "214490802", "timestamp": 1652568539110, "tick_direction": 1, "price": 0.0055, "mark_price": 0.0021804, "iv": 108.91, "instrument_name": "BTC-30DEC22-250000-C", "index_price": 29753.36, "direction": "buy", "amount": 0.1}, {"trade_seq": 431, "trade_id": "214490801", "timestamp": 1652568538861, "tick_direction": 0, "price": 0.0055, "mark_price": 0.0021804, "iv": 108.91, "instrument_name": "BTC-30DEC22-250000-C", "index_price": 29753.36, "direction": "buy", "amount": 0.2}, {"trade_seq": 430, "trade_id": "214490744", "timestamp": 1652568475560, "tick_direction": 1, "price": 0.005, "mark_price": 0.00211809, "iv": 107.7, "instrument_name": "BTC-30DEC22-250000-C", "index_price": 29743.58, "direction": "buy", "amount": 0.2}, {"trade_seq": 429, "trade_id": "214490743", "timestamp": 1652568475109, "tick_direction": 1, "price": 0.005, "mark_price": 0.00211809, "iv": 107.7, "instrument_name": "BTC-30DEC22-250000-C", "index_price": 29743.58, "direction": "buy", "amount": 0.4}, {"trade_seq": 428, "trade_id": "214490740", "timestamp": 1652568475003, "tick_direction": 1, "price": 0.005, "mark_price": 0.00211682, "iv": 107.7, "instrument_name": "BTC-30DEC22-250000-C", "index_price": 29745.39, "direction": "buy", "amount": 0.6}, {"trade_seq": 427, "trade_id": "214490739", "timestamp": 1652568474993, "tick_direction": 1, "price": 0.005, "mark_price": 0.00211682, "iv": 107.7, "instrument_name": "BTC-30DEC22-250000-C", "index_price": 29745.39, "direction": "buy", "amount": 0.8}, {"trade_seq": 426, "trade_id": "214490738", "timestamp": 1652568474630, "tick_direction": 1, "price": 0.005, "mark_price": 0.00211682, "iv": 107.7, "instrument_name": "BTC-30DEC22-250000-C", "index_price": 29745.39, "direction": "buy", "amount": 1.0}, {"trade_seq": 425, "trade_id": "214490737", "timestamp": 1652568474369, "tick_direction": 1, "price": 0.005, "mark_price": 0.00211682, "iv": 107.7, "instrument_name": "BTC-30DEC22-250000-C", "index_price": 29745.39, "direction": "buy", "amount": 1.3}, {"trade_seq": 424, "trade_id": "214490736", "timestamp": 1652568474339, "tick_direction": 1, "price": 0.005, "mark_price": 0.00211682, "iv": 107.7, "instrument_name": "BTC-30DEC22-250000-C", "index_price": 29745.39, "direction": "buy", "amount": 1.8}, {"trade_seq": 423, "trade_id": "214490735", "timestamp": 1652568474320, "tick_direction": 0, "price": 0.005, "mark_price": 0.00211682, "iv": 107.7, "instrument_name": "BTC-30DEC22-250000-C", "index_price": 29745.39, "direction": "buy", "amount": 2.4}, {"trade_seq": 422, "trade_id": "214480743", "timestamp": 1652555934680, "tick_direction": 1, "price": 0.002, "mark_price": 0.00217247, "iv": 97.78, "instrument_name": "BTC-30DEC22-250000-C", "index_price": 29405.96, "direction": "sell", "amount": 9.1}, {"trade_seq": 421, "trade_id": "214480742", "timestamp": 1652555934680, "tick_direction": 1, "price": 0.002, "mark_price": 0.00217247, "iv": 97.78, "instrument_name": "BTC-30DEC22-250000-C", "index_price": 29405.96, "direction": "sell", "amount": 4.2}, {"trade_seq": 420, "trade_id": "214448235", "timestamp": 1652530975782, "tick_direction": 1, "price": 0.002, "mark_price": 0.00171006, "iv": 98.29, "instrument_name": "BTC-30DEC22-250000-C", "index_price": 28998.84, "direction": "sell", "amount": 0.8}, {"trade_seq": 419, "trade_id": "214448230", "timestamp": 1652530937659, "tick_direction": 1, "price": 0.002, "mark_price": 0.00170036, "iv": 98.3, "instrument_name": "BTC-30DEC22-250000-C", "index_price": 28998.78, "direction": "buy", "amount": 3.0}, {"trade_seq": 418, "trade_id": "214448229", "timestamp": 1652530937659, "tick_direction": 0, "price": 0.002, "mark_price": 0.00170036, "iv": 98.3, "instrument_name": "BTC-30DEC22-250000-C", "index_price": 28998.78, "direction": "buy", "amount": 2.0}, {"trade_seq": 417, "trade_id": "214268807", "timestamp": 1652415292403, "tick_direction": 3, "price": 0.001, "mark_price": 0.0017122, "iv": 90.13, "instrument_name": "BTC-30DEC22-250000-C", "index_price": 30353.43, "direction": "sell", "amount": 0.1}, {"trade_seq": 416, "trade_id": "214268806", "timestamp": 1652415292386, "tick_direction": 3, "price": 0.001, "mark_price": 0.0017122, "iv": 90.13, "instrument_name": "BTC-30DEC22-250000-C", "index_price": 30353.43, "direction": "sell", "amount": 0.2}, {"trade_seq": 415, "trade_id": "214268805", "timestamp": 1652415292373, "tick_direction": 3, "price": 0.001, "mark_price": 0.0017122, "iv": 90.13, "instrument_name": "BTC-30DEC22-250000-C", "index_price": 30353.43, "direction": "sell", "amount": 0.5}, {"trade_seq": 414, "trade_id": "214268801", "timestamp": 1652415292281, "tick_direction": 3, "price": 0.001, "mark_price": 0.0017122, "iv": 90.13, "instrument_name": "BTC-30DEC22-250000-C", "index_price": 30353.43, "direction": "sell", "amount": 0.1}, {"trade_seq": 413, "trade_id": "214268800", "timestamp": 1652415292274, "tick_direction": 3, "price": 0.001, "mark_price": 0.0017122, "iv": 90.13, "instrument_name": "BTC-30DEC22-250000-C", "index_price": 30353.43, "direction": "sell", "amount": 0.1}, {"trade_seq": 412, "trade_id": "214268799", "timestamp": 1652415292263, "tick_direction": 3, "price": 0.001, "mark_price": 0.0017122, "iv": 90.13, "instrument_name": "BTC-30DEC22-250000-C", "index_price": 30353.43, "direction": "sell", "amount": 0.2}, {"trade_seq": 411, "trade_id": "214268798", "timestamp": 1652415292249, "tick_direction": 3, "price": 0.001, "mark_price": 0.0017122, "iv": 90.13, "instrument_name": "BTC-30DEC22-250000-C", "index_price": 30353.43, "direction": "sell", "amount": 0.6}, {"trade_seq": 410, "trade_id": "214268796", "timestamp": 1652415292001, "tick_direction": 3, "price": 0.001, "mark_price": 0.00171058, "iv": 90.13, "instrument_name": "BTC-30DEC22-250000-C", "index_price": 30353.43, "direction": "sell", "amount": 0.2}, {"trade_seq": 409, "trade_id": "214268795", "timestamp": 1652415291993, "tick_direction": 3, "price": 0.001, "mark_price": 0.00171058, "iv": 90.13, "instrument_name": "BTC-30DEC22-250000-C", "index_price": 30353.43, "direction": "sell", "amount": 0.3}, {"trade_seq": 408, "trade_id": "214268794", "timestamp": 1652415291984, "tick_direction": 3, "price": 0.001, "mark_price": 0.00171058, "iv": 90.13, "instrument_name": "BTC-30DEC22-250000-C", "index_price": 30353.43, "direction": "sell", "amount": 0.7}, {"trade_seq": 407, "trade_id": "214268793", "timestamp": 1652415291973, "tick_direction": 3, "price": 0.001, "mark_price": 0.00171058, "iv": 90.13, "instrument_name": "BTC-30DEC22-250000-C", "index_price": 30353.43, "direction": "sell", "amount": 1.5}, {"trade_seq": 406, "trade_id": "214268790", "timestamp": 1652415291944, "tick_direction": 3, "price": 0.001, "mark_price": 0.00171058, "iv": 90.13, "instrument_name": "BTC-30DEC22-250000-C", "index_price": 30353.43, "direction": "sell", "amount": 0.2}, {"trade_seq": 405, "trade_id": "214268789", "timestamp": 1652415291935, "tick_direction": 3, "price": 0.001, "mark_price": 0.00171058, "iv": 90.13, "instrument_name": "BTC-30DEC22-250000-C", "index_price": 30353.43, "direction": "sell", "amount": 0.4}, {"trade_seq": 404, "trade_id": "214268788", "timestamp": 1652415291925, "tick_direction": 3, "price": 0.001, "mark_price": 0.00171058, "iv": 90.13, "instrument_name": "BTC-30DEC22-250000-C", "index_price": 30353.43, "direction": "sell", "amount": 0.8}, {"trade_seq": 403, "trade_id": "214268785", "timestamp": 1652415291907, "tick_direction": 3, "price": 0.001, "mark_price": 0.00171058, "iv": 90.13, "instrument_name": "BTC-30DEC22-250000-C", "index_price": 30353.43, "direction": "sell", "amount": 0.1}, {"trade_seq": 402, "trade_id": "214268784", "timestamp": 1652415291898, "tick_direction": 3, "price": 0.001, "mark_price": 0.00171058, "iv": 90.13, "instrument_name": "BTC-30DEC22-250000-C", "index_price": 30353.43, "direction": "sell", "amount": 0.2}, {"trade_seq": 401, "trade_id": "214268783", "timestamp": 1652415291896, "tick_direction": 3, "price": 0.001, "mark_price": 0.00171058, "iv": 90.13, "instrument_name": "BTC-30DEC22-250000-C", "index_price": 30353.43, "direction": "sell", "amount": 0.2}, {"trade_seq": 400, "trade_id": "214268779", "timestamp": 1652415291871, "tick_direction": 3, "price": 0.001, "mark_price": 0.00171058, "iv": 90.13, "instrument_name": "BTC-30DEC22-250000-C", "index_price": 30353.43, "direction": "sell", "amount": 0.5}, {"trade_seq": 399, "trade_id": "214268778", "timestamp": 1652415291859, "tick_direction": 3, "price": 0.001, "mark_price": 0.00171058, "iv": 90.13, "instrument_name": "BTC-30DEC22-250000-C", "index_price": 30353.43, "direction": "sell", "amount": 0.9}, {"trade_seq": 398, "trade_id": "214268774", "timestamp": 1652415291571, "tick_direction": 3, "price": 0.001, "mark_price": 0.00171058, "iv": 90.13, "instrument_name": "BTC-30DEC22-250000-C", "index_price": 30353.43, "direction": "sell", "amount": 0.1}, {"trade_seq": 397, "trade_id": "214268773", "timestamp": 1652415291558, "tick_direction": 3, "price": 0.001, "mark_price": 0.00171058, "iv": 90.13, "instrument_name": "BTC-30DEC22-250000-C", "index_price": 30353.43, "direction": "sell", "amount": 0.1}, {"trade_seq": 396, "trade_id": "214268772", "timestamp": 1652415291551, "tick_direction": 3, "price": 0.001, "mark_price": 0.00171058, "iv": 90.13, "instrument_name": "BTC-30DEC22-250000-C", "index_price": 30353.43, "direction": "sell", "amount": 0.1}, {"trade_seq": 395, "trade_id": "214268771", "timestamp": 1652415291545, "tick_direction": 3, "price": 0.001, "mark_price": 0.00171058, "iv": 90.13, "instrument_name": "BTC-30DEC22-250000-C", "index_price": 30353.43, "direction": "sell", "amount": 0.2}, {"trade_seq": 394, "trade_id": "214268770", "timestamp": 1652415291538, "tick_direction": 3, "price": 0.001, "mark_price": 0.00171058, "iv": 90.13, "instrument_name": "BTC-30DEC22-250000-C", "index_price": 30353.43, "direction": "sell", "amount": 0.2}, {"trade_seq": 393, "trade_id": "214268769", "timestamp": 1652415291534, "tick_direction": 3, "price": 0.001, "mark_price": 0.00171058, "iv": 90.13, "instrument_name": "BTC-30DEC22-250000-C", "index_price": 30353.43, "direction": "sell", "amount": 0.4}, {"trade_seq": 392, "trade_id": "214268768", "timestamp": 1652415291526, "tick_direction": 3, "price": 0.001, "mark_price": 0.00171058, "iv": 90.13, "instrument_name": "BTC-30DEC22-250000-C", "index_price": 30353.43, "direction": "sell", "amount": 0.3}, {"trade_seq": 391, "trade_id": "214268767", "timestamp": 1652415291521, "tick_direction": 3, "price": 0.001, "mark_price": 0.00171058, "iv": 90.13, "instrument_name": "BTC-30DEC22-250000-C", "index_price": 30353.43, "direction": "sell", "amount": 0.9}, {"trade_seq": 390, "trade_id": "214268766", "timestamp": 1652415291514, "tick_direction": 3, "price": 0.001, "mark_price": 0.00171058, "iv": 90.13, "instrument_name": "BTC-30DEC22-250000-C", "index_price": 30353.43, "direction": "sell", "amount": 0.7}, {"trade_seq": 389, "trade_id": "214268765", "timestamp": 1652415291508, "tick_direction": 3, "price": 0.001, "mark_price": 0.00171058, "iv": 90.13, "instrument_name": "BTC-30DEC22-250000-C", "index_price": 30353.43, "direction": "sell", "amount": 1.8}, {"trade_seq": 388, "trade_id": "214268764", "timestamp": 1652415291501, "tick_direction": 3, "price": 0.001, "mark_price": 0.00171058, "iv": 90.13, "instrument_name": "BTC-30DEC22-250000-C", "index_price": 30353.43, "direction": "sell", "amount": 1.6}, {"trade_seq": 387, "trade_id": "214268763", "timestamp": 1652415291500, "tick_direction": 3, "price": 0.001, "mark_price": 0.00171058, "iv": 90.13, "instrument_name": "BTC-30DEC22-250000-C", "index_price": 30353.43, "direction": "sell", "amount": 1.9}, {"trade_seq": 386, "trade_id": "214268762", "timestamp": 1652415291495, "tick_direction": 3, "price": 0.001, "mark_price": 0.00171058, "iv": 90.13, "instrument_name": "BTC-30DEC22-250000-C", "index_price": 30353.43, "direction": "sell", "amount": 1.9}, {"trade_seq": 385, "trade_id": "214268761", "timestamp": 1652415291491, "tick_direction": 3, "price": 0.001, "mark_price": 0.00171058, "iv": 90.13, "instrument_name": "BTC-30DEC22-250000-C", "index_price": 30353.43, "direction": "sell", "amount": 1.9}, {"trade_seq": 384, "trade_id": "214268758", "timestamp": 1652415291473, "tick_direction": 3, "price": 0.001, "mark_price": 0.00171058, "iv": 90.13, "instrument_name": "BTC-30DEC22-250000-C", "index_price": 30353.43, "direction": "sell", "amount": 1.9}, {"trade_seq": 383, "trade_id": "214268756", "timestamp": 1652415291452, "tick_direction": 3, "price": 0.001, "mark_price": 0.00171058, "iv": 90.13, "instrument_name": "BTC-30DEC22-250000-C", "index_price": 30353.43, "direction": "sell", "amount": 1.9}, {"trade_seq": 382, "trade_id": "214268755", "timestamp": 1652415291442, "tick_direction": 3, "price": 0.001, "mark_price": 0.00171058, "iv": 90.13, "instrument_name": "BTC-30DEC22-250000-C", "index_price": 30353.43, "direction": "sell", "amount": 1.9}, {"trade_seq": 381, "trade_id": "214268754", "timestamp": 1652415291419, "tick_direction": 3, "price": 0.001, "mark_price": 0.00171058, "iv": 90.14, "instrument_name": "BTC-30DEC22-250000-C", "index_price": 30344.68, "direction": "sell", "amount": 1.9}, {"trade_seq": 380, "trade_id": "214268753", "timestamp": 1652415291411, "tick_direction": 3, "price": 0.001, "mark_price": 0.00171058, "iv": 90.14, "instrument_name": "BTC-30DEC22-250000-C", "index_price": 30344.68, "direction": "sell", "amount": 1.9}, {"trade_seq": 379, "trade_id": "214268752", "timestamp": 1652415291398, "tick_direction": 3, "price": 0.001, "mark_price": 0.00171058, "iv": 90.14, "instrument_name": "BTC-30DEC22-250000-C", "index_price": 30344.68, "direction": "sell", "amount": 1.9}, {"trade_seq": 378, "trade_id": "214268751", "timestamp": 1652415291390, "tick_direction": 3, "price": 0.001, "mark_price": 0.00171058, "iv": 90.14, "instrument_name": "BTC-30DEC22-250000-C", "index_price": 30344.68, "direction": "sell", "amount": 1.9}, {"trade_seq": 377, "trade_id": "214268750", "timestamp": 1652415291379, "tick_direction": 3, "price": 0.001, "mark_price": 0.00171058, "iv": 90.14, "instrument_name": "BTC-30DEC22-250000-C", "index_price": 30344.68, "direction": "sell", "amount": 1.9}, {"trade_seq": 376, "trade_id": "214268749", "timestamp": 1652415291370, "tick_direction": 3, "price": 0.001, "mark_price": 0.00171058, "iv": 90.14, "instrument_name": "BTC-30DEC22-250000-C", "index_price": 30344.68, "direction": "sell", "amount": 1.9}, {"trade_seq": 375, "trade_id": "214268748", "timestamp": 1652415291362, "tick_direction": 3, "price": 0.001, "mark_price": 0.00171058, "iv": 90.14, "instrument_name": "BTC-30DEC22-250000-C", "index_price": 30344.68, "direction": "sell", "amount": 1.9}, {"trade_seq": 374, "trade_id": "214268747", "timestamp": 1652415291352, "tick_direction": 3, "price": 0.001, "mark_price": 0.00171058, "iv": 90.14, "instrument_name": "BTC-30DEC22-250000-C", "index_price": 30344.68, "direction": "sell", "amount": 1.9}, {"trade_seq": 373, "trade_id": "214268746", "timestamp": 1652415291344, "tick_direction": 3, "price": 0.001, "mark_price": 0.00171058, "iv": 90.14, "instrument_name": "BTC-30DEC22-250000-C", "index_price": 30344.68, "direction": "sell", "amount": 1.9}, {"trade_seq": 372, "trade_id": "214268745", "timestamp": 1652415291338, "tick_direction": 3, "price": 0.001, "mark_price": 0.00171058, "iv": 90.14, "instrument_name": "BTC-30DEC22-250000-C", "index_price": 30344.68, "direction": "sell", "amount": 1.9}, {"trade_seq": 371, "trade_id": "214268744", "timestamp": 1652415291333, "tick_direction": 3, "price": 0.001, "mark_price": 0.00171058, "iv": 90.14, "instrument_name": "BTC-30DEC22-250000-C", "index_price": 30344.68, "direction": "sell", "amount": 1.9}, {"trade_seq": 370, "trade_id": "214268743", "timestamp": 1652415291327, "tick_direction": 3, "price": 0.001, "mark_price": 0.00171058, "iv": 90.14, "instrument_name": "BTC-30DEC22-250000-C", "index_price": 30344.68, "direction": "sell", "amount": 1.9}, {"trade_seq": 369, "trade_id": "214268742", "timestamp": 1652415291321, "tick_direction": 3, "price": 0.001, "mark_price": 0.00171058, "iv": 90.14, "instrument_name": "BTC-30DEC22-250000-C", "index_price": 30344.68, "direction": "sell", "amount": 1.9}, {"trade_seq": 368, "trade_id": "214268741", "timestamp": 1652415291316, "tick_direction": 3, "price": 0.001, "mark_price": 0.00171058, "iv": 90.14, "instrument_name": "BTC-30DEC22-250000-C", "index_price": 30344.68, "direction": "sell", "amount": 1.9}, {"trade_seq": 367, "trade_id": "214268740", "timestamp": 1652415291308, "tick_direction": 3, "price": 0.001, "mark_price": 0.00171058, "iv": 90.14, "instrument_name": "BTC-30DEC22-250000-C", "index_price": 30344.68, "direction": "sell", "amount": 1.9}, {"trade_seq": 366, "trade_id": "214268739", "timestamp": 1652415291303, "tick_direction": 3, "price": 0.001, "mark_price": 0.00171058, "iv": 90.14, "instrument_name": "BTC-30DEC22-250000-C", "index_price": 30344.68, "direction": "sell", "amount": 1.9}, {"trade_seq": 365, "trade_id": "214268738", "timestamp": 1652415291296, "tick_direction": 3, "price": 0.001, "mark_price": 0.00171058, "iv": 90.14, "instrument_name": "BTC-30DEC22-250000-C", "index_price": 30344.68, "direction": "sell", "amount": 1.9}, {"trade_seq": 364, "trade_id": "214268737", "timestamp": 1652415291292, "tick_direction": 3, "price": 0.001, "mark_price": 0.00171058, "iv": 90.14, "instrument_name": "BTC-30DEC22-250000-C", "index_price": 30344.68, "direction": "sell", "amount": 1.9}, {"trade_seq": 363, "trade_id": "214268736", "timestamp": 1652415291284, "tick_direction": 3, "price": 0.001, "mark_price": 0.00171058, "iv": 90.14, "instrument_name": "BTC-30DEC22-250000-C", "index_price": 30344.68, "direction": "sell", "amount": 1.9}, {"trade_seq": 362, "trade_id": "214268735", "timestamp": 1652415291279, "tick_direction": 3, "price": 0.001, "mark_price": 0.00171058, "iv": 90.14, "instrument_name": "BTC-30DEC22-250000-C", "index_price": 30344.68, "direction": "sell", "amount": 1.9}, {"trade_seq": 361, "trade_id": "214268734", "timestamp": 1652415291275, "tick_direction": 3, "price": 0.001, "mark_price": 0.00171058, "iv": 90.14, "instrument_name": "BTC-30DEC22-250000-C", "index_price": 30344.68, "direction": "sell", "amount": 1.9}, {"trade_seq": 360, "trade_id": "214268733", "timestamp": 1652415291261, "tick_direction": 3, "price": 0.001, "mark_price": 0.00171058, "iv": 90.14, "instrument_name": "BTC-30DEC22-250000-C", "index_price": 30344.68, "direction": "sell", "amount": 1.9}, {"trade_seq": 359, "trade_id": "214268732", "timestamp": 1652415291253, "tick_direction": 3, "price": 0.001, "mark_price": 0.00171058, "iv": 90.14, "instrument_name": "BTC-30DEC22-250000-C", "index_price": 30344.68, "direction": "sell", "amount": 1.9}, {"trade_seq": 358, "trade_id": "214268731", "timestamp": 1652415291249, "tick_direction": 3, "price": 0.001, "mark_price": 0.00171058, "iv": 90.14, "instrument_name": "BTC-30DEC22-250000-C", "index_price": 30344.68, "direction": "sell", "amount": 1.9}, {"trade_seq": 357, "trade_id": "214268730", "timestamp": 1652415291243, "tick_direction": 3, "price": 0.001, "mark_price": 0.00171058, "iv": 90.14, "instrument_name": "BTC-30DEC22-250000-C", "index_price": 30344.68, "direction": "sell", "amount": 1.9}, {"trade_seq": 356, "trade_id": "214268729", "timestamp": 1652415291240, "tick_direction": 3, "price": 0.001, "mark_price": 0.00171058, "iv": 90.14, "instrument_name": "BTC-30DEC22-250000-C", "index_price": 30344.68, "direction": "sell", "amount": 1.9}, {"trade_seq": 355, "trade_id": "214268728", "timestamp": 1652415291213, "tick_direction": 3, "price": 0.001, "mark_price": 0.00171058, "iv": 90.14, "instrument_name": "BTC-30DEC22-250000-C", "index_price": 30344.68, "direction": "sell", "amount": 1.9}, {"trade_seq": 354, "trade_id": "214268727", "timestamp": 1652415291209, "tick_direction": 2, "price": 0.001, "mark_price": 0.00171058, "iv": 90.14, "instrument_name": "BTC-30DEC22-250000-C", "index_price": 30344.68, "direction": "sell", "amount": 1.9}, {"trade_seq": 353, "trade_id": "214237221", "timestamp": 1652405754713, "tick_direction": 2, "price": 0.0015, "mark_price": 0.00165901, "iv": 94.92, "instrument_name": "BTC-30DEC22-250000-C", "index_price": 29270.56, "direction": "sell", "amount": 2.7}, {"trade_seq": 352, "trade_id": "213887109", "timestamp": 1652333751855, "tick_direction": 0, "price": 0.003, "mark_price": 0.00251352, "iv": 104.31, "instrument_name": "BTC-30DEC22-250000-C", "index_price": 27311.34, "direction": "buy", "amount": 0.1}, {"trade_seq": 351, "trade_id": "213347722", "timestamp": 1652245942379, "tick_direction": 1, "price": 0.0015, "mark_price": 0.00161595, "iv": 91.48, "instrument_name": "BTC-30DEC22-250000-C", "index_price": 31815.48, "direction": "sell", "amount": 2.7}, {"trade_seq": 350, "trade_id": "213347585", "timestamp": 1652245937911, "tick_direction": 1, "price": 0.0015, "mark_price": 0.00160697, "iv": 91.51, "instrument_name": "BTC-30DEC22-250000-C", "index_price": 31808.96, "direction": "sell", "amount": 2.6}, {"trade_seq": 349, "trade_id": "213179007", "timestamp": 1652176276959, "tick_direction": 1, "price": 0.0015, "mark_price": 0.00172636, "iv": 91.68, "instrument_name": "BTC-30DEC22-250000-C", "index_price": 31495.96, "direction": "sell", "amount": 25.0}, {"trade_seq": 348, "trade_id": "212934137", "timestamp": 1652122111652, "tick_direction": 1, "price": 0.0015, "mark_price": 0.00175969, "iv": 92.1, "instrument_name": "BTC-30DEC22-250000-C", "index_price": 30957.58, "direction": "sell", "amount": 25.0}, {"trade_seq": 347, "trade_id": "212734703", "timestamp": 1652088777128, "tick_direction": 0, "price": 0.0015, "mark_price": 0.00090337, "iv": 89.22, "instrument_name": "BTC-30DEC22-250000-C", "index_price": 33457.7, "direction": "buy", "amount": 1.0}, {"trade_seq": 346, "trade_id": "212731376", "timestamp": 1652087072761, "tick_direction": 3, "price": 0.0005, "mark_price": 0.00094049, "iv": 80.61, "instrument_name": "BTC-30DEC22-250000-C", "index_price": 33613.88, "direction": "sell", "amount": 0.1}, {"trade_seq": 345, "trade_id": "212731375", "timestamp": 1652087072754, "tick_direction": 3, "price": 0.0005, "mark_price": 0.00094049, "iv": 80.61, "instrument_name": "BTC-30DEC22-250000-C", "index_price": 33613.88, "direction": "sell", "amount": 0.3}, {"trade_seq": 344, "trade_id": "212731374", "timestamp": 1652087072749, "tick_direction": 3, "price": 0.0005, "mark_price": 0.00094049, "iv": 80.61, "instrument_name": "BTC-30DEC22-250000-C", "index_price": 33613.88, "direction": "sell", "amount": 0.7}, {"trade_seq": 343, "trade_id": "212731373", "timestamp": 1652087072743, "tick_direction": 3, "price": 0.0005, "mark_price": 0.00094049, "iv": 80.61, "instrument_name": "BTC-30DEC22-250000-C", "index_price": 33613.88, "direction": "sell", "amount": 1.6}, {"trade_seq": 342, "trade_id": "212731372", "timestamp": 1652087072733, "tick_direction": 3, "price": 0.0005, "mark_price": 0.00094049, "iv": 80.61, "instrument_name": "BTC-30DEC22-250000-C", "index_price": 33613.88, "direction": "sell", "amount": 4.3}, {"trade_seq": 341, "trade_id": "212731371", "timestamp": 1652087072713, "tick_direction": 3, "price": 0.0005, "mark_price": 0.00094049, "iv": 80.61, "instrument_name": "BTC-30DEC22-250000-C", "index_price": 33613.88, "direction": "sell", "amount": 10.8}, {"trade_seq": 340, "trade_id": "212729656", "timestamp": 1652086552026, "tick_direction": 3, "price": 0.0005, "mark_price": 0.0009524, "iv": 80.55, "instrument_name": "BTC-30DEC22-250000-C", "index_price": 33706.7, "direction": "sell", "amount": 0.1}, {"trade_seq": 339, "trade_id": "212729616", "timestamp": 1652086549392, "tick_direction": 3, "price": 0.0005, "mark_price": 0.00095295, "iv": 80.54, "instrument_name": "BTC-30DEC22-250000-C", "index_price": 33719.58, "direction": "sell", "amount": 0.1}, {"trade_seq": 338, "trade_id": "212729615", "timestamp": 1652086548603, "tick_direction": 3, "price": 0.0005, "mark_price": 0.00095329, "iv": 80.54, "instrument_name": "BTC-30DEC22-250000-C", "index_price": 33722.29, "direction": "sell", "amount": 0.1}, {"trade_seq": 337, "trade_id": "212729566", "timestamp": 1652086547273, "tick_direction": 3, "price": 0.0005, "mark_price": 0.00095451, "iv": 80.53, "instrument_name": "BTC-30DEC22-250000-C", "index_price": 33729.55, "direction": "sell", "amount": 0.1}, {"trade_seq": 336, "trade_id": "212729549", "timestamp": 1652086545974, "tick_direction": 3, "price": 0.0005, "mark_price": 0.00095433, "iv": 80.53, "instrument_name": "BTC-30DEC22-250000-C", "index_price": 33731.06, "direction": "sell", "amount": 0.1}, {"trade_seq": 335, "trade_id": "212729548", "timestamp": 1652086545257, "tick_direction": 3, "price": 0.0005, "mark_price": 0.00095423, "iv": 80.53, "instrument_name": "BTC-30DEC22-250000-C", "index_price": 33729.22, "direction": "sell", "amount": 0.2}, {"trade_seq": 334, "trade_id": "212729547", "timestamp": 1652086543431, "tick_direction": 3, "price": 0.0005, "mark_price": 0.00095493, "iv": 80.53, "instrument_name": "BTC-30DEC22-250000-C", "index_price": 33733.95, "direction": "sell", "amount": 0.1}, {"trade_seq": 333, "trade_id": "212729543", "timestamp": 1652086543280, "tick_direction": 3, "price": 0.0005, "mark_price": 0.00095494, "iv": 80.53, "instrument_name": "BTC-30DEC22-250000-C", "index_price": 33733.95, "direction": "sell", "amount": 0.2}, {"trade_seq": 332, "trade_id": "212729542", "timestamp": 1652086543258, "tick_direction": 3, "price": 0.0005, "mark_price": 0.00095494, "iv": 80.53, "instrument_name": "BTC-30DEC22-250000-C", "index_price": 33733.95, "direction": "sell", "amount": 0.3}, {"trade_seq": 331, "trade_id": "212729537", "timestamp": 1652086542480, "tick_direction": 3, "price": 0.0005, "mark_price": 0.00095494, "iv": 80.53, "instrument_name": "BTC-30DEC22-250000-C", "index_price": 33733.43, "direction": "sell", "amount": 0.1}, {"trade_seq": 330, "trade_id": "212729534", "timestamp": 1652086541998, "tick_direction": 3, "price": 0.0005, "mark_price": 0.00095498, "iv": 80.53, "instrument_name": "BTC-30DEC22-250000-C", "index_price": 33733.43, "direction": "sell", "amount": 0.1}, {"trade_seq": 329, "trade_id": "212729533", "timestamp": 1652086541592, "tick_direction": 3, "price": 0.0005, "mark_price": 0.00095498, "iv": 80.53, "instrument_name": "BTC-30DEC22-250000-C", "index_price": 33733.17, "direction": "sell", "amount": 0.1}, {"trade_seq": 328, "trade_id": "212729532", "timestamp": 1652086541585, "tick_direction": 3, "price": 0.0005, "mark_price": 0.00095498, "iv": 80.53, "instrument_name": "BTC-30DEC22-250000-C", "index_price": 33733.17, "direction": "sell", "amount": 0.3}, {"trade_seq": 327, "trade_id": "212729529", "timestamp": 1652086541027, "tick_direction": 3, "price": 0.0005, "mark_price": 0.0009557, "iv": 80.53, "instrument_name": "BTC-30DEC22-250000-C", "index_price": 33733.17, "direction": "sell", "amount": 0.1}, {"trade_seq": 326, "trade_id": "212729504", "timestamp": 1652086539528, "tick_direction": 3, "price": 0.0005, "mark_price": 0.00095546, "iv": 80.53, "instrument_name": "BTC-30DEC22-250000-C", "index_price": 33735.37, "direction": "sell", "amount": 0.1}, {"trade_seq": 325, "trade_id": "212729503", "timestamp": 1652086539473, "tick_direction": 3, "price": 0.0005, "mark_price": 0.00095546, "iv": 80.53, "instrument_name": "BTC-30DEC22-250000-C", "index_price": 33735.37, "direction": "sell", "amount": 0.1}, {"trade_seq": 324, "trade_id": "212729502", "timestamp": 1652086539455, "tick_direction": 3, "price": 0.0005, "mark_price": 0.00095546, "iv": 80.53, "instrument_name": "BTC-30DEC22-250000-C", "index_price": 33735.37, "direction": "sell", "amount": 0.2}, {"trade_seq": 323, "trade_id": "212729453", "timestamp": 1652086537205, "tick_direction": 3, "price": 0.0005, "mark_price": 0.00095393, "iv": 80.54, "instrument_name": "BTC-30DEC22-250000-C", "index_price": 33722.55, "direction": "sell", "amount": 0.1}, {"trade_seq": 322, "trade_id": "212729452", "timestamp": 1652086537192, "tick_direction": 3, "price": 0.0005, "mark_price": 0.00095393, "iv": 80.54, "instrument_name": "BTC-30DEC22-250000-C", "index_price": 33722.55, "direction": "sell", "amount": 0.2}, {"trade_seq": 321, "trade_id": "212729402", "timestamp": 1652086535175, "tick_direction": 3, "price": 0.0005, "mark_price": 0.0009533, "iv": 80.54, "instrument_name": "BTC-30DEC22-250000-C", "index_price": 33721.66, "direction": "sell", "amount": 0.2}, {"trade_seq": 320, "trade_id": "212729398", "timestamp": 1652086534642, "tick_direction": 3, "price": 0.0005, "mark_price": 0.0009533, "iv": 80.55, "instrument_name": "BTC-30DEC22-250000-C", "index_price": 33712.48, "direction": "sell", "amount": 0.1}, {"trade_seq": 319, "trade_id": "212729354", "timestamp": 1652086533259, "tick_direction": 3, "price": 0.0005, "mark_price": 0.00095283, "iv": 80.55, "instrument_name": "BTC-30DEC22-250000-C", "index_price": 33710.46, "direction": "sell", "amount": 0.1}, {"trade_seq": 318, "trade_id": "212729353", "timestamp": 1652086533239, "tick_direction": 3, "price": 0.0005, "mark_price": 0.00095283, "iv": 80.55, "instrument_name": "BTC-30DEC22-250000-C", "index_price": 33710.46, "direction": "sell", "amount": 0.1}, {"trade_seq": 317, "trade_id": "212729329", "timestamp": 1652086527115, "tick_direction": 3, "price": 0.0005, "mark_price": 0.00095127, "iv": 80.57, "instrument_name": "BTC-30DEC22-250000-C", "index_price": 33692.97, "direction": "sell", "amount": 0.1}, {"trade_seq": 316, "trade_id": "212729328", "timestamp": 1652086527107, "tick_direction": 3, "price": 0.0005, "mark_price": 0.00095127, "iv": 80.57, "instrument_name": "BTC-30DEC22-250000-C", "index_price": 33692.97, "direction": "sell", "amount": 0.1}, {"trade_seq": 315, "trade_id": "212729317", "timestamp": 1652086525342, "tick_direction": 3, "price": 0.0005, "mark_price": 0.00095128, "iv": 80.57, "instrument_name": "BTC-30DEC22-250000-C", "index_price": 33691.68, "direction": "sell", "amount": 0.1}, {"trade_seq": 314, "trade_id": "212729312", "timestamp": 1652086525239, "tick_direction": 3, "price": 0.0005, "mark_price": 0.00095222, "iv": 80.57, "instrument_name": "BTC-30DEC22-250000-C", "index_price": 33691.68, "direction": "sell", "amount": 0.1}, {"trade_seq": 313, "trade_id": "212729304", "timestamp": 1652086524617, "tick_direction": 3, "price": 0.0005, "mark_price": 0.00095222, "iv": 80.56, "instrument_name": "BTC-30DEC22-250000-C", "index_price": 33698.73, "direction": "sell", "amount": 0.1}, {"trade_seq": 312, "trade_id": "212728638", "timestamp": 1652086433008, "tick_direction": 3, "price": 0.0005, "mark_price": 0.00094724, "iv": 80.65, "instrument_name": "BTC-30DEC22-250000-C", "index_price": 33607.68, "direction": "sell", "amount": 0.1}, {"trade_seq": 311, "trade_id": "212728632", "timestamp": 1652086429471, "tick_direction": 3, "price": 0.0005, "mark_price": 0.00094692, "iv": 80.66, "instrument_name": "BTC-30DEC22-250000-C", "index_price": 33602.91, "direction": "sell", "amount": 0.1}, {"trade_seq": 310, "trade_id": "212728630", "timestamp": 1652086428411, "tick_direction": 3, "price": 0.0005, "mark_price": 0.00094776, "iv": 80.65, "instrument_name": "BTC-30DEC22-250000-C", "index_price": 33608.69, "direction": "sell", "amount": 0.1}, {"trade_seq": 309, "trade_id": "212728572", "timestamp": 1652086420524, "tick_direction": 3, "price": 0.0005, "mark_price": 0.0009476, "iv": 80.66, "instrument_name": "BTC-30DEC22-250000-C", "index_price": 33600.65, "direction": "sell", "amount": 0.1}, {"trade_seq": 308, "trade_id": "212728568", "timestamp": 1652086418276, "tick_direction": 3, "price": 0.0005, "mark_price": 0.00094814, "iv": 80.65, "instrument_name": "BTC-30DEC22-250000-C", "index_price": 33603.44, "direction": "sell", "amount": 0.1}, {"trade_seq": 307, "trade_id": "212728566", "timestamp": 1652086416307, "tick_direction": 3, "price": 0.0005, "mark_price": 0.00094834, "iv": 80.65, "instrument_name": "BTC-30DEC22-250000-C", "index_price": 33603.32, "direction": "sell", "amount": 0.1}, {"trade_seq": 306, "trade_id": "212728565", "timestamp": 1652086416299, "tick_direction": 3, "price": 0.0005, "mark_price": 0.00094834, "iv": 80.65, "instrument_name": "BTC-30DEC22-250000-C", "index_price": 33603.32, "direction": "sell", "amount": 0.1}, {"trade_seq": 305, "trade_id": "212728564", "timestamp": 1652086416288, "tick_direction": 3, "price": 0.0005, "mark_price": 0.00094834, "iv": 80.65, "instrument_name": "BTC-30DEC22-250000-C", "index_price": 33603.32, "direction": "sell", "amount": 0.2}, {"trade_seq": 304, "trade_id": "212728563", "timestamp": 1652086416288, "tick_direction": 3, "price": 0.0005, "mark_price": 0.00094834, "iv": 80.65, "instrument_name": "BTC-30DEC22-250000-C", "index_price": 33603.32, "direction": "sell", "amount": 0.1}, {"trade_seq": 303, "trade_id": "212728561", "timestamp": 1652086414946, "tick_direction": 3, "price": 0.0005, "mark_price": 0.00094869, "iv": 80.65, "instrument_name": "BTC-30DEC22-250000-C", "index_price": 33604.1, "direction": "sell", "amount": 0.1}, {"trade_seq": 302, "trade_id": "212728560", "timestamp": 1652086414936, "tick_direction": 3, "price": 0.0005, "mark_price": 0.00094869, "iv": 80.65, "instrument_name": "BTC-30DEC22-250000-C", "index_price": 33604.1, "direction": "sell", "amount": 0.2}, {"trade_seq": 301, "trade_id": "212728559", "timestamp": 1652086414930, "tick_direction": 3, "price": 0.0005, "mark_price": 0.00094869, "iv": 80.65, "instrument_name": "BTC-30DEC22-250000-C", "index_price": 33604.1, "direction": "sell", "amount": 0.1}, {"trade_seq": 300, "trade_id": "212728558", "timestamp": 1652086414930, "tick_direction": 3, "price": 0.0005, "mark_price": 0.00094869, "iv": 80.65, "instrument_name": "BTC-30DEC22-250000-C", "index_price": 33604.1, "direction": "sell", "amount": 0.3}, {"trade_seq": 299, "trade_id": "212728557", "timestamp": 1652086414919, "tick_direction": 3, "price": 0.0005, "mark_price": 0.00094869, "iv": 80.65, "instrument_name": "BTC-30DEC22-250000-C", "index_price": 33604.1, "direction": "sell", "amount": 0.8}, {"trade_seq": 298, "trade_id": "212728551", "timestamp": 1652086414623, "tick_direction": 3, "price": 0.0005, "mark_price": 0.00094869, "iv": 80.65, "instrument_name": "BTC-30DEC22-250000-C", "index_price": 33604.1, "direction": "sell", "amount": 0.1}, {"trade_seq": 297, "trade_id": "212728550", "timestamp": 1652086413600, "tick_direction": 3, "price": 0.0005, "mark_price": 0.00094906, "iv": 80.65, "instrument_name": "BTC-30DEC22-250000-C", "index_price": 33605.91, "direction": "sell", "amount": 0.1}, {"trade_seq": 296, "trade_id": "212728546", "timestamp": 1652086410214, "tick_direction": 3, "price": 0.0005, "mark_price": 0.00094897, "iv": 80.65, "instrument_name": "BTC-30DEC22-250000-C", "index_price": 33601.63, "direction": "sell", "amount": 0.1}, {"trade_seq": 295, "trade_id": "212728544", "timestamp": 1652086409317, "tick_direction": 3, "price": 0.0005, "mark_price": 0.00094901, "iv": 80.65, "instrument_name": "BTC-30DEC22-250000-C", "index_price": 33600.97, "direction": "sell", "amount": 0.1}, {"trade_seq": 294, "trade_id": "212728496", "timestamp": 1652086408210, "tick_direction": 3, "price": 0.0005, "mark_price": 0.0009497, "iv": 80.65, "instrument_name": "BTC-30DEC22-250000-C", "index_price": 33605.23, "direction": "sell", "amount": 0.1}, {"trade_seq": 293, "trade_id": "212728491", "timestamp": 1652086406180, "tick_direction": 3, "price": 0.0005, "mark_price": 0.00094999, "iv": 80.64, "instrument_name": "BTC-30DEC22-250000-C", "index_price": 33604.82, "direction": "sell", "amount": 0.1}, {"trade_seq": 292, "trade_id": "212728451", "timestamp": 1652086404168, "tick_direction": 3, "price": 0.0005, "mark_price": 0.00094935, "iv": 80.65, "instrument_name": "BTC-30DEC22-250000-C", "index_price": 33600.05, "direction": "sell", "amount": 0.1}, {"trade_seq": 291, "trade_id": "212728432", "timestamp": 1652086402165, "tick_direction": 3, "price": 0.0005, "mark_price": 0.00094917, "iv": 80.65, "instrument_name": "BTC-30DEC22-250000-C", "index_price": 33595.23, "direction": "sell", "amount": 0.1}, {"trade_seq": 290, "trade_id": "212728431", "timestamp": 1652086400867, "tick_direction": 3, "price": 0.0005, "mark_price": 0.0009494, "iv": 80.65, "instrument_name": "BTC-30DEC22-250000-C", "index_price": 33593.58, "direction": "sell", "amount": 0.1}, {"trade_seq": 289, "trade_id": "212728418", "timestamp": 1652086398483, "tick_direction": 3, "price": 0.0005, "mark_price": 0.00094914, "iv": 80.66, "instrument_name": "BTC-30DEC22-250000-C", "index_price": 33589.07, "direction": "sell", "amount": 0.1}, {"trade_seq": 288, "trade_id": "212728409", "timestamp": 1652086396118, "tick_direction": 3, "price": 0.0005, "mark_price": 0.00095013, "iv": 80.66, "instrument_name": "BTC-30DEC22-250000-C", "index_price": 33587.42, "direction": "sell", "amount": 0.1}, {"trade_seq": 287, "trade_id": "212728400", "timestamp": 1652086395453, "tick_direction": 3, "price": 0.0005, "mark_price": 0.00095013, "iv": 80.65, "instrument_name": "BTC-30DEC22-250000-C", "index_price": 33592.61, "direction": "sell", "amount": 0.1}, {"trade_seq": 286, "trade_id": "212728391", "timestamp": 1652086394207, "tick_direction": 3, "price": 0.0005, "mark_price": 0.00095048, "iv": 80.65, "instrument_name": "BTC-30DEC22-250000-C", "index_price": 33593.94, "direction": "sell", "amount": 0.1}, {"trade_seq": 285, "trade_id": "212728366", "timestamp": 1652086392073, "tick_direction": 3, "price": 0.0005, "mark_price": 0.00095024, "iv": 80.65, "instrument_name": "BTC-30DEC22-250000-C", "index_price": 33590.66, "direction": "sell", "amount": 0.1}, {"trade_seq": 284, "trade_id": "212728333", "timestamp": 1652086386022, "tick_direction": 3, "price": 0.0005, "mark_price": 0.00094908, "iv": 80.66, "instrument_name": "BTC-30DEC22-250000-C", "index_price": 33572.22, "direction": "sell", "amount": 0.1}, {"trade_seq": 283, "trade_id": "212728332", "timestamp": 1652086384391, "tick_direction": 3, "price": 0.0005, "mark_price": 0.00094903, "iv": 80.66, "instrument_name": "BTC-30DEC22-250000-C", "index_price": 33570.36, "direction": "sell", "amount": 0.1}, {"trade_seq": 282, "trade_id": "212728328", "timestamp": 1652086381990, "tick_direction": 3, "price": 0.0005, "mark_price": 0.00094889, "iv": 80.67, "instrument_name": "BTC-30DEC22-250000-C", "index_price": 33568.22, "direction": "sell", "amount": 0.1}, {"trade_seq": 281, "trade_id": "212728321", "timestamp": 1652086380615, "tick_direction": 3, "price": 0.0005, "mark_price": 0.0009491, "iv": 80.67, "instrument_name": "BTC-30DEC22-250000-C", "index_price": 33567.8, "direction": "sell", "amount": 0.1}, {"trade_seq": 280, "trade_id": "212728320", "timestamp": 1652086379992, "tick_direction": 3, "price": 0.0005, "mark_price": 0.0009491, "iv": 80.67, "instrument_name": "BTC-30DEC22-250000-C", "index_price": 33567.8, "direction": "sell", "amount": 0.1}, {"trade_seq": 279, "trade_id": "212728283", "timestamp": 1652086377968, "tick_direction": 3, "price": 0.0005, "mark_price": 0.00094897, "iv": 80.67, "instrument_name": "BTC-30DEC22-250000-C", "index_price": 33563.1, "direction": "sell", "amount": 0.1}, {"trade_seq": 278, "trade_id": "212728282", "timestamp": 1652086377961, "tick_direction": 3, "price": 0.0005, "mark_price": 0.00094897, "iv": 80.67, "instrument_name": "BTC-30DEC22-250000-C", "index_price": 33563.1, "direction": "sell", "amount": 0.1}, {"trade_seq": 277, "trade_id": "212728278", "timestamp": 1652086376267, "tick_direction": 3, "price": 0.0005, "mark_price": 0.00095002, "iv": 80.66, "instrument_name": "BTC-30DEC22-250000-C", "index_price": 33572.17, "direction": "sell", "amount": 0.1}, {"trade_seq": 276, "trade_id": "212728273", "timestamp": 1652086375940, "tick_direction": 3, "price": 0.0005, "mark_price": 0.00095014, "iv": 80.66, "instrument_name": "BTC-30DEC22-250000-C", "index_price": 33572.17, "direction": "sell", "amount": 0.1}, {"trade_seq": 275, "trade_id": "212728272", "timestamp": 1652086375770, "tick_direction": 3, "price": 0.0005, "mark_price": 0.00095014, "iv": 80.66, "instrument_name": "BTC-30DEC22-250000-C", "index_price": 33572.17, "direction": "sell", "amount": 0.1}, {"trade_seq": 274, "trade_id": "212728262", "timestamp": 1652086373994, "tick_direction": 3, "price": 0.0005, "mark_price": 0.00094967, "iv": 80.66, "instrument_name": "BTC-30DEC22-250000-C", "index_price": 33572.11, "direction": "sell", "amount": 0.1}, {"trade_seq": 273, "trade_id": "212728246", "timestamp": 1652086372012, "tick_direction": 3, "price": 0.0005, "mark_price": 0.00094982, "iv": 80.67, "instrument_name": "BTC-30DEC22-250000-C", "index_price": 33565.98, "direction": "sell", "amount": 0.1}, {"trade_seq": 272, "trade_id": "212728245", "timestamp": 1652086372004, "tick_direction": 3, "price": 0.0005, "mark_price": 0.00094982, "iv": 80.67, "instrument_name": "BTC-30DEC22-250000-C", "index_price": 33565.98, "direction": "sell", "amount": 0.1}, {"trade_seq": 271, "trade_id": "212728235", "timestamp": 1652086369908, "tick_direction": 3, "price": 0.0005, "mark_price": 0.00094959, "iv": 80.66, "instrument_name": "BTC-30DEC22-250000-C", "index_price": 33566.57, "direction": "sell", "amount": 0.1}, {"trade_seq": 270, "trade_id": "212728234", "timestamp": 1652086369898, "tick_direction": 3, "price": 0.0005, "mark_price": 0.00094959, "iv": 80.66, "instrument_name": "BTC-30DEC22-250000-C", "index_price": 33566.57, "direction": "sell", "amount": 0.1}, {"trade_seq": 269, "trade_id": "212728216", "timestamp": 1652086368007, "tick_direction": 2, "price": 0.0005, "mark_price": 0.00094939, "iv": 80.67, "instrument_name": "BTC-30DEC22-250000-C", "index_price": 33562.7, "direction": "sell", "amount": 0.1}, {"trade_seq": 268, "trade_id": "212700144", "timestamp": 1652073647642, "tick_direction": 3, "price": 0.001, "mark_price": 0.0009491, "iv": 85.62, "instrument_name": "BTC-30DEC22-250000-C", "index_price": 33614.36, "direction": "sell", "amount": 0.1}, {"trade_seq": 267, "trade_id": "212700143", "timestamp": 1652073645682, "tick_direction": 3, "price": 0.001, "mark_price": 0.00094812, "iv": 85.62, "instrument_name": "BTC-30DEC22-250000-C", "index_price": 33617.04, "direction": "sell", "amount": 0.1}, {"trade_seq": 266, "trade_id": "212700134", "timestamp": 1652073640315, "tick_direction": 3, "price": 0.001, "mark_price": 0.00094582, "iv": 85.62, "instrument_name": "BTC-30DEC22-250000-C", "index_price": 33623.43, "direction": "sell", "amount": 0.1}, {"trade_seq": 265, "trade_id": "212700123", "timestamp": 1652073634862, "tick_direction": 3, "price": 0.001, "mark_price": 0.0009421, "iv": 85.63, "instrument_name": "BTC-30DEC22-250000-C", "index_price": 33622.36, "direction": "sell", "amount": 0.1}, {"trade_seq": 264, "trade_id": "212700096", "timestamp": 1652073632365, "tick_direction": 3, "price": 0.001, "mark_price": 0.000943, "iv": 85.61, "instrument_name": "BTC-30DEC22-250000-C", "index_price": 33640.72, "direction": "sell", "amount": 0.1}, {"trade_seq": 263, "trade_id": "212700052", "timestamp": 1652073630882, "tick_direction": 3, "price": 0.001, "mark_price": 0.00094194, "iv": 85.61, "instrument_name": "BTC-30DEC22-250000-C", "index_price": 33640.65, "direction": "sell", "amount": 0.1}, {"trade_seq": 262, "trade_id": "212700051", "timestamp": 1652073630877, "tick_direction": 3, "price": 0.001, "mark_price": 0.00094194, "iv": 85.61, "instrument_name": "BTC-30DEC22-250000-C", "index_price": 33640.65, "direction": "sell", "amount": 0.1}, {"trade_seq": 261, "trade_id": "212700050", "timestamp": 1652073630871, "tick_direction": 3, "price": 0.001, "mark_price": 0.00094194, "iv": 85.61, "instrument_name": "BTC-30DEC22-250000-C", "index_price": 33640.65, "direction": "sell", "amount": 0.1}, {"trade_seq": 260, "trade_id": "212700049", "timestamp": 1652073630866, "tick_direction": 3, "price": 0.001, "mark_price": 0.00094194, "iv": 85.61, "instrument_name": "BTC-30DEC22-250000-C", "index_price": 33640.65, "direction": "sell", "amount": 0.3}, {"trade_seq": 259, "trade_id": "212700048", "timestamp": 1652073630860, "tick_direction": 3, "price": 0.001, "mark_price": 0.00094194, "iv": 85.61, "instrument_name": "BTC-30DEC22-250000-C", "index_price": 33640.65, "direction": "sell", "amount": 0.4}, {"trade_seq": 258, "trade_id": "212700047", "timestamp": 1652073630853, "tick_direction": 3, "price": 0.001, "mark_price": 0.00094194, "iv": 85.61, "instrument_name": "BTC-30DEC22-250000-C", "index_price": 33640.65, "direction": "sell", "amount": 0.6}, {"trade_seq": 257, "trade_id": "212700046", "timestamp": 1652073630832, "tick_direction": 3, "price": 0.001, "mark_price": 0.00094194, "iv": 85.61, "instrument_name": "BTC-30DEC22-250000-C", "index_price": 33640.65, "direction": "sell", "amount": 1.0}, {"trade_seq": 256, "trade_id": "212700045", "timestamp": 1652073628358, "tick_direction": 3, "price": 0.001, "mark_price": 0.00094062, "iv": 85.61, "instrument_name": "BTC-30DEC22-250000-C", "index_price": 33641.37, "direction": "sell", "amount": 0.1}, {"trade_seq": 255, "trade_id": "212700044", "timestamp": 1652073628352, "tick_direction": 3, "price": 0.001, "mark_price": 0.00094062, "iv": 85.61, "instrument_name": "BTC-30DEC22-250000-C", "index_price": 33641.37, "direction": "sell", "amount": 0.2}, {"trade_seq": 254, "trade_id": "212700043", "timestamp": 1652073628345, "tick_direction": 3, "price": 0.001, "mark_price": 0.00094062, "iv": 85.61, "instrument_name": "BTC-30DEC22-250000-C", "index_price": 33641.37, "direction": "sell", "amount": 0.2}, {"trade_seq": 253, "trade_id": "212700042", "timestamp": 1652073628340, "tick_direction": 3, "price": 0.001, "mark_price": 0.00094062, "iv": 85.61, "instrument_name": "BTC-30DEC22-250000-C", "index_price": 33641.37, "direction": "sell", "amount": 0.3}, {"trade_seq": 252, "trade_id": "212700041", "timestamp": 1652073628331, "tick_direction": 3, "price": 0.001, "mark_price": 0.00094062, "iv": 85.61, "instrument_name": "BTC-30DEC22-250000-C", "index_price": 33641.37, "direction": "sell", "amount": 0.5}, {"trade_seq": 251, "trade_id": "212700040", "timestamp": 1652073628324, "tick_direction": 3, "price": 0.001, "mark_price": 0.00094062, "iv": 85.61, "instrument_name": "BTC-30DEC22-250000-C", "index_price": 33641.37, "direction": "sell", "amount": 0.9}, {"trade_seq": 250, "trade_id": "212700039", "timestamp": 1652073628313, "tick_direction": 3, "price": 0.001, "mark_price": 0.00094062, "iv": 85.61, "instrument_name": "BTC-30DEC22-250000-C", "index_price": 33641.37, "direction": "sell", "amount": 1.4}, {"trade_seq": 249, "trade_id": "212700038", "timestamp": 1652073628294, "tick_direction": 3, "price": 0.001, "mark_price": 0.00094062, "iv": 85.61, "instrument_name": "BTC-30DEC22-250000-C", "index_price": 33641.37, "direction": "sell", "amount": 2.4}, {"trade_seq": 248, "trade_id": "212700037", "timestamp": 1652073628275, "tick_direction": 3, "price": 0.001, "mark_price": 0.00094062, "iv": 85.61, "instrument_name": "BTC-30DEC22-250000-C", "index_price": 33641.37, "direction": "sell", "amount": 3.8}, {"trade_seq": 247, "trade_id": "212700036", "timestamp": 1652073628265, "tick_direction": 3, "price": 0.001, "mark_price": 0.00094062, "iv": 85.61, "instrument_name": "BTC-30DEC22-250000-C", "index_price": 33641.37, "direction": "sell", "amount": 6.2}, {"trade_seq": 246, "trade_id": "212700035", "timestamp": 1652073628241, "tick_direction": 3, "price": 0.001, "mark_price": 0.00094062, "iv": 85.61, "instrument_name": "BTC-30DEC22-250000-C", "index_price": 33641.37, "direction": "sell", "amount": 10.1}, {"trade_seq": 245, "trade_id": "212559631", "timestamp": 1652014189424, "tick_direction": 3, "price": 0.001, "mark_price": 0.00091964, "iv": 84.41, "instrument_name": "BTC-30DEC22-250000-C", "index_price": 34664.73, "direction": "sell", "amount": 6.3}, {"trade_seq": 244, "trade_id": "212423542", "timestamp": 1651947504347, "tick_direction": 3, "price": 0.001, "mark_price": 0.00093465, "iv": 82.94, "instrument_name": "BTC-30DEC22-250000-C", "index_price": 35946.11, "direction": "sell", "amount": 2.2}, {"trade_seq": 243, "trade_id": "212423537", "timestamp": 1651947502332, "tick_direction": 3, "price": 0.001, "mark_price": 0.00093464, "iv": 82.94, "instrument_name": "BTC-30DEC22-250000-C", "index_price": 35945.7, "direction": "sell", "amount": 3.0}, {"trade_seq": 242, "trade_id": "212423536", "timestamp": 1651947500316, "tick_direction": 3, "price": 0.001, "mark_price": 0.00093457, "iv": 82.94, "instrument_name": "BTC-30DEC22-250000-C", "index_price": 35944.92, "direction": "sell", "amount": 4.3}, {"trade_seq": 241, "trade_id": "212423533", "timestamp": 1651947498303, "tick_direction": 3, "price": 0.001, "mark_price": 0.00093456, "iv": 82.94, "instrument_name": "BTC-30DEC22-250000-C", "index_price": 35945.79, "direction": "sell", "amount": 6.1}, {"trade_seq": 240, "trade_id": "212249078", "timestamp": 1651834169319, "tick_direction": 3, "price": 0.001, "mark_price": 0.00105824, "iv": 82.54, "instrument_name": "BTC-30DEC22-250000-C", "index_price": 36102.11, "direction": "sell", "amount": 2.3}, {"trade_seq": 239, "trade_id": "212249058", "timestamp": 1651834147446, "tick_direction": 3, "price": 0.001, "mark_price": 0.00105776, "iv": 82.53, "instrument_name": "BTC-30DEC22-250000-C", "index_price": 36115.66, "direction": "sell", "amount": 3.0}, {"trade_seq": 238, "trade_id": "212246990", "timestamp": 1651833282388, "tick_direction": 3, "price": 0.001, "mark_price": 0.00117922, "iv": 82.4, "instrument_name": "BTC-30DEC22-250000-C", "index_price": 36203.13, "direction": "sell", "amount": 2.5}, {"trade_seq": 237, "trade_id": "212246973", "timestamp": 1651833249641, "tick_direction": 3, "price": 0.001, "mark_price": 0.00118632, "iv": 82.4, "instrument_name": "BTC-30DEC22-250000-C", "index_price": 36210.02, "direction": "sell", "amount": 4.2}, {"trade_seq": 236, "trade_id": "212239016", "timestamp": 1651826526438, "tick_direction": 3, "price": 0.001, "mark_price": 0.00111813, "iv": 82.38, "instrument_name": "BTC-30DEC22-250000-C", "index_price": 36235.0, "direction": "sell", "amount": 8.0}, {"trade_seq": 235, "trade_id": "212105951", "timestamp": 1651772300301, "tick_direction": 3, "price": 0.001, "mark_price": 0.00138172, "iv": 81.65, "instrument_name": "BTC-30DEC22-250000-C", "index_price": 36916.32, "direction": "buy", "amount": 1.0}, {"trade_seq": 234, "trade_id": "212105941", "timestamp": 1651772298284, "tick_direction": 3, "price": 0.001, "mark_price": 0.00138149, "iv": 81.66, "instrument_name": "BTC-30DEC22-250000-C", "index_price": 36909.58, "direction": "buy", "amount": 3.7}, {"trade_seq": 233, "trade_id": "212105883", "timestamp": 1651772296321, "tick_direction": 2, "price": 0.001, "mark_price": 0.00138478, "iv": 81.65, "instrument_name": "BTC-30DEC22-250000-C", "index_price": 36924.04, "direction": "buy", "amount": 5.2}, {"trade_seq": 232, "trade_id": "211997125", "timestamp": 1651749680897, "tick_direction": 0, "price": 0.0015, "mark_price": 0.00123322, "iv": 82.27, "instrument_name": "BTC-30DEC22-250000-C", "index_price": 39526.84, "direction": "buy", "amount": 7.0}, {"trade_seq": 231, "trade_id": "211969605", "timestamp": 1651707812834, "tick_direction": 3, "price": 0.001, "mark_price": 0.0010799, "iv": 78.87, "instrument_name": "BTC-30DEC22-250000-C", "index_price": 39624.6, "direction": "sell", "amount": 2.6}, {"trade_seq": 230, "trade_id": "211969604", "timestamp": 1651707790024, "tick_direction": 3, "price": 0.001, "mark_price": 0.00106817, "iv": 78.87, "instrument_name": "BTC-30DEC22-250000-C", "index_price": 39625.7, "direction": "sell", "amount": 0.4}, {"trade_seq": 229, "trade_id": "211943443", "timestamp": 1651690541518, "tick_direction": 3, "price": 0.001, "mark_price": 0.00113856, "iv": 78.83, "instrument_name": "BTC-30DEC22-250000-C", "index_price": 39728.0, "direction": "sell", "amount": 1.7}, {"trade_seq": 228, "trade_id": "211943041", "timestamp": 1651690510075, "tick_direction": 3, "price": 0.001, "mark_price": 0.00113497, "iv": 78.93, "instrument_name": "BTC-30DEC22-250000-C", "index_price": 39594.89, "direction": "sell", "amount": 0.3}, {"trade_seq": 227, "trade_id": "211943040", "timestamp": 1651690510062, "tick_direction": 3, "price": 0.001, "mark_price": 0.00113497, "iv": 78.93, "instrument_name": "BTC-30DEC22-250000-C", "index_price": 39594.89, "direction": "sell", "amount": 2.6}, {"trade_seq": 226, "trade_id": "211942608", "timestamp": 1651690472126, "tick_direction": 3, "price": 0.001, "mark_price": 0.00114288, "iv": 78.92, "instrument_name": "BTC-30DEC22-250000-C", "index_price": 39570.47, "direction": "sell", "amount": 3.8}, {"trade_seq": 225, "trade_id": "211942086", "timestamp": 1651690448063, "tick_direction": 3, "price": 0.001, "mark_price": 0.00115081, "iv": 78.9, "instrument_name": "BTC-30DEC22-250000-C", "index_price": 39593.71, "direction": "sell", "amount": 5.9}, {"trade_seq": 224, "trade_id": "211941004", "timestamp": 1651690406964, "tick_direction": 2, "price": 0.001, "mark_price": 0.00112068, "iv": 79.12, "instrument_name": "BTC-30DEC22-250000-C", "index_price": 39390.86, "direction": "sell", "amount": 3.9}, {"trade_seq": 223, "trade_id": "211770462", "timestamp": 1651529765599, "tick_direction": 1, "price": 0.0015, "mark_price": 0.0014367, "iv": 82.48, "instrument_name": "BTC-30DEC22-250000-C", "index_price": 38831.99, "direction": "sell", "amount": 4.7}, {"trade_seq": 222, "trade_id": "211697829", "timestamp": 1651479513467, "tick_direction": 0, "price": 0.0015, "mark_price": 0.00145201, "iv": 82.25, "instrument_name": "BTC-30DEC22-250000-C", "index_price": 38964.9, "direction": "sell", "amount": 3.6}, {"trade_seq": 221, "trade_id": "211679629", "timestamp": 1651453799492, "tick_direction": 0, "price": 0.001, "mark_price": 0.00117349, "iv": 79.22, "instrument_name": "BTC-30DEC22-250000-C", "index_price": 38743.24, "direction": "buy", "amount": 0.5}, {"trade_seq": 220, "trade_id": "211620824", "timestamp": 1651391152478, "tick_direction": 3, "price": 0.0005, "mark_price": 0.0011271, "iv": 75.07, "instrument_name": "BTC-30DEC22-250000-C", "index_price": 37977.09, "direction": "sell", "amount": 0.1}, {"trade_seq": 219, "trade_id": "211620823", "timestamp": 1651391152473, "tick_direction": 3, "price": 0.0005, "mark_price": 0.0011271, "iv": 75.07, "instrument_name": "BTC-30DEC22-250000-C", "index_price": 37977.09, "direction": "sell", "amount": 0.1}, {"trade_seq": 218, "trade_id": "211620822", "timestamp": 1651391152465, "tick_direction": 3, "price": 0.0005, "mark_price": 0.0011271, "iv": 75.07, "instrument_name": "BTC-30DEC22-250000-C", "index_price": 37977.09, "direction": "sell", "amount": 0.4}, {"trade_seq": 217, "trade_id": "211620821", "timestamp": 1651391152461, "tick_direction": 3, "price": 0.0005, "mark_price": 0.0011271, "iv": 75.07, "instrument_name": "BTC-30DEC22-250000-C", "index_price": 37977.09, "direction": "sell", "amount": 0.8}, {"trade_seq": 216, "trade_id": "211620820", "timestamp": 1651391152456, "tick_direction": 3, "price": 0.0005, "mark_price": 0.0011271, "iv": 75.07, "instrument_name": "BTC-30DEC22-250000-C", "index_price": 37977.09, "direction": "sell", "amount": 1.7}, {"trade_seq": 215, "trade_id": "211620819", "timestamp": 1651391152450, "tick_direction": 3, "price": 0.0005, "mark_price": 0.0011271, "iv": 75.07, "instrument_name": "BTC-30DEC22-250000-C", "index_price": 37977.09, "direction": "sell", "amount": 1.7}, {"trade_seq": 214, "trade_id": "211620818", "timestamp": 1651391152446, "tick_direction": 3, "price": 0.0005, "mark_price": 0.0011271, "iv": 75.07, "instrument_name": "BTC-30DEC22-250000-C", "index_price": 37977.09, "direction": "sell", "amount": 1.7}, {"trade_seq": 213, "trade_id": "211620817", "timestamp": 1651391152442, "tick_direction": 3, "price": 0.0005, "mark_price": 0.0011271, "iv": 75.07, "instrument_name": "BTC-30DEC22-250000-C", "index_price": 37977.09, "direction": "sell", "amount": 1.7}, {"trade_seq": 212, "trade_id": "211620816", "timestamp": 1651391152440, "tick_direction": 3, "price": 0.0005, "mark_price": 0.0011271, "iv": 75.07, "instrument_name": "BTC-30DEC22-250000-C", "index_price": 37977.09, "direction": "sell", "amount": 1.7}, {"trade_seq": 211, "trade_id": "211620814", "timestamp": 1651391152414, "tick_direction": 3, "price": 0.0005, "mark_price": 0.0011271, "iv": 75.07, "instrument_name": "BTC-30DEC22-250000-C", "index_price": 37977.09, "direction": "sell", "amount": 1.7}, {"trade_seq": 210, "trade_id": "211620813", "timestamp": 1651391152412, "tick_direction": 3, "price": 0.0005, "mark_price": 0.0011271, "iv": 75.07, "instrument_name": "BTC-30DEC22-250000-C", "index_price": 37977.09, "direction": "sell", "amount": 1.7}, {"trade_seq": 209, "trade_id": "211619659", "timestamp": 1651388291852, "tick_direction": 3, "price": 0.0005, "mark_price": 0.00113806, "iv": 75.0, "instrument_name": "BTC-30DEC22-250000-C", "index_price": 37961.53, "direction": "buy", "amount": 2.0}, {"trade_seq": 208, "trade_id": "211619626", "timestamp": 1651388213491, "tick_direction": 3, "price": 0.0005, "mark_price": 0.00113827, "iv": 75.0, "instrument_name": "BTC-30DEC22-250000-C", "index_price": 37964.81, "direction": "buy", "amount": 2.7}, {"trade_seq": 207, "trade_id": "211611656", "timestamp": 1651372130729, "tick_direction": 3, "price": 0.0005, "mark_price": 0.00085269, "iv": 75.0, "instrument_name": "BTC-30DEC22-250000-C", "index_price": 37961.15, "direction": "sell", "amount": 0.1}, {"trade_seq": 206, "trade_id": "211611655", "timestamp": 1651372130723, "tick_direction": 3, "price": 0.0005, "mark_price": 0.00085269, "iv": 75.0, "instrument_name": "BTC-30DEC22-250000-C", "index_price": 37961.15, "direction": "sell", "amount": 0.1}, {"trade_seq": 205, "trade_id": "211611653", "timestamp": 1651372130549, "tick_direction": 3, "price": 0.0005, "mark_price": 0.00085269, "iv": 75.0, "instrument_name": "BTC-30DEC22-250000-C", "index_price": 37961.15, "direction": "sell", "amount": 0.1}, {"trade_seq": 204, "trade_id": "211611652", "timestamp": 1651372130543, "tick_direction": 3, "price": 0.0005, "mark_price": 0.00085269, "iv": 75.0, "instrument_name": "BTC-30DEC22-250000-C", "index_price": 37961.15, "direction": "sell", "amount": 0.1}, {"trade_seq": 203, "trade_id": "211611651", "timestamp": 1651372130536, "tick_direction": 3, "price": 0.0005, "mark_price": 0.00085269, "iv": 75.0, "instrument_name": "BTC-30DEC22-250000-C", "index_price": 37961.15, "direction": "sell", "amount": 0.2}, {"trade_seq": 202, "trade_id": "211611650", "timestamp": 1651372130531, "tick_direction": 3, "price": 0.0005, "mark_price": 0.00085269, "iv": 75.0, "instrument_name": "BTC-30DEC22-250000-C", "index_price": 37961.15, "direction": "sell", "amount": 0.4}, {"trade_seq": 201, "trade_id": "211611649", "timestamp": 1651372130526, "tick_direction": 3, "price": 0.0005, "mark_price": 0.00085269, "iv": 75.0, "instrument_name": "BTC-30DEC22-250000-C", "index_price": 37961.15, "direction": "sell", "amount": 0.9}, {"trade_seq": 200, "trade_id": "211611648", "timestamp": 1651372130520, "tick_direction": 3, "price": 0.0005, "mark_price": 0.00085269, "iv": 75.0, "instrument_name": "BTC-30DEC22-250000-C", "index_price": 37961.15, "direction": "sell", "amount": 2.1}, {"trade_seq": 199, "trade_id": "211611646", "timestamp": 1651372130479, "tick_direction": 3, "price": 0.0005, "mark_price": 0.00085269, "iv": 75.0, "instrument_name": "BTC-30DEC22-250000-C", "index_price": 37961.02, "direction": "sell", "amount": 4.3}, {"trade_seq": 198, "trade_id": "211611343", "timestamp": 1651371539515, "tick_direction": 3, "price": 0.0005, "mark_price": 0.00085938, "iv": 74.94, "instrument_name": "BTC-30DEC22-250000-C", "index_price": 38050.96, "direction": "sell", "amount": 0.1}, {"trade_seq": 197, "trade_id": "211611342", "timestamp": 1651371539276, "tick_direction": 3, "price": 0.0005, "mark_price": 0.00085943, "iv": 74.94, "instrument_name": "BTC-30DEC22-250000-C", "index_price": 38050.36, "direction": "sell", "amount": 0.1}, {"trade_seq": 196, "trade_id": "211611341", "timestamp": 1651371537241, "tick_direction": 3, "price": 0.0005, "mark_price": 0.00085959, "iv": 74.94, "instrument_name": "BTC-30DEC22-250000-C", "index_price": 38049.53, "direction": "sell", "amount": 0.1}, {"trade_seq": 195, "trade_id": "211611333", "timestamp": 1651371533864, "tick_direction": 3, "price": 0.0005, "mark_price": 0.00085837, "iv": 74.95, "instrument_name": "BTC-30DEC22-250000-C", "index_price": 38036.11, "direction": "sell", "amount": 0.1}, {"trade_seq": 194, "trade_id": "211611332", "timestamp": 1651371533002, "tick_direction": 3, "price": 0.0005, "mark_price": 0.00085837, "iv": 74.95, "instrument_name": "BTC-30DEC22-250000-C", "index_price": 38035.68, "direction": "sell", "amount": 0.1}, {"trade_seq": 193, "trade_id": "211611331", "timestamp": 1651371530993, "tick_direction": 3, "price": 0.0005, "mark_price": 0.00085859, "iv": 74.95, "instrument_name": "BTC-30DEC22-250000-C", "index_price": 38036.55, "direction": "sell", "amount": 0.1}, {"trade_seq": 192, "trade_id": "211611330", "timestamp": 1651371530983, "tick_direction": 3, "price": 0.0005, "mark_price": 0.00085859, "iv": 74.95, "instrument_name": "BTC-30DEC22-250000-C", "index_price": 38036.55, "direction": "sell", "amount": 0.1}, {"trade_seq": 191, "trade_id": "211611328", "timestamp": 1651371528969, "tick_direction": 3, "price": 0.0005, "mark_price": 0.00085973, "iv": 74.95, "instrument_name": "BTC-30DEC22-250000-C", "index_price": 38035.81, "direction": "sell", "amount": 0.1}, {"trade_seq": 190, "trade_id": "211611327", "timestamp": 1651371528490, "tick_direction": 3, "price": 0.0005, "mark_price": 0.00085973, "iv": 74.95, "instrument_name": "BTC-30DEC22-250000-C", "index_price": 38035.81, "direction": "sell", "amount": 0.1}, {"trade_seq": 189, "trade_id": "211611326", "timestamp": 1651371526179, "tick_direction": 3, "price": 0.0005, "mark_price": 0.00086154, "iv": 74.95, "instrument_name": "BTC-30DEC22-250000-C", "index_price": 38035.21, "direction": "sell", "amount": 0.1}, {"trade_seq": 188, "trade_id": "211611319", "timestamp": 1651371520912, "tick_direction": 3, "price": 0.0005, "mark_price": 0.00086367, "iv": 74.96, "instrument_name": "BTC-30DEC22-250000-C", "index_price": 38026.19, "direction": "sell", "amount": 0.1}, {"trade_seq": 187, "trade_id": "211611318", "timestamp": 1651371518896, "tick_direction": 3, "price": 0.0005, "mark_price": 0.00086486, "iv": 74.95, "instrument_name": "BTC-30DEC22-250000-C", "index_price": 38026.19, "direction": "sell", "amount": 0.1}, {"trade_seq": 186, "trade_id": "211611317", "timestamp": 1651371517903, "tick_direction": 3, "price": 0.0005, "mark_price": 0.00086551, "iv": 74.95, "instrument_name": "BTC-30DEC22-250000-C", "index_price": 38026.55, "direction": "sell", "amount": 0.1}, {"trade_seq": 185, "trade_id": "211611314", "timestamp": 1651371515085, "tick_direction": 3, "price": 0.0005, "mark_price": 0.00086719, "iv": 74.95, "instrument_name": "BTC-30DEC22-250000-C", "index_price": 38025.25, "direction": "sell", "amount": 0.1}, {"trade_seq": 184, "trade_id": "211611312", "timestamp": 1651371514868, "tick_direction": 3, "price": 0.0005, "mark_price": 0.00086719, "iv": 74.95, "instrument_name": "BTC-30DEC22-250000-C", "index_price": 38025.25, "direction": "sell", "amount": 0.1}, {"trade_seq": 183, "trade_id": "211611311", "timestamp": 1651371513015, "tick_direction": 3, "price": 0.0005, "mark_price": 0.00086842, "iv": 74.95, "instrument_name": "BTC-30DEC22-250000-C", "index_price": 38025.26, "direction": "sell", "amount": 0.1}, {"trade_seq": 182, "trade_id": "211611310", "timestamp": 1651371510840, "tick_direction": 3, "price": 0.0005, "mark_price": 0.00086971, "iv": 74.95, "instrument_name": "BTC-30DEC22-250000-C", "index_price": 38025.42, "direction": "sell", "amount": 0.1}, {"trade_seq": 181, "trade_id": "211611309", "timestamp": 1651371508835, "tick_direction": 3, "price": 0.0005, "mark_price": 0.00087092, "iv": 74.95, "instrument_name": "BTC-30DEC22-250000-C", "index_price": 38024.89, "direction": "sell", "amount": 0.1}