{"trades": [{"trade_seq": 13, "trade_id": "239525624", "timestamp": 1674053566139, "tick_direction": 0, "price": 0.7835, "mark_price": 0.76884003, "iv": 230.59, "instrument_name": "BTC-31MAR23-5000-C", "index_price": 21422.41, "direction": "buy", "amount": 0.1}, {"trade_seq": 12, "trade_id": "239507588", "timestamp": 1674044593398, "tick_direction": 2, "price": 0.766, "mark_price": 0.76661287, "iv": 111.02, "instrument_name": "BTC-31MAR23-5000-C", "index_price": 21230.27, "direction": "buy", "amount": 0.1}, {"trade_seq": 11, "trade_id": "239450791", "timestamp": 1673965820473, "tick_direction": 0, "price": 0.767, "mark_price": 0.76716979, "iv": 131.69, "instrument_name": "BTC-31MAR23-5000-C", "index_price": 21262.39, "direction": "sell", "amount": 0.3}, {"trade_seq": 10, "trade_id": "239353435", "timestamp": 1673875507515, "tick_direction": 1, "price": 0.762, "mark_price": 0.76237867, "iv": 121.09, "instrument_name": "BTC-31MAR23-5000-C", "index_price": 20851.39, "direction": "buy", "amount": 0.1}, {"trade_seq": 9, "trade_id": "239353362", "timestamp": 1673875441776, "tick_direction": 1, "price": 0.762, "mark_price": 0.7624179, "iv": 119.55, "instrument_name": "BTC-31MAR23-5000-C", "index_price": 20856.4, "direction": "buy", "amount": 0.1}, {"trade_seq": 8, "trade_id": "239353256", "timestamp": 1673875379192, "tick_direction": 0, "price": 0.762, "mark_price": 0.76233499, "iv": 122.71, "instrument_name": "BTC-31MAR23-5000-C", "index_price": 20841.78, "direction": "buy", "amount": 0.1}, {"trade_seq": 7, "trade_id": "238296700", "timestamp": 1672130749046, "tick_direction": 1, "price": 0.7035, "mark_price": 0.70549699, "iv": 113.44, "instrument_name": "BTC-31MAR23-5000-C", "index_price": 16864.79, "direction": "sell", "amount": 0.1}, {"trade_seq": 6, "trade_id": "238296184", "timestamp": 1672128297968, "tick_direction": 1, "price": 0.7035, "mark_price": 0.70512086, "iv": 112.52, "instrument_name": "BTC-31MAR23-5000-C", "index_price": 16861.36, "direction": "sell", "amount": 0.1}, {"trade_seq": 5, "trade_id": "238296152", "timestamp": 1672128270297, "tick_direction": 0, "price": 0.7035, "mark_price": 0.70511888, "iv": 112.6, "instrument_name": "BTC-31MAR23-5000-C", "index_price": 16861.56, "direction": "sell", "amount": 0.1}, {"trade_seq": 4, "trade_id": "238296150", "timestamp": 1672128268221, "tick_direction": 3, "price": 0.703, "mark_price": 0.70513201, "iv": 107.51, "instrument_name": "BTC-31MAR23-5000-C", "index_price": 16862.69, "direction": "sell", "amount": 0.1}, {"trade_seq": 3, "trade_id": "238296149", "timestamp": 1672128268209, "tick_direction": 2, "price": 0.703, "mark_price": 0.70513201, "iv": 107.51, "instrument_name": "BTC-31MAR23-5000-C", "index_price": 16862.69, "direction": "sell", "amount": 0.1}, {"trade_seq": 2, "trade_id": "231540684", "timestamp": 1665329665279, "tick_direction": 1, "price": 0.739, "mark_price": 0.74883971, "iv": 0.0, "instrument_name": "BTC-31MAR23-5000-C", "index_price": 19516.18, "direction": "sell", "amount": 1.3}, {"trade_seq": 1, "trade_id": "231540683", "timestamp": 1665329660695, "tick_direction": 1, "price": 0.739, "mark_price": 0.74884036, "iv": 0.0, "instrument_name": "BTC-31MAR23-5000-C", "index_price": 19516.03, "direction": "sell", "amount": 1.4}], "has_more": false}