{"trades": [{"trade_seq": 3396, "trade_id": "237241525", "timestamp": 1670145089655, "tick_direction": 3, "price": 0.0005, "mark_price": 2.224e-05, "iv": 144.66, "instrument_name": "BTC-30DEC22-50000-C", "index_price": 17024.21, "direction": "buy", "amount": 0.8}, {"trade_seq": 3395, "trade_id": "237241524", "timestamp": 1670145089655, "tick_direction": 3, "price": 0.0005, "mark_price": 2.224e-05, "iv": 144.66, "instrument_name": "BTC-30DEC22-50000-C", "index_price": 17024.21, "direction": "buy", "amount": 0.1}, {"trade_seq": 3394, "trade_id": "237241523", "timestamp": 1670145089655, "tick_direction": 3, "price": 0.0005, "mark_price": 2.224e-05, "iv": 144.66, "instrument_name": "BTC-30DEC22-50000-C", "index_price": 17024.21, "direction": "buy", "amount": 0.2}, {"trade_seq": 3393, "trade_id": "236587643", "timestamp": 1669167018066, "tick_direction": 3, "price": 0.0005, "mark_price": 0.00014392, "iv": 126.21, "instrument_name": "BTC-30DEC22-50000-C", "index_price": 16168.74, "direction": "buy", "amount": 18.0}, {"trade_seq": 3392, "trade_id": "236587642", "timestamp": 1669167018066, "tick_direction": 3, "price": 0.0005, "mark_price": 0.00014392, "iv": 126.21, "instrument_name": "BTC-30DEC22-50000-C", "index_price": 16168.74, "direction": "buy", "amount": 0.1}, {"trade_seq": 3391, "trade_id": "236587641", "timestamp": 1669167018066, "tick_direction": 3, "price": 0.0005, "mark_price": 0.00014392, "iv": 126.21, "instrument_name": "BTC-30DEC22-50000-C", "index_price": 16168.74, "direction": "buy", "amount": 4.8}, {"trade_seq": 3390, "trade_id": "236533276", "timestamp": 1669101136061, "tick_direction": 3, "price": 0.0005, "mark_price": 0.00012093, "iv": 127.89, "instrument_name": "BTC-30DEC22-50000-C", "index_price": 15680.01, "direction": "buy", "amount": 0.2}, {"trade_seq": 3389, "trade_id": "236310462", "timestamp": 1668770887015, "tick_direction": 3, "price": 0.0005, "mark_price": 0.00038164, "iv": 116.13, "instrument_name": "BTC-30DEC22-50000-C", "index_price": 16729.59, "direction": "buy", "amount": 1.0}, {"trade_seq": 3388, "trade_id": "236310461", "timestamp": 1668770887015, "tick_direction": 3, "price": 0.0005, "mark_price": 0.00038164, "iv": 116.13, "instrument_name": "BTC-30DEC22-50000-C", "index_price": 16729.59, "direction": "buy", "amount": 3.0}, {"trade_seq": 3387, "trade_id": "236291187", "timestamp": 1668753972276, "tick_direction": 3, "price": 0.0005, "mark_price": 0.00039503, "iv": 115.76, "instrument_name": "BTC-30DEC22-50000-C", "index_price": 16769.62, "direction": "buy", "amount": 0.1}, {"trade_seq": 3386, "trade_id": "236138198", "timestamp": 1668604541747, "tick_direction": 1, "price": 0.0015, "mark_price": 0.00042907, "iv": 128.46, "instrument_name": "BTC-30DEC22-50000-C", "index_price": 16561.38, "direction": "sell", "amount": 14.4}, {"trade_seq": 3385, "trade_id": "236138197", "timestamp": 1668604541726, "tick_direction": 1, "price": 0.0015, "mark_price": 0.00042903, "iv": 128.46, "instrument_name": "BTC-30DEC22-50000-C", "index_price": 16561.38, "direction": "sell", "amount": 11.2}, {"trade_seq": 3384, "trade_id": "236138196", "timestamp": 1668604541725, "tick_direction": 1, "price": 0.0015, "mark_price": 0.00042903, "iv": 128.46, "instrument_name": "BTC-30DEC22-50000-C", "index_price": 16561.38, "direction": "sell", "amount": 1.0}, {"trade_seq": 3383, "trade_id": "236138195", "timestamp": 1668604541722, "tick_direction": 1, "price": 0.0015, "mark_price": 0.00042903, "iv": 128.46, "instrument_name": "BTC-30DEC22-50000-C", "index_price": 16561.38, "direction": "buy", "amount": 1.8}, {"trade_seq": 3382, "trade_id": "236138194", "timestamp": 1668604541722, "tick_direction": 1, "price": 0.0015, "mark_price": 0.00042903, "iv": 128.46, "instrument_name": "BTC-30DEC22-50000-C", "index_price": 16561.38, "direction": "buy", "amount": 21.0}, {"trade_seq": 3381, "trade_id": "236138193", "timestamp": 1668604541722, "tick_direction": 0, "price": 0.0015, "mark_price": 0.00042903, "iv": 128.46, "instrument_name": "BTC-30DEC22-50000-C", "index_price": 16561.38, "direction": "buy", "amount": 0.6}, {"trade_seq": 3380, "trade_id": "236098256", "timestamp": 1668573644626, "tick_direction": 2, "price": 0.0005, "mark_price": 0.00047099, "iv": 112.43, "instrument_name": "BTC-30DEC22-50000-C", "index_price": 16893.12, "direction": "buy", "amount": 5.0}, {"trade_seq": 3379, "trade_id": "235706563", "timestamp": 1668350602192, "tick_direction": 1, "price": 0.001, "mark_price": 0.00092144, "iv": 118.67, "instrument_name": "BTC-30DEC22-50000-C", "index_price": 16623.89, "direction": "sell", "amount": 0.2}, {"trade_seq": 3378, "trade_id": "235706562", "timestamp": 1668350602190, "tick_direction": 0, "price": 0.001, "mark_price": 0.00092144, "iv": 118.67, "instrument_name": "BTC-30DEC22-50000-C", "index_price": 16623.89, "direction": "buy", "amount": 0.1}, {"trade_seq": 3377, "trade_id": "235706561", "timestamp": 1668350602190, "tick_direction": 3, "price": 0.0005, "mark_price": 0.00092144, "iv": 110.62, "instrument_name": "BTC-30DEC22-50000-C", "index_price": 16623.89, "direction": "buy", "amount": 0.1}, {"trade_seq": 3376, "trade_id": "235691167", "timestamp": 1668332242098, "tick_direction": 3, "price": 0.0005, "mark_price": 0.00089287, "iv": 111.0, "instrument_name": "BTC-30DEC22-50000-C", "index_price": 16493.56, "direction": "sell", "amount": 0.3}, {"trade_seq": 3375, "trade_id": "235691166", "timestamp": 1668332242098, "tick_direction": 3, "price": 0.0005, "mark_price": 0.00089287, "iv": 111.0, "instrument_name": "BTC-30DEC22-50000-C", "index_price": 16493.56, "direction": "sell", "amount": 4.7}, {"trade_seq": 3374, "trade_id": "235672930", "timestamp": 1668312206768, "tick_direction": 3, "price": 0.0005, "mark_price": 0.00089511, "iv": 108.65, "instrument_name": "BTC-30DEC22-50000-C", "index_price": 16893.51, "direction": "sell", "amount": 0.3}, {"trade_seq": 3373, "trade_id": "235510999", "timestamp": 1668183168655, "tick_direction": 2, "price": 0.0005, "mark_price": 0.00025233, "iv": 107.98, "instrument_name": "BTC-30DEC22-50000-C", "index_price": 16720.92, "direction": "sell", "amount": 22.2}, {"trade_seq": 3372, "trade_id": "235113826", "timestamp": 1668088925827, "tick_direction": 1, "price": 0.001, "mark_price": 0.00037774, "iv": 110.34, "instrument_name": "BTC-30DEC22-50000-C", "index_price": 17472.19, "direction": "sell", "amount": 0.5}, {"trade_seq": 3371, "trade_id": "234575639", "timestamp": 1668013349046, "tick_direction": 0, "price": 0.001, "mark_price": 0.00015289, "iv": 111.07, "instrument_name": "BTC-30DEC22-50000-C", "index_price": 17045.73, "direction": "buy", "amount": 0.2}, {"trade_seq": 3370, "trade_id": "234305946", "timestamp": 1667955635560, "tick_direction": 3, "price": 0.0005, "mark_price": 0.00033787, "iv": 96.7, "instrument_name": "BTC-30DEC22-50000-C", "index_price": 18323.88, "direction": "buy", "amount": 0.2}, {"trade_seq": 3369, "trade_id": "234305945", "timestamp": 1667955635215, "tick_direction": 3, "price": 0.0005, "mark_price": 0.00033788, "iv": 96.7, "instrument_name": "BTC-30DEC22-50000-C", "index_price": 18323.92, "direction": "buy", "amount": 0.2}, {"trade_seq": 3368, "trade_id": "234305944", "timestamp": 1667955635215, "tick_direction": 3, "price": 0.0005, "mark_price": 0.00033788, "iv": 96.7, "instrument_name": "BTC-30DEC22-50000-C", "index_price": 18323.92, "direction": "buy", "amount": 0.2}, {"trade_seq": 3367, "trade_id": "234305943", "timestamp": 1667955634892, "tick_direction": 3, "price": 0.0005, "mark_price": 0.00033788, "iv": 96.7, "instrument_name": "BTC-30DEC22-50000-C", "index_price": 18323.92, "direction": "buy", "amount": 0.4}, {"trade_seq": 3366, "trade_id": "234305730", "timestamp": 1667955605298, "tick_direction": 3, "price": 0.0005, "mark_price": 0.00033913, "iv": 96.67, "instrument_name": "BTC-30DEC22-50000-C", "index_price": 18331.9, "direction": "buy", "amount": 0.1}, {"trade_seq": 3365, "trade_id": "234305729", "timestamp": 1667955604927, "tick_direction": 3, "price": 0.0005, "mark_price": 0.00033889, "iv": 96.66, "instrument_name": "BTC-30DEC22-50000-C", "index_price": 18330.54, "direction": "buy", "amount": 0.1}, {"trade_seq": 3364, "trade_id": "234305728", "timestamp": 1667955604570, "tick_direction": 3, "price": 0.0005, "mark_price": 0.00033889, "iv": 96.66, "instrument_name": "BTC-30DEC22-50000-C", "index_price": 18330.54, "direction": "buy", "amount": 0.3}, {"trade_seq": 3363, "trade_id": "234305727", "timestamp": 1667955604201, "tick_direction": 3, "price": 0.0005, "mark_price": 0.00033949, "iv": 96.66, "instrument_name": "BTC-30DEC22-50000-C", "index_price": 18330.54, "direction": "buy", "amount": 0.4}, {"trade_seq": 3362, "trade_id": "233993757", "timestamp": 1667905456253, "tick_direction": 3, "price": 0.0005, "mark_price": 0.00035846, "iv": 90.38, "instrument_name": "BTC-30DEC22-50000-C", "index_price": 19621.69, "direction": "buy", "amount": 0.1}, {"trade_seq": 3361, "trade_id": "233966274", "timestamp": 1667887801684, "tick_direction": 3, "price": 0.0005, "mark_price": 0.00038344, "iv": 89.81, "instrument_name": "BTC-30DEC22-50000-C", "index_price": 19709.87, "direction": "sell", "amount": 0.4}, {"trade_seq": 3360, "trade_id": "233365624", "timestamp": 1667371454001, "tick_direction": 3, "price": 0.0005, "mark_price": 0.00071646, "iv": 82.11, "instrument_name": "BTC-30DEC22-50000-C", "index_price": 20465.98, "direction": "sell", "amount": 5.0}, {"trade_seq": 3359, "trade_id": "233311455", "timestamp": 1667266320598, "tick_direction": 3, "price": 0.0005, "mark_price": 0.00073162, "iv": 80.98, "instrument_name": "BTC-30DEC22-50000-C", "index_price": 20542.0, "direction": "sell", "amount": 10.0}, {"trade_seq": 3358, "trade_id": "233310964", "timestamp": 1667265518832, "tick_direction": 2, "price": 0.0005, "mark_price": 0.00071638, "iv": 81.3, "instrument_name": "BTC-30DEC22-50000-C", "index_price": 20462.05, "direction": "sell", "amount": 20.0}, {"trade_seq": 3357, "trade_id": "233303572", "timestamp": 1667251702785, "tick_direction": 1, "price": 0.001, "mark_price": 0.00081398, "iv": 87.62, "instrument_name": "BTC-30DEC22-50000-C", "index_price": 20409.05, "direction": "sell", "amount": 0.1}, {"trade_seq": 3356, "trade_id": "233303571", "timestamp": 1667251702783, "tick_direction": 0, "price": 0.001, "mark_price": 0.00081398, "iv": 87.62, "instrument_name": "BTC-30DEC22-50000-C", "index_price": 20409.05, "direction": "buy", "amount": 0.9}, {"trade_seq": 3355, "trade_id": "233249408", "timestamp": 1667202128287, "tick_direction": 3, "price": 0.0005, "mark_price": 0.00088654, "iv": 80.49, "instrument_name": "BTC-30DEC22-50000-C", "index_price": 20532.07, "direction": "sell", "amount": 17.2}, {"trade_seq": 3354, "trade_id": "233249407", "timestamp": 1667202128271, "tick_direction": 3, "price": 0.0005, "mark_price": 0.00088654, "iv": 80.49, "instrument_name": "BTC-30DEC22-50000-C", "index_price": 20532.07, "direction": "sell", "amount": 20.8}, {"trade_seq": 3353, "trade_id": "233221991", "timestamp": 1667157582934, "tick_direction": 3, "price": 0.0005, "mark_price": 0.00042631, "iv": 79.62, "instrument_name": "BTC-30DEC22-50000-C", "index_price": 20675.74, "direction": "sell", "amount": 5.4}, {"trade_seq": 3352, "trade_id": "233131072", "timestamp": 1667006363088, "tick_direction": 3, "price": 0.0005, "mark_price": 0.00072328, "iv": 78.62, "instrument_name": "BTC-30DEC22-50000-C", "index_price": 20644.18, "direction": "sell", "amount": 4.2}, {"trade_seq": 3351, "trade_id": "233130249", "timestamp": 1667003588406, "tick_direction": 3, "price": 0.0005, "mark_price": 0.00071839, "iv": 78.79, "instrument_name": "BTC-30DEC22-50000-C", "index_price": 20588.34, "direction": "sell", "amount": 0.1}, {"trade_seq": 3350, "trade_id": "233065652", "timestamp": 1666954254040, "tick_direction": 3, "price": 0.0005, "mark_price": 0.00071032, "iv": 80.1, "instrument_name": "BTC-30DEC22-50000-C", "index_price": 20150.87, "direction": "sell", "amount": 0.1}, {"trade_seq": 3349, "trade_id": "233056769", "timestamp": 1666946119369, "tick_direction": 3, "price": 0.0005, "mark_price": 0.00081388, "iv": 80.12, "instrument_name": "BTC-30DEC22-50000-C", "index_price": 20132.95, "direction": "sell", "amount": 0.1}, {"trade_seq": 3348, "trade_id": "233051882", "timestamp": 1666944193861, "tick_direction": 3, "price": 0.0005, "mark_price": 0.00072488, "iv": 80.23, "instrument_name": "BTC-30DEC22-50000-C", "index_price": 20095.27, "direction": "sell", "amount": 0.1}, {"trade_seq": 3347, "trade_id": "233047213", "timestamp": 1666943310343, "tick_direction": 3, "price": 0.0005, "mark_price": 0.00070774, "iv": 80.11, "instrument_name": "BTC-30DEC22-50000-C", "index_price": 20124.66, "direction": "sell", "amount": 5.4}, {"trade_seq": 3346, "trade_id": "233047212", "timestamp": 1666943310343, "tick_direction": 2, "price": 0.0005, "mark_price": 0.00070774, "iv": 80.11, "instrument_name": "BTC-30DEC22-50000-C", "index_price": 20124.66, "direction": "sell", "amount": 4.6}, {"trade_seq": 3345, "trade_id": "232946042", "timestamp": 1666861551135, "tick_direction": 0, "price": 0.001, "mark_price": 0.00121097, "iv": 83.5, "instrument_name": "BTC-30DEC22-50000-C", "index_price": 20669.52, "direction": "sell", "amount": 2.0}, {"trade_seq": 3344, "trade_id": "232781382", "timestamp": 1666755761111, "tick_direction": 2, "price": 0.0005, "mark_price": 0.00071956, "iv": 78.28, "instrument_name": "BTC-30DEC22-50000-C", "index_price": 20261.38, "direction": "sell", "amount": 0.4}, {"trade_seq": 3343, "trade_id": "232730274", "timestamp": 1666726983707, "tick_direction": 1, "price": 0.001, "mark_price": 0.00106109, "iv": 84.01, "instrument_name": "BTC-30DEC22-50000-C", "index_price": 20283.99, "direction": "sell", "amount": 9.9}, {"trade_seq": 3342, "trade_id": "232729549", "timestamp": 1666726590880, "tick_direction": 1, "price": 0.001, "mark_price": 0.00087618, "iv": 84.02, "instrument_name": "BTC-30DEC22-50000-C", "index_price": 20281.59, "direction": "buy", "amount": 0.1}, {"trade_seq": 3341, "trade_id": "232688001", "timestamp": 1666716104563, "tick_direction": 1, "price": 0.001, "mark_price": 0.00084622, "iv": 85.8, "instrument_name": "BTC-30DEC22-50000-C", "index_price": 19805.48, "direction": "sell", "amount": 1.0}, {"trade_seq": 3340, "trade_id": "232687908", "timestamp": 1666716057080, "tick_direction": 1, "price": 0.001, "mark_price": 0.00084874, "iv": 85.77, "instrument_name": "BTC-30DEC22-50000-C", "index_price": 19812.42, "direction": "sell", "amount": 2.0}, {"trade_seq": 3339, "trade_id": "232687839", "timestamp": 1666715998831, "tick_direction": 1, "price": 0.001, "mark_price": 0.00084401, "iv": 85.82, "instrument_name": "BTC-30DEC22-50000-C", "index_price": 19797.81, "direction": "sell", "amount": 1.1}, {"trade_seq": 3338, "trade_id": "232687838", "timestamp": 1666715998829, "tick_direction": 1, "price": 0.001, "mark_price": 0.00084401, "iv": 85.82, "instrument_name": "BTC-30DEC22-50000-C", "index_price": 19797.81, "direction": "buy", "amount": 0.8}, {"trade_seq": 3337, "trade_id": "232687837", "timestamp": 1666715998829, "tick_direction": 0, "price": 0.001, "mark_price": 0.00084401, "iv": 85.82, "instrument_name": "BTC-30DEC22-50000-C", "index_price": 19797.81, "direction": "buy", "amount": 0.1}, {"trade_seq": 3336, "trade_id": "232642872", "timestamp": 1666689391284, "tick_direction": 3, "price": 0.0005, "mark_price": 0.00068112, "iv": 81.63, "instrument_name": "BTC-30DEC22-50000-C", "index_price": 19277.65, "direction": "sell", "amount": 0.1}, {"trade_seq": 3335, "trade_id": "232642871", "timestamp": 1666689391284, "tick_direction": 3, "price": 0.0005, "mark_price": 0.00068112, "iv": 81.63, "instrument_name": "BTC-30DEC22-50000-C", "index_price": 19277.65, "direction": "sell", "amount": 0.3}, {"trade_seq": 3334, "trade_id": "232619902", "timestamp": 1666642668436, "tick_direction": 3, "price": 0.0005, "mark_price": 0.00071977, "iv": 81.01, "instrument_name": "BTC-30DEC22-50000-C", "index_price": 19346.23, "direction": "sell", "amount": 0.1}, {"trade_seq": 3333, "trade_id": "232619901", "timestamp": 1666642668436, "tick_direction": 3, "price": 0.0005, "mark_price": 0.00071977, "iv": 81.01, "instrument_name": "BTC-30DEC22-50000-C", "index_price": 19346.23, "direction": "sell", "amount": 10.0}, {"trade_seq": 3332, "trade_id": "232442090", "timestamp": 1666339096048, "tick_direction": 3, "price": 0.0005, "mark_price": 0.00071601, "iv": 80.14, "instrument_name": "BTC-30DEC22-50000-C", "index_price": 19033.3, "direction": "sell", "amount": 0.1}, {"trade_seq": 3331, "trade_id": "232442089", "timestamp": 1666339096048, "tick_direction": 3, "price": 0.0005, "mark_price": 0.00071601, "iv": 80.14, "instrument_name": "BTC-30DEC22-50000-C", "index_price": 19033.3, "direction": "sell", "amount": 0.2}, {"trade_seq": 3330, "trade_id": "232442088", "timestamp": 1666339096048, "tick_direction": 3, "price": 0.0005, "mark_price": 0.00071601, "iv": 80.14, "instrument_name": "BTC-30DEC22-50000-C", "index_price": 19033.3, "direction": "sell", "amount": 7.1}, {"trade_seq": 3329, "trade_id": "232399114", "timestamp": 1666283206131, "tick_direction": 3, "price": 0.0005, "mark_price": 0.00071269, "iv": 79.28, "instrument_name": "BTC-30DEC22-50000-C", "index_price": 19163.8, "direction": "sell", "amount": 0.7}, {"trade_seq": 3328, "trade_id": "232387545", "timestamp": 1666273515914, "tick_direction": 3, "price": 0.0005, "mark_price": 0.00072475, "iv": 79.15, "instrument_name": "BTC-30DEC22-50000-C", "index_price": 19185.39, "direction": "sell", "amount": 0.3}, {"trade_seq": 3327, "trade_id": "232373325", "timestamp": 1666257980654, "tick_direction": 3, "price": 0.0005, "mark_price": 0.00072247, "iv": 79.19, "instrument_name": "BTC-30DEC22-50000-C", "index_price": 19135.46, "direction": "sell", "amount": 0.4}, {"trade_seq": 3326, "trade_id": "232373285", "timestamp": 1666257796524, "tick_direction": 3, "price": 0.0005, "mark_price": 0.00072374, "iv": 79.2, "instrument_name": "BTC-30DEC22-50000-C", "index_price": 19133.97, "direction": "sell", "amount": 0.8}, {"trade_seq": 3325, "trade_id": "232370497", "timestamp": 1666253288283, "tick_direction": 2, "price": 0.0005, "mark_price": 0.00071683, "iv": 79.13, "instrument_name": "BTC-30DEC22-50000-C", "index_price": 19147.38, "direction": "sell", "amount": 0.7}, {"trade_seq": 3324, "trade_id": "231812943", "timestamp": 1665646386164, "tick_direction": 0, "price": 0.001, "mark_price": 0.00122196, "iv": 81.75, "instrument_name": "BTC-30DEC22-50000-C", "index_price": 19010.12, "direction": "sell", "amount": 2.0}, {"trade_seq": 3323, "trade_id": "231804433", "timestamp": 1665639863877, "tick_direction": 3, "price": 0.0005, "mark_price": 0.00089707, "iv": 75.65, "instrument_name": "BTC-30DEC22-50000-C", "index_price": 19104.55, "direction": "sell", "amount": 10.0}, {"trade_seq": 3322, "trade_id": "231804432", "timestamp": 1665639863877, "tick_direction": 3, "price": 0.0005, "mark_price": 0.00089707, "iv": 75.65, "instrument_name": "BTC-30DEC22-50000-C", "index_price": 19104.55, "direction": "sell", "amount": 4.0}, {"trade_seq": 3321, "trade_id": "231804431", "timestamp": 1665639863877, "tick_direction": 3, "price": 0.0005, "mark_price": 0.00089707, "iv": 75.65, "instrument_name": "BTC-30DEC22-50000-C", "index_price": 19104.55, "direction": "sell", "amount": 20.0}, {"trade_seq": 3320, "trade_id": "231804430", "timestamp": 1665639863877, "tick_direction": 3, "price": 0.0005, "mark_price": 0.00089707, "iv": 75.65, "instrument_name": "BTC-30DEC22-50000-C", "index_price": 19104.55, "direction": "sell", "amount": 4.0}, {"trade_seq": 3319, "trade_id": "231804429", "timestamp": 1665639863877, "tick_direction": 3, "price": 0.0005, "mark_price": 0.00089707, "iv": 75.65, "instrument_name": "BTC-30DEC22-50000-C", "index_price": 19104.55, "direction": "sell", "amount": 10.0}, {"trade_seq": 3318, "trade_id": "231804428", "timestamp": 1665639863877, "tick_direction": 3, "price": 0.0005, "mark_price": 0.00089707, "iv": 75.65, "instrument_name": "BTC-30DEC22-50000-C", "index_price": 19104.55, "direction": "sell", "amount": 18.0}, {"trade_seq": 3317, "trade_id": "231804427", "timestamp": 1665639863877, "tick_direction": 2, "price": 0.0005, "mark_price": 0.00089707, "iv": 75.65, "instrument_name": "BTC-30DEC22-50000-C", "index_price": 19104.55, "direction": "sell", "amount": 4.0}, {"trade_seq": 3316, "trade_id": "231738776", "timestamp": 1665519826838, "tick_direction": 3, "price": 0.001, "mark_price": 0.00072212, "iv": 80.89, "instrument_name": "BTC-30DEC22-50000-C", "index_price": 19028.76, "direction": "buy", "amount": 0.2}, {"trade_seq": 3315, "trade_id": "231679093", "timestamp": 1665469510656, "tick_direction": 3, "price": 0.001, "mark_price": 0.00087441, "iv": 80.48, "instrument_name": "BTC-30DEC22-50000-C", "index_price": 19046.69, "direction": "sell", "amount": 7.9}, {"trade_seq": 3314, "trade_id": "231679092", "timestamp": 1665469510653, "tick_direction": 3, "price": 0.001, "mark_price": 0.00087441, "iv": 80.48, "instrument_name": "BTC-30DEC22-50000-C", "index_price": 19046.69, "direction": "buy", "amount": 0.1}, {"trade_seq": 3313, "trade_id": "231539868", "timestamp": 1665328402821, "tick_direction": 3, "price": 0.001, "mark_price": 0.00087664, "iv": 77.96, "instrument_name": "BTC-30DEC22-50000-C", "index_price": 19520.01, "direction": "buy", "amount": 0.2}, {"trade_seq": 3312, "trade_id": "231511981", "timestamp": 1665272044543, "tick_direction": 3, "price": 0.001, "mark_price": 0.00126303, "iv": 78.02, "instrument_name": "BTC-30DEC22-50000-C", "index_price": 19430.25, "direction": "sell", "amount": 5.0}, {"trade_seq": 3311, "trade_id": "231511980", "timestamp": 1665272044543, "tick_direction": 2, "price": 0.001, "mark_price": 0.00126303, "iv": 78.02, "instrument_name": "BTC-30DEC22-50000-C", "index_price": 19430.25, "direction": "sell", "amount": 15.0}, {"trade_seq": 3310, "trade_id": "231379880", "timestamp": 1665137069394, "tick_direction": 3, "price": 0.0015, "mark_price": 0.00122547, "iv": 78.97, "instrument_name": "BTC-30DEC22-50000-C", "index_price": 19966.61, "direction": "buy", "amount": 5.0}, {"trade_seq": 3309, "trade_id": "231379879", "timestamp": 1665137067342, "tick_direction": 3, "price": 0.0015, "mark_price": 0.00122527, "iv": 78.97, "instrument_name": "BTC-30DEC22-50000-C", "index_price": 19966.58, "direction": "buy", "amount": 3.8}, {"trade_seq": 3308, "trade_id": "231379878", "timestamp": 1665137067342, "tick_direction": 3, "price": 0.0015, "mark_price": 0.00122527, "iv": 78.97, "instrument_name": "BTC-30DEC22-50000-C", "index_price": 19966.58, "direction": "buy", "amount": 0.8}, {"trade_seq": 3307, "trade_id": "231379877", "timestamp": 1665137067342, "tick_direction": 3, "price": 0.0015, "mark_price": 0.00122527, "iv": 78.97, "instrument_name": "BTC-30DEC22-50000-C", "index_price": 19966.58, "direction": "buy", "amount": 0.4}, {"trade_seq": 3306, "trade_id": "231278128", "timestamp": 1665058030322, "tick_direction": 2, "price": 0.0015, "mark_price": 0.00122565, "iv": 77.58, "instrument_name": "BTC-30DEC22-50000-C", "index_price": 20231.78, "direction": "buy", "amount": 5.0}, {"trade_seq": 3305, "trade_id": "231196840", "timestamp": 1664985025751, "tick_direction": 3, "price": 0.0015, "mark_price": 0.00143658, "iv": 78.13, "instrument_name": "BTC-30DEC22-50000-C", "index_price": 19978.18, "direction": "sell", "amount": 5.0}, {"trade_seq": 3304, "trade_id": "231174843", "timestamp": 1664968718703, "tick_direction": 3, "price": 0.0015, "mark_price": 0.00143744, "iv": 77.56, "instrument_name": "BTC-30DEC22-50000-C", "index_price": 20114.73, "direction": "sell", "amount": 1.0}, {"trade_seq": 3303, "trade_id": "231167075", "timestamp": 1664957646530, "tick_direction": 3, "price": 0.0015, "mark_price": 0.00167911, "iv": 77.39, "instrument_name": "BTC-30DEC22-50000-C", "index_price": 20140.01, "direction": "sell", "amount": 5.2}, {"trade_seq": 3302, "trade_id": "231143660", "timestamp": 1664926464967, "tick_direction": 3, "price": 0.0015, "mark_price": 0.00172299, "iv": 76.46, "instrument_name": "BTC-30DEC22-50000-C", "index_price": 20357.9, "direction": "sell", "amount": 0.1}, {"trade_seq": 3301, "trade_id": "231143656", "timestamp": 1664926464957, "tick_direction": 3, "price": 0.0015, "mark_price": 0.00172299, "iv": 76.46, "instrument_name": "BTC-30DEC22-50000-C", "index_price": 20357.9, "direction": "sell", "amount": 0.2}, {"trade_seq": 3300, "trade_id": "231143655", "timestamp": 1664926464948, "tick_direction": 3, "price": 0.0015, "mark_price": 0.00172299, "iv": 76.46, "instrument_name": "BTC-30DEC22-50000-C", "index_price": 20357.9, "direction": "sell", "amount": 0.7}, {"trade_seq": 3299, "trade_id": "231143654", "timestamp": 1664926464934, "tick_direction": 3, "price": 0.0015, "mark_price": 0.00172299, "iv": 76.46, "instrument_name": "BTC-30DEC22-50000-C", "index_price": 20357.9, "direction": "sell", "amount": 0.2}, {"trade_seq": 3298, "trade_id": "231143653", "timestamp": 1664926464934, "tick_direction": 3, "price": 0.0015, "mark_price": 0.00172299, "iv": 76.46, "instrument_name": "BTC-30DEC22-50000-C", "index_price": 20357.9, "direction": "sell", "amount": 0.8}, {"trade_seq": 3297, "trade_id": "231067548", "timestamp": 1664869104639, "tick_direction": 3, "price": 0.0015, "mark_price": 0.00125329, "iv": 77.63, "instrument_name": "BTC-30DEC22-50000-C", "index_price": 19924.66, "direction": "buy", "amount": 3.8}, {"trade_seq": 3296, "trade_id": "231028687", "timestamp": 1664822752517, "tick_direction": 3, "price": 0.0015, "mark_price": 0.0012463, "iv": 78.41, "instrument_name": "BTC-30DEC22-50000-C", "index_price": 19637.94, "direction": "buy", "amount": 0.1}, {"trade_seq": 3295, "trade_id": "231028685", "timestamp": 1664822752202, "tick_direction": 3, "price": 0.0015, "mark_price": 0.0012463, "iv": 78.4, "instrument_name": "BTC-30DEC22-50000-C", "index_price": 19637.0, "direction": "buy", "amount": 0.2}, {"trade_seq": 3294, "trade_id": "231028684", "timestamp": 1664822751944, "tick_direction": 3, "price": 0.0015, "mark_price": 0.00124632, "iv": 78.4, "instrument_name": "BTC-30DEC22-50000-C", "index_price": 19637.0, "direction": "buy", "amount": 0.3}, {"trade_seq": 3293, "trade_id": "231028683", "timestamp": 1664822751927, "tick_direction": 3, "price": 0.0015, "mark_price": 0.00124632, "iv": 78.4, "instrument_name": "BTC-30DEC22-50000-C", "index_price": 19637.0, "direction": "buy", "amount": 0.9}, {"trade_seq": 3292, "trade_id": "231028682", "timestamp": 1664822751447, "tick_direction": 3, "price": 0.0015, "mark_price": 0.00124632, "iv": 78.4, "instrument_name": "BTC-30DEC22-50000-C", "index_price": 19637.0, "direction": "buy", "amount": 1.4}, {"trade_seq": 3291, "trade_id": "231028681", "timestamp": 1664822750501, "tick_direction": 3, "price": 0.0015, "mark_price": 0.00124621, "iv": 78.41, "instrument_name": "BTC-30DEC22-50000-C", "index_price": 19636.88, "direction": "buy", "amount": 0.7}, {"trade_seq": 3290, "trade_id": "231028680", "timestamp": 1664822750243, "tick_direction": 3, "price": 0.0015, "mark_price": 0.00124621, "iv": 78.41, "instrument_name": "BTC-30DEC22-50000-C", "index_price": 19636.52, "direction": "buy", "amount": 0.9}, {"trade_seq": 3289, "trade_id": "231028679", "timestamp": 1664822749982, "tick_direction": 3, "price": 0.0015, "mark_price": 0.00124532, "iv": 78.41, "instrument_name": "BTC-30DEC22-50000-C", "index_price": 19636.52, "direction": "buy", "amount": 2.3}, {"trade_seq": 3288, "trade_id": "231028675", "timestamp": 1664822744602, "tick_direction": 3, "price": 0.0015, "mark_price": 0.00124549, "iv": 78.41, "instrument_name": "BTC-30DEC22-50000-C", "index_price": 19634.38, "direction": "buy", "amount": 1.2}, {"trade_seq": 3287, "trade_id": "231028674", "timestamp": 1664822742523, "tick_direction": 3, "price": 0.0015, "mark_price": 0.0012452, "iv": 78.42, "instrument_name": "BTC-30DEC22-50000-C", "index_price": 19634.15, "direction": "buy", "amount": 0.2}, {"trade_seq": 3286, "trade_id": "231025072", "timestamp": 1664819853361, "tick_direction": 2, "price": 0.0015, "mark_price": 0.00162899, "iv": 78.7, "instrument_name": "BTC-30DEC22-50000-C", "index_price": 19552.73, "direction": "sell", "amount": 6.0}, {"trade_seq": 3285, "trade_id": "230959101", "timestamp": 1664763688635, "tick_direction": 1, "price": 0.002, "mark_price": 0.00171709, "iv": 82.75, "instrument_name": "BTC-30DEC22-50000-C", "index_price": 19153.56, "direction": "buy", "amount": 8.5}, {"trade_seq": 3284, "trade_id": "230921953", "timestamp": 1664734397538, "tick_direction": 0, "price": 0.002, "mark_price": 0.00143441, "iv": 82.44, "instrument_name": "BTC-30DEC22-50000-C", "index_price": 19186.26, "direction": "buy", "amount": 2.0}, {"trade_seq": 3283, "trade_id": "230879782", "timestamp": 1664643183290, "tick_direction": 2, "price": 0.0015, "mark_price": 0.00143454, "iv": 78.84, "instrument_name": "BTC-30DEC22-50000-C", "index_price": 19271.99, "direction": "sell", "amount": 1.0}, {"trade_seq": 3282, "trade_id": "230843840", "timestamp": 1664574937452, "tick_direction": 0, "price": 0.0025, "mark_price": 0.00172219, "iv": 83.32, "instrument_name": "BTC-30DEC22-50000-C", "index_price": 19372.06, "direction": "buy", "amount": 10.0}, {"trade_seq": 3281, "trade_id": "230843839", "timestamp": 1664574937452, "tick_direction": 1, "price": 0.002, "mark_price": 0.00172219, "iv": 80.97, "instrument_name": "BTC-30DEC22-50000-C", "index_price": 19372.06, "direction": "buy", "amount": 2.0}, {"trade_seq": 3280, "trade_id": "230714710", "timestamp": 1664520923888, "tick_direction": 1, "price": 0.002, "mark_price": 0.00205029, "iv": 80.36, "instrument_name": "BTC-30DEC22-50000-C", "index_price": 19455.56, "direction": "sell", "amount": 1.0}, {"trade_seq": 3279, "trade_id": "230673450", "timestamp": 1664475520784, "tick_direction": 0, "price": 0.002, "mark_price": 0.0019356, "iv": 81.04, "instrument_name": "BTC-30DEC22-50000-C", "index_price": 19214.21, "direction": "sell", "amount": 0.5}, {"trade_seq": 3278, "trade_id": "230640193", "timestamp": 1664460068161, "tick_direction": 3, "price": 0.0015, "mark_price": 0.00190192, "iv": 79.13, "instrument_name": "BTC-30DEC22-50000-C", "index_price": 18951.82, "direction": "sell", "amount": 3.7}, {"trade_seq": 3277, "trade_id": "230640192", "timestamp": 1664460068161, "tick_direction": 3, "price": 0.0015, "mark_price": 0.00190192, "iv": 79.13, "instrument_name": "BTC-30DEC22-50000-C", "index_price": 18951.82, "direction": "sell", "amount": 12.0}, {"trade_seq": 3276, "trade_id": "230640191", "timestamp": 1664460068161, "tick_direction": 3, "price": 0.0015, "mark_price": 0.00190192, "iv": 79.13, "instrument_name": "BTC-30DEC22-50000-C", "index_price": 18951.82, "direction": "sell", "amount": 0.9}, {"trade_seq": 3275, "trade_id": "230640190", "timestamp": 1664460068161, "tick_direction": 3, "price": 0.0015, "mark_price": 0.00190192, "iv": 79.13, "instrument_name": "BTC-30DEC22-50000-C", "index_price": 18951.82, "direction": "sell", "amount": 5.4}, {"trade_seq": 3274, "trade_id": "230640189", "timestamp": 1664460068161, "tick_direction": 2, "price": 0.0015, "mark_price": 0.00190192, "iv": 79.13, "instrument_name": "BTC-30DEC22-50000-C", "index_price": 18951.82, "direction": "sell", "amount": 3.0}, {"trade_seq": 3273, "trade_id": "230614715", "timestamp": 1664440360310, "tick_direction": 3, "price": 0.002, "mark_price": 0.00205315, "iv": 80.45, "instrument_name": "BTC-30DEC22-50000-C", "index_price": 19325.86, "direction": "sell", "amount": 0.9}, {"trade_seq": 3272, "trade_id": "230610104", "timestamp": 1664436738841, "tick_direction": 2, "price": 0.002, "mark_price": 0.00207178, "iv": 80.65, "instrument_name": "BTC-30DEC22-50000-C", "index_price": 19278.33, "direction": "sell", "amount": 1.0}, {"trade_seq": 3271, "trade_id": "230598324", "timestamp": 1664425649285, "tick_direction": 1, "price": 0.0025, "mark_price": 0.00221437, "iv": 81.96, "instrument_name": "BTC-30DEC22-50000-C", "index_price": 19532.01, "direction": "buy", "amount": 24.1}, {"trade_seq": 3270, "trade_id": "230598323", "timestamp": 1664425649285, "tick_direction": 0, "price": 0.0025, "mark_price": 0.00221437, "iv": 81.96, "instrument_name": "BTC-30DEC22-50000-C", "index_price": 19532.01, "direction": "buy", "amount": 0.9}, {"trade_seq": 3269, "trade_id": "230486749", "timestamp": 1664359371601, "tick_direction": 1, "price": 0.002, "mark_price": 0.00202428, "iv": 82.14, "instrument_name": "BTC-30DEC22-50000-C", "index_price": 18748.47, "direction": "sell", "amount": 5.0}, {"trade_seq": 3268, "trade_id": "230486714", "timestamp": 1664359367652, "tick_direction": 1, "price": 0.002, "mark_price": 0.00202769, "iv": 82.14, "instrument_name": "BTC-30DEC22-50000-C", "index_price": 18749.0, "direction": "sell", "amount": 6.8}, {"trade_seq": 3267, "trade_id": "230477575", "timestamp": 1664353551769, "tick_direction": 1, "price": 0.002, "mark_price": 0.00174729, "iv": 82.06, "instrument_name": "BTC-30DEC22-50000-C", "index_price": 18762.42, "direction": "buy", "amount": 0.1}, {"trade_seq": 3266, "trade_id": "230477571", "timestamp": 1664353547708, "tick_direction": 1, "price": 0.002, "mark_price": 0.00174574, "iv": 82.06, "instrument_name": "BTC-30DEC22-50000-C", "index_price": 18762.1, "direction": "buy", "amount": 1.0}, {"trade_seq": 3265, "trade_id": "230477569", "timestamp": 1664353546981, "tick_direction": 1, "price": 0.002, "mark_price": 0.00174496, "iv": 82.06, "instrument_name": "BTC-30DEC22-50000-C", "index_price": 18762.1, "direction": "buy", "amount": 0.9}, {"trade_seq": 3264, "trade_id": "230306812", "timestamp": 1664249393936, "tick_direction": 0, "price": 0.002, "mark_price": 0.00217215, "iv": 76.42, "instrument_name": "BTC-30DEC22-50000-C", "index_price": 20208.09, "direction": "sell", "amount": 1.0}, {"trade_seq": 3263, "trade_id": "230232556", "timestamp": 1664193463580, "tick_direction": 2, "price": 0.0015, "mark_price": 0.00195243, "iv": 78.19, "instrument_name": "BTC-30DEC22-50000-C", "index_price": 18851.28, "direction": "sell", "amount": 1.0}, {"trade_seq": 3262, "trade_id": "230150753", "timestamp": 1664120627413, "tick_direction": 3, "price": 0.002, "mark_price": 0.00224518, "iv": 80.06, "instrument_name": "BTC-30DEC22-50000-C", "index_price": 18994.7, "direction": "sell", "amount": 3.0}, {"trade_seq": 3261, "trade_id": "230150752", "timestamp": 1664120627413, "tick_direction": 2, "price": 0.002, "mark_price": 0.00224518, "iv": 80.06, "instrument_name": "BTC-30DEC22-50000-C", "index_price": 18994.7, "direction": "sell", "amount": 1.0}, {"trade_seq": 3260, "trade_id": "230089728", "timestamp": 1664008962525, "tick_direction": 3, "price": 0.0025, "mark_price": 0.00233025, "iv": 81.71, "instrument_name": "BTC-30DEC22-50000-C", "index_price": 19030.81, "direction": "sell", "amount": 1.0}, {"trade_seq": 3259, "trade_id": "229922050", "timestamp": 1663857102161, "tick_direction": 2, "price": 0.0025, "mark_price": 0.00244556, "iv": 81.17, "instrument_name": "BTC-30DEC22-50000-C", "index_price": 18972.05, "direction": "sell", "amount": 7.0}, {"trade_seq": 3258, "trade_id": "229908743", "timestamp": 1663850703617, "tick_direction": 1, "price": 0.003, "mark_price": 0.00248036, "iv": 82.17, "instrument_name": "BTC-30DEC22-50000-C", "index_price": 19241.76, "direction": "buy", "amount": 4.8}, {"trade_seq": 3257, "trade_id": "229908742", "timestamp": 1663850703617, "tick_direction": 1, "price": 0.003, "mark_price": 0.00248036, "iv": 82.17, "instrument_name": "BTC-30DEC22-50000-C", "index_price": 19241.76, "direction": "buy", "amount": 0.8}, {"trade_seq": 3256, "trade_id": "229908741", "timestamp": 1663850703617, "tick_direction": 1, "price": 0.003, "mark_price": 0.00248036, "iv": 82.17, "instrument_name": "BTC-30DEC22-50000-C", "index_price": 19241.76, "direction": "buy", "amount": 1.0}, {"trade_seq": 3255, "trade_id": "229908740", "timestamp": 1663850703617, "tick_direction": 0, "price": 0.003, "mark_price": 0.00248036, "iv": 82.17, "instrument_name": "BTC-30DEC22-50000-C", "index_price": 19241.76, "direction": "buy", "amount": 3.4}, {"trade_seq": 3254, "trade_id": "229902545", "timestamp": 1663845056656, "tick_direction": 3, "price": 0.002, "mark_price": 0.0024391, "iv": 78.45, "instrument_name": "BTC-30DEC22-50000-C", "index_price": 19081.73, "direction": "sell", "amount": 2.1}, {"trade_seq": 3253, "trade_id": "229902544", "timestamp": 1663845056656, "tick_direction": 2, "price": 0.002, "mark_price": 0.0024391, "iv": 78.45, "instrument_name": "BTC-30DEC22-50000-C", "index_price": 19081.73, "direction": "sell", "amount": 0.9}, {"trade_seq": 3252, "trade_id": "229737009", "timestamp": 1663781745539, "tick_direction": 3, "price": 0.0025, "mark_price": 0.0025166, "iv": 79.16, "instrument_name": "BTC-30DEC22-50000-C", "index_price": 19433.64, "direction": "buy", "amount": 0.2}, {"trade_seq": 3251, "trade_id": "229729435", "timestamp": 1663776278762, "tick_direction": 3, "price": 0.0025, "mark_price": 0.00222784, "iv": 80.02, "instrument_name": "BTC-30DEC22-50000-C", "index_price": 19193.9, "direction": "buy", "amount": 1.0}, {"trade_seq": 3250, "trade_id": "229670347", "timestamp": 1663715855059, "tick_direction": 3, "price": 0.0025, "mark_price": 0.00234509, "iv": 81.03, "instrument_name": "BTC-30DEC22-50000-C", "index_price": 18829.09, "direction": "buy", "amount": 0.1}, {"trade_seq": 3249, "trade_id": "229670346", "timestamp": 1663715855020, "tick_direction": 3, "price": 0.0025, "mark_price": 0.00234509, "iv": 81.03, "instrument_name": "BTC-30DEC22-50000-C", "index_price": 18829.09, "direction": "buy", "amount": 0.3}, {"trade_seq": 3248, "trade_id": "229670345", "timestamp": 1663715854990, "tick_direction": 3, "price": 0.0025, "mark_price": 0.00234509, "iv": 81.03, "instrument_name": "BTC-30DEC22-50000-C", "index_price": 18829.09, "direction": "buy", "amount": 0.2}, {"trade_seq": 3247, "trade_id": "229670344", "timestamp": 1663715854836, "tick_direction": 3, "price": 0.0025, "mark_price": 0.00234509, "iv": 81.03, "instrument_name": "BTC-30DEC22-50000-C", "index_price": 18829.09, "direction": "buy", "amount": 0.3}, {"trade_seq": 3246, "trade_id": "229670343", "timestamp": 1663715854827, "tick_direction": 3, "price": 0.0025, "mark_price": 0.00234509, "iv": 81.03, "instrument_name": "BTC-30DEC22-50000-C", "index_price": 18829.09, "direction": "buy", "amount": 0.5}, {"trade_seq": 3245, "trade_id": "229670342", "timestamp": 1663715854809, "tick_direction": 3, "price": 0.0025, "mark_price": 0.00234509, "iv": 81.03, "instrument_name": "BTC-30DEC22-50000-C", "index_price": 18829.09, "direction": "buy", "amount": 1.1}, {"trade_seq": 3244, "trade_id": "229670341", "timestamp": 1663715854308, "tick_direction": 3, "price": 0.0025, "mark_price": 0.00234532, "iv": 81.03, "instrument_name": "BTC-30DEC22-50000-C", "index_price": 18827.68, "direction": "buy", "amount": 0.1}, {"trade_seq": 3243, "trade_id": "229506202", "timestamp": 1663588842559, "tick_direction": 3, "price": 0.0025, "mark_price": 0.00273778, "iv": 81.04, "instrument_name": "BTC-30DEC22-50000-C", "index_price": 18680.24, "direction": "sell", "amount": 0.4}, {"trade_seq": 3242, "trade_id": "229506201", "timestamp": 1663588842559, "tick_direction": 2, "price": 0.0025, "mark_price": 0.00273778, "iv": 81.04, "instrument_name": "BTC-30DEC22-50000-C", "index_price": 18680.24, "direction": "sell", "amount": 0.1}, {"trade_seq": 3241, "trade_id": "229392387", "timestamp": 1663487309593, "tick_direction": 2, "price": 0.003, "mark_price": 0.00284256, "iv": 77.6, "instrument_name": "BTC-30DEC22-50000-C", "index_price": 20066.64, "direction": "sell", "amount": 0.5}, {"trade_seq": 3240, "trade_id": "229298485", "timestamp": 1663318474996, "tick_direction": 2, "price": 0.0035, "mark_price": 0.0035162, "iv": 79.88, "instrument_name": "BTC-30DEC22-50000-C", "index_price": 19675.03, "direction": "sell", "amount": 0.3}, {"trade_seq": 3239, "trade_id": "229210279", "timestamp": 1663224315653, "tick_direction": 2, "price": 0.0045, "mark_price": 0.00457818, "iv": 80.65, "instrument_name": "BTC-30DEC22-50000-C", "index_price": 20160.22, "direction": "buy", "amount": 0.1}, {"trade_seq": 3238, "trade_id": "229182908", "timestamp": 1663186679861, "tick_direction": 2, "price": 0.005, "mark_price": 0.00447691, "iv": 82.57, "instrument_name": "BTC-30DEC22-50000-C", "index_price": 19948.11, "direction": "buy", "amount": 0.1}, {"trade_seq": 3237, "trade_id": "229121976", "timestamp": 1663127394927, "tick_direction": 3, "price": 0.0055, "mark_price": 0.00497517, "iv": 82.11, "instrument_name": "BTC-30DEC22-50000-C", "index_price": 20346.2, "direction": "buy", "amount": 1.0}, {"trade_seq": 3236, "trade_id": "229073049", "timestamp": 1663089959012, "tick_direction": 2, "price": 0.0055, "mark_price": 0.00601206, "iv": 80.29, "instrument_name": "BTC-30DEC22-50000-C", "index_price": 20818.31, "direction": "sell", "amount": 7.2}, {"trade_seq": 3235, "trade_id": "229008264", "timestamp": 1663072925179, "tick_direction": 2, "price": 0.0075, "mark_price": 0.00754502, "iv": 80.88, "instrument_name": "BTC-30DEC22-50000-C", "index_price": 21776.74, "direction": "sell", "amount": 1.0}, {"trade_seq": 3234, "trade_id": "228921371", "timestamp": 1663008884758, "tick_direction": 1, "price": 0.008, "mark_price": 0.00781537, "iv": 79.36, "instrument_name": "BTC-30DEC22-50000-C", "index_price": 22395.93, "direction": "buy", "amount": 1.0}, {"trade_seq": 3233, "trade_id": "228918883", "timestamp": 1663007759367, "tick_direction": 1, "price": 0.008, "mark_price": 0.00757204, "iv": 79.76, "instrument_name": "BTC-30DEC22-50000-C", "index_price": 22287.74, "direction": "buy", "amount": 0.1}, {"trade_seq": 3232, "trade_id": "228918452", "timestamp": 1663007208513, "tick_direction": 0, "price": 0.008, "mark_price": 0.00745651, "iv": 79.68, "instrument_name": "BTC-30DEC22-50000-C", "index_price": 22312.4, "direction": "buy", "amount": 0.3}, {"trade_seq": 3231, "trade_id": "228873226", "timestamp": 1662969804630, "tick_direction": 2, "price": 0.0075, "mark_price": 0.00761978, "iv": 79.06, "instrument_name": "BTC-30DEC22-50000-C", "index_price": 22195.48, "direction": "sell", "amount": 2.5}, {"trade_seq": 3230, "trade_id": "228844470", "timestamp": 1662947117706, "tick_direction": 0, "price": 0.008, "mark_price": 0.0083745, "iv": 79.85, "instrument_name": "BTC-30DEC22-50000-C", "index_price": 22201.49, "direction": "buy", "amount": 0.1}, {"trade_seq": 3229, "trade_id": "228809032", "timestamp": 1662892597038, "tick_direction": 0, "price": 0.007, "mark_price": 0.00800382, "iv": 79.58, "instrument_name": "BTC-30DEC22-50000-C", "index_price": 21675.0, "direction": "sell", "amount": 0.1}, {"trade_seq": 3228, "trade_id": "228793899", "timestamp": 1662859849991, "tick_direction": 3, "price": 0.0065, "mark_price": 0.00718225, "iv": 78.84, "instrument_name": "BTC-30DEC22-50000-C", "index_price": 21566.17, "direction": "sell", "amount": 0.1}, {"trade_seq": 3227, "trade_id": "228769931", "timestamp": 1662829468469, "tick_direction": 3, "price": 0.0065, "mark_price": 0.00794676, "iv": 79.3, "instrument_name": "BTC-30DEC22-50000-C", "index_price": 21383.88, "direction": "sell", "amount": 0.1}, {"trade_seq": 3226, "trade_id": "228767295", "timestamp": 1662824076236, "tick_direction": 2, "price": 0.0065, "mark_price": 0.00831555, "iv": 79.59, "instrument_name": "BTC-30DEC22-50000-C", "index_price": 21282.36, "direction": "sell", "amount": 0.1}, {"trade_seq": 3225, "trade_id": "228713190", "timestamp": 1662745903678, "tick_direction": 1, "price": 0.006, "mark_price": 0.00600928, "iv": 78.42, "instrument_name": "BTC-30DEC22-50000-C", "index_price": 21257.01, "direction": "sell", "amount": 0.1}, {"trade_seq": 3224, "trade_id": "228713110", "timestamp": 1662745764996, "tick_direction": 1, "price": 0.006, "mark_price": 0.00592657, "iv": 78.37, "instrument_name": "BTC-30DEC22-50000-C", "index_price": 21267.38, "direction": "buy", "amount": 0.3}, {"trade_seq": 3223, "trade_id": "228693045", "timestamp": 1662732292666, "tick_direction": 0, "price": 0.006, "mark_price": 0.00610766, "iv": 78.99, "instrument_name": "BTC-30DEC22-50000-C", "index_price": 21062.42, "direction": "sell", "amount": 1.0}, {"trade_seq": 3222, "trade_id": "228540863", "timestamp": 1662639736099, "tick_direction": 1, "price": 0.005, "mark_price": 0.00457949, "iv": 82.64, "instrument_name": "BTC-30DEC22-50000-C", "index_price": 19256.0, "direction": "sell", "amount": 15.0}, {"trade_seq": 3221, "trade_id": "228540743", "timestamp": 1662639641790, "tick_direction": 1, "price": 0.005, "mark_price": 0.00449666, "iv": 82.64, "instrument_name": "BTC-30DEC22-50000-C", "index_price": 19251.99, "direction": "sell", "amount": 11.2}, {"trade_seq": 3220, "trade_id": "228540742", "timestamp": 1662639641785, "tick_direction": 1, "price": 0.005, "mark_price": 0.00449666, "iv": 82.64, "instrument_name": "BTC-30DEC22-50000-C", "index_price": 19251.99, "direction": "buy", "amount": 3.7}, {"trade_seq": 3219, "trade_id": "228540741", "timestamp": 1662639641785, "tick_direction": 0, "price": 0.005, "mark_price": 0.00449666, "iv": 82.64, "instrument_name": "BTC-30DEC22-50000-C", "index_price": 19251.99, "direction": "buy", "amount": 0.1}, {"trade_seq": 3218, "trade_id": "228525332", "timestamp": 1662620585125, "tick_direction": 0, "price": 0.0045, "mark_price": 0.00445449, "iv": 81.29, "instrument_name": "BTC-30DEC22-50000-C", "index_price": 19239.78, "direction": "buy", "amount": 0.2}, {"trade_seq": 3217, "trade_id": "228520706", "timestamp": 1662608635105, "tick_direction": 2, "price": 0.004, "mark_price": 0.00446199, "iv": 79.95, "instrument_name": "BTC-30DEC22-50000-C", "index_price": 19226.23, "direction": "sell", "amount": 5.0}, {"trade_seq": 3216, "trade_id": "228510277", "timestamp": 1662585163877, "tick_direction": 2, "price": 0.0043, "mark_price": 0.00469526, "iv": 80.06, "instrument_name": "BTC-30DEC22-50000-C", "index_price": 19408.55, "direction": "sell", "combo_id": "BTC-CS-30DEC22-40000_50000", "block_trade_id": "48649", "amount": 90.0}, {"trade_seq": 3215, "trade_id": "228470455", "timestamp": 1662538945988, "tick_direction": 3, "price": 0.0045, "mark_price": 0.00470997, "iv": 82.63, "instrument_name": "BTC-30DEC22-50000-C", "index_price": 18778.27, "direction": "sell", "amount": 1.0}, {"trade_seq": 3214, "trade_id": "228470451", "timestamp": 1662538944757, "tick_direction": 3, "price": 0.0045, "mark_price": 0.00471027, "iv": 82.64, "instrument_name": "BTC-30DEC22-50000-C", "index_price": 18778.15, "direction": "sell", "amount": 2.5}, {"trade_seq": 3213, "trade_id": "228470448", "timestamp": 1662538940941, "tick_direction": 3, "price": 0.0045, "mark_price": 0.00470912, "iv": 82.64, "instrument_name": "BTC-30DEC22-50000-C", "index_price": 18778.03, "direction": "sell", "amount": 2.5}, {"trade_seq": 3212, "trade_id": "228470437", "timestamp": 1662538939374, "tick_direction": 3, "price": 0.0045, "mark_price": 0.00470685, "iv": 82.64, "instrument_name": "BTC-30DEC22-50000-C", "index_price": 18776.7, "direction": "sell", "amount": 2.5}, {"trade_seq": 3211, "trade_id": "228470344", "timestamp": 1662538848240, "tick_direction": 3, "price": 0.0045, "mark_price": 0.00472505, "iv": 82.59, "instrument_name": "BTC-30DEC22-50000-C", "index_price": 18791.42, "direction": "sell", "amount": 2.5}, {"trade_seq": 3210, "trade_id": "228445462", "timestamp": 1662508672674, "tick_direction": 3, "price": 0.0045, "mark_price": 0.00470244, "iv": 82.43, "instrument_name": "BTC-30DEC22-50000-C", "index_price": 18812.11, "direction": "sell", "amount": 0.2}, {"trade_seq": 3209, "trade_id": "228445461", "timestamp": 1662508672674, "tick_direction": 3, "price": 0.0045, "mark_price": 0.00470244, "iv": 82.43, "instrument_name": "BTC-30DEC22-50000-C", "index_price": 18812.11, "direction": "sell", "amount": 8.3}, {"trade_seq": 3208, "trade_id": "228429106", "timestamp": 1662493892013, "tick_direction": 3, "price": 0.0045, "mark_price": 0.00473335, "iv": 82.18, "instrument_name": "BTC-30DEC22-50000-C", "index_price": 18852.92, "direction": "sell", "amount": 2.5}, {"trade_seq": 3207, "trade_id": "228428931", "timestamp": 1662493781712, "tick_direction": 3, "price": 0.0045, "mark_price": 0.00474587, "iv": 82.14, "instrument_name": "BTC-30DEC22-50000-C", "index_price": 18865.72, "direction": "sell", "amount": 2.5}, {"trade_seq": 3206, "trade_id": "228428174", "timestamp": 1662493519078, "tick_direction": 3, "price": 0.0045, "mark_price": 0.00471598, "iv": 82.21, "instrument_name": "BTC-30DEC22-50000-C", "index_price": 18846.83, "direction": "sell", "amount": 0.7}, {"trade_seq": 3205, "trade_id": "228428173", "timestamp": 1662493519078, "tick_direction": 3, "price": 0.0045, "mark_price": 0.00471598, "iv": 82.21, "instrument_name": "BTC-30DEC22-50000-C", "index_price": 18846.83, "direction": "sell", "amount": 1.8}, {"trade_seq": 3204, "trade_id": "228422019", "timestamp": 1662492621396, "tick_direction": 3, "price": 0.0045, "mark_price": 0.00464288, "iv": 82.05, "instrument_name": "BTC-30DEC22-50000-C", "index_price": 18886.61, "direction": "sell", "amount": 2.5}, {"trade_seq": 3203, "trade_id": "228420901", "timestamp": 1662492245876, "tick_direction": 3, "price": 0.0045, "mark_price": 0.00471225, "iv": 81.81, "instrument_name": "BTC-30DEC22-50000-C", "index_price": 18950.29, "direction": "sell", "amount": 2.5}, {"trade_seq": 3202, "trade_id": "228418388", "timestamp": 1662490496860, "tick_direction": 3, "price": 0.0045, "mark_price": 0.00474584, "iv": 81.68, "instrument_name": "BTC-30DEC22-50000-C", "index_price": 18989.52, "direction": "sell", "amount": 2.5}, {"trade_seq": 3201, "trade_id": "228418312", "timestamp": 1662490454686, "tick_direction": 3, "price": 0.0045, "mark_price": 0.00471764, "iv": 81.75, "instrument_name": "BTC-30DEC22-50000-C", "index_price": 18969.88, "direction": "sell", "amount": 2.5}, {"trade_seq": 3200, "trade_id": "228418296", "timestamp": 1662490442974, "tick_direction": 3, "price": 0.0045, "mark_price": 0.00470819, "iv": 81.77, "instrument_name": "BTC-30DEC22-50000-C", "index_price": 18963.4, "direction": "sell", "amount": 2.5}, {"trade_seq": 3199, "trade_id": "228318772", "timestamp": 1662449687125, "tick_direction": 3, "price": 0.0045, "mark_price": 0.00473766, "iv": 78.3, "instrument_name": "BTC-30DEC22-50000-C", "index_price": 19901.17, "direction": "sell", "amount": 0.2}, {"trade_seq": 3198, "trade_id": "228260450", "timestamp": 1662374666273, "tick_direction": 2, "price": 0.0045, "mark_price": 0.00468015, "iv": 78.83, "instrument_name": "BTC-30DEC22-50000-C", "index_price": 19675.09, "direction": "sell", "amount": 0.5}, {"trade_seq": 3197, "trade_id": "228171560", "timestamp": 1662154995424, "tick_direction": 3, "price": 0.005, "mark_price": 0.00489854, "iv": 78.18, "instrument_name": "BTC-30DEC22-50000-C", "index_price": 19981.59, "direction": "buy", "amount": 0.1}, {"trade_seq": 3196, "trade_id": "228171559", "timestamp": 1662154992115, "tick_direction": 3, "price": 0.005, "mark_price": 0.00489729, "iv": 78.19, "instrument_name": "BTC-30DEC22-50000-C", "index_price": 19980.73, "direction": "buy", "amount": 0.1}, {"trade_seq": 3195, "trade_id": "228171558", "timestamp": 1662154990129, "tick_direction": 3, "price": 0.005, "mark_price": 0.00489648, "iv": 78.19, "instrument_name": "BTC-30DEC22-50000-C", "index_price": 19980.19, "direction": "buy", "amount": 0.1}, {"trade_seq": 3194, "trade_id": "228114363", "timestamp": 1662121763263, "tick_direction": 2, "price": 0.005, "mark_price": 0.00498764, "iv": 77.66, "instrument_name": "BTC-30DEC22-50000-C", "index_price": 20107.07, "direction": "buy", "amount": 0.1}, {"trade_seq": 3193, "trade_id": "228029106", "timestamp": 1662035139502, "tick_direction": 3, "price": 0.006, "mark_price": 0.00610769, "iv": 80.02, "instrument_name": "BTC-30DEC22-50000-C", "index_price": 19960.38, "direction": "buy", "amount": 0.1}, {"trade_seq": 3192, "trade_id": "227883918", "timestamp": 1661875657118, "tick_direction": 2, "price": 0.006, "mark_price": 0.00611733, "iv": 80.01, "instrument_name": "BTC-30DEC22-50000-C", "index_price": 19799.54, "direction": "buy", "amount": 0.1}, {"trade_seq": 3191, "trade_id": "227849635", "timestamp": 1661854744811, "tick_direction": 1, "price": 0.0065, "mark_price": 0.00599548, "iv": 78.69, "instrument_name": "BTC-30DEC22-50000-C", "index_price": 20445.2, "direction": "sell", "amount": 0.1}, {"trade_seq": 3190, "trade_id": "227849634", "timestamp": 1661854744807, "tick_direction": 0, "price": 0.0065, "mark_price": 0.00599548, "iv": 78.69, "instrument_name": "BTC-30DEC22-50000-C", "index_price": 20445.2, "direction": "buy", "amount": 3.9}, {"trade_seq": 3189, "trade_id": "227820803", "timestamp": 1661809392688, "tick_direction": 2, "price": 0.006, "mark_price": 0.0060573, "iv": 78.53, "instrument_name": "BTC-30DEC22-50000-C", "index_price": 20156.78, "direction": "buy", "amount": 0.4}, {"trade_seq": 3188, "trade_id": "227816145", "timestamp": 1661800496738, "tick_direction": 0, "price": 0.0065, "mark_price": 0.00634924, "iv": 79.43, "instrument_name": "BTC-30DEC22-50000-C", "index_price": 20167.7, "direction": "sell", "amount": 0.5}, {"trade_seq": 3187, "trade_id": "227785510", "timestamp": 1661777529213, "tick_direction": 2, "price": 0.006, "mark_price": 0.00649088, "iv": 79.17, "instrument_name": "BTC-30DEC22-50000-C", "index_price": 19929.17, "direction": "sell", "amount": 0.1}, {"trade_seq": 3186, "trade_id": "227772171", "timestamp": 1661759401248, "tick_direction": 1, "price": 0.0075, "mark_price": 0.00726818, "iv": 82.16, "instrument_name": "BTC-30DEC22-50000-C", "index_price": 19881.91, "direction": "sell", "amount": 17.7}, {"trade_seq": 3185, "trade_id": "227772170", "timestamp": 1661759401232, "tick_direction": 1, "price": 0.0075, "mark_price": 0.00726818, "iv": 82.16, "instrument_name": "BTC-30DEC22-50000-C", "index_price": 19881.91, "direction": "buy", "amount": 12.3}, {"trade_seq": 3184, "trade_id": "227772137", "timestamp": 1661759347281, "tick_direction": 1, "price": 0.0075, "mark_price": 0.00723481, "iv": 82.22, "instrument_name": "BTC-30DEC22-50000-C", "index_price": 19867.83, "direction": "sell", "amount": 7.6}, {"trade_seq": 3183, "trade_id": "227772136", "timestamp": 1661759347274, "tick_direction": 1, "price": 0.0075, "mark_price": 0.00723481, "iv": 82.22, "instrument_name": "BTC-30DEC22-50000-C", "index_price": 19867.83, "direction": "buy", "amount": 12.4}, {"trade_seq": 3182, "trade_id": "227768643", "timestamp": 1661754271128, "tick_direction": 1, "price": 0.0075, "mark_price": 0.00729254, "iv": 82.33, "instrument_name": "BTC-30DEC22-50000-C", "index_price": 19826.82, "direction": "buy", "amount": 10.0}, {"trade_seq": 3181, "trade_id": "227768629", "timestamp": 1661754225246, "tick_direction": 1, "price": 0.0075, "mark_price": 0.00729209, "iv": 82.33, "instrument_name": "BTC-30DEC22-50000-C", "index_price": 19826.91, "direction": "sell", "amount": 6.8}, {"trade_seq": 3180, "trade_id": "227768628", "timestamp": 1661754225212, "tick_direction": 1, "price": 0.0075, "mark_price": 0.00729209, "iv": 82.33, "instrument_name": "BTC-30DEC22-50000-C", "index_price": 19826.91, "direction": "sell", "amount": 1.3}, {"trade_seq": 3179, "trade_id": "227768627", "timestamp": 1661754225207, "tick_direction": 1, "price": 0.0075, "mark_price": 0.00729209, "iv": 82.33, "instrument_name": "BTC-30DEC22-50000-C", "index_price": 19826.91, "direction": "buy", "amount": 11.9}, {"trade_seq": 3178, "trade_id": "227768616", "timestamp": 1661754173328, "tick_direction": 1, "price": 0.0075, "mark_price": 0.00729143, "iv": 82.34, "instrument_name": "BTC-30DEC22-50000-C", "index_price": 19824.9, "direction": "sell", "amount": 8.2}, {"trade_seq": 3177, "trade_id": "227768615", "timestamp": 1661754173324, "tick_direction": 0, "price": 0.0075, "mark_price": 0.00729143, "iv": 82.34, "instrument_name": "BTC-30DEC22-50000-C", "index_price": 19824.9, "direction": "buy", "amount": 11.8}, {"trade_seq": 3176, "trade_id": "227696123", "timestamp": 1661623692308, "tick_direction": 2, "price": 0.007, "mark_price": 0.00655492, "iv": 80.4, "instrument_name": "BTC-30DEC22-50000-C", "index_price": 19984.19, "direction": "buy", "amount": 0.1}, {"trade_seq": 3175, "trade_id": "227592200", "timestamp": 1661529841064, "tick_direction": 0, "price": 0.008, "mark_price": 0.00747763, "iv": 79.18, "instrument_name": "BTC-30DEC22-50000-C", "index_price": 20764.34, "direction": "buy", "amount": 2.0}, {"trade_seq": 3174, "trade_id": "227588341", "timestamp": 1661527991034, "tick_direction": 2, "price": 0.007, "mark_price": 0.00757228, "iv": 77.16, "instrument_name": "BTC-30DEC22-50000-C", "index_price": 20844.94, "direction": "sell", "amount": 0.1}, {"trade_seq": 3173, "trade_id": "227506992", "timestamp": 1661503918086, "tick_direction": 3, "price": 0.009, "mark_price": 0.00855118, "iv": 78.36, "instrument_name": "BTC-30DEC22-50000-C", "index_price": 21437.45, "direction": "sell", "amount": 5.0}, {"trade_seq": 3172, "trade_id": "227506978", "timestamp": 1661503902389, "tick_direction": 3, "price": 0.009, "mark_price": 0.00853737, "iv": 78.37, "instrument_name": "BTC-30DEC22-50000-C", "index_price": 21435.46, "direction": "buy", "amount": 1.3}, {"trade_seq": 3171, "trade_id": "227506977", "timestamp": 1661503902389, "tick_direction": 2, "price": 0.009, "mark_price": 0.00853737, "iv": 78.37, "instrument_name": "BTC-30DEC22-50000-C", "index_price": 21435.46, "direction": "buy", "amount": 4.7}, {"trade_seq": 3170, "trade_id": "227485433", "timestamp": 1661478343587, "tick_direction": 0, "price": 0.0095, "mark_price": 0.00929852, "iv": 78.76, "instrument_name": "BTC-30DEC22-50000-C", "index_price": 21532.92, "direction": "sell", "amount": 0.3}, {"trade_seq": 3169, "trade_id": "227447255", "timestamp": 1661436595428, "tick_direction": 0, "price": 0.009, "mark_price": 0.00946778, "iv": 77.4, "instrument_name": "BTC-30DEC22-50000-C", "index_price": 21676.79, "direction": "buy", "amount": 1.1}, {"trade_seq": 3168, "trade_id": "227447253", "timestamp": 1661436581810, "tick_direction": 2, "price": 0.0085, "mark_price": 0.00947317, "iv": 76.62, "instrument_name": "BTC-30DEC22-50000-C", "index_price": 21676.34, "direction": "sell", "amount": 5.0}, {"trade_seq": 3167, "trade_id": "227447249", "timestamp": 1661436574560, "tick_direction": 3, "price": 0.009, "mark_price": 0.00947374, "iv": 77.41, "instrument_name": "BTC-30DEC22-50000-C", "index_price": 21675.77, "direction": "sell", "amount": 4.0}, {"trade_seq": 3166, "trade_id": "227447248", "timestamp": 1661436574560, "tick_direction": 2, "price": 0.009, "mark_price": 0.00947374, "iv": 77.41, "instrument_name": "BTC-30DEC22-50000-C", "index_price": 21675.77, "direction": "sell", "amount": 4.9}, {"trade_seq": 3165, "trade_id": "227409435", "timestamp": 1661378371410, "tick_direction": 2, "price": 0.01, "mark_price": 0.0096128, "iv": 78.99, "instrument_name": "BTC-30DEC22-50000-C", "index_price": 21575.68, "direction": "sell", "amount": 0.2}, {"trade_seq": 3164, "trade_id": "227399650", "timestamp": 1661359304477, "tick_direction": 0, "price": 0.0105, "mark_price": 0.01000627, "iv": 79.2, "instrument_name": "BTC-30DEC22-50000-C", "index_price": 21707.95, "direction": "buy", "amount": 1.0}, {"trade_seq": 3163, "trade_id": "227369112", "timestamp": 1661324591510, "tick_direction": 2, "price": 0.0101, "mark_price": 0.0100623, "iv": 79.37, "instrument_name": "BTC-30DEC22-50000-C", "index_price": 21445.29, "direction": "buy", "block_trade_id": "47763", "amount": 200.0}, {"trade_seq": 3162, "trade_id": "227291174", "timestamp": 1661230014864, "tick_direction": 2, "price": 0.0105, "mark_price": 0.0110125, "iv": 80.03, "instrument_name": "BTC-30DEC22-50000-C", "index_price": 21303.53, "direction": "sell", "amount": 0.1}, {"trade_seq": 3161, "trade_id": "227256889", "timestamp": 1661184177256, "tick_direction": 0, "price": 0.0125, "mark_price": 0.01181666, "iv": 82.03, "instrument_name": "BTC-30DEC22-50000-C", "index_price": 21443.72, "direction": "buy", "amount": 0.1}, {"trade_seq": 3160, "trade_id": "227220233", "timestamp": 1661152293932, "tick_direction": 2, "price": 0.0105, "mark_price": 0.01091127, "iv": 79.63, "instrument_name": "BTC-30DEC22-50000-C", "index_price": 21315.43, "direction": "buy", "amount": 2.0}, {"trade_seq": 3159, "trade_id": "227219924", "timestamp": 1661152027140, "tick_direction": 0, "price": 0.011, "mark_price": 0.01102035, "iv": 80.18, "instrument_name": "BTC-30DEC22-50000-C", "index_price": 21361.66, "direction": "buy", "amount": 3.0}, {"trade_seq": 3158, "trade_id": "227162411", "timestamp": 1661051176691, "tick_direction": 2, "price": 0.0105, "mark_price": 0.01063835, "iv": 79.56, "instrument_name": "BTC-30DEC22-50000-C", "index_price": 21236.09, "direction": "buy", "amount": 1.0}, {"trade_seq": 3157, "trade_id": "227096585", "timestamp": 1660960795460, "tick_direction": 1, "price": 0.0115, "mark_price": 0.01100172, "iv": 81.4, "instrument_name": "BTC-30DEC22-50000-C", "index_price": 20999.53, "direction": "sell", "amount": 10.9}, {"trade_seq": 3156, "trade_id": "227096584", "timestamp": 1660960795457, "tick_direction": 0, "price": 0.0115, "mark_price": 0.01100172, "iv": 81.4, "instrument_name": "BTC-30DEC22-50000-C", "index_price": 20999.53, "direction": "buy", "amount": 4.1}, {"trade_seq": 3155, "trade_id": "227000882", "timestamp": 1660905636723, "tick_direction": 3, "price": 0.0105, "mark_price": 0.01051761, "iv": 77.58, "instrument_name": "BTC-30DEC22-50000-C", "index_price": 21724.59, "direction": "buy", "amount": 4.0}, {"trade_seq": 3154, "trade_id": "227000881", "timestamp": 1660905636723, "tick_direction": 3, "price": 0.0105, "mark_price": 0.01051761, "iv": 77.58, "instrument_name": "BTC-30DEC22-50000-C", "index_price": 21724.59, "direction": "buy", "amount": 1.0}, {"trade_seq": 3153, "trade_id": "226981719", "timestamp": 1660898693083, "tick_direction": 3, "price": 0.0105, "mark_price": 0.01184777, "iv": 77.24, "instrument_name": "BTC-30DEC22-50000-C", "index_price": 21834.34, "direction": "sell", "amount": 21.3}, {"trade_seq": 3152, "trade_id": "226981718", "timestamp": 1660898693083, "tick_direction": 2, "price": 0.0105, "mark_price": 0.01184777, "iv": 77.24, "instrument_name": "BTC-30DEC22-50000-C", "index_price": 21834.34, "direction": "sell", "amount": 3.7}, {"trade_seq": 3151, "trade_id": "226978259", "timestamp": 1660897915730, "tick_direction": 2, "price": 0.011, "mark_price": 0.01197811, "iv": 78.26, "instrument_name": "BTC-30DEC22-50000-C", "index_price": 21720.17, "direction": "sell", "amount": 6.0}, {"trade_seq": 3150, "trade_id": "226925794", "timestamp": 1660890719021, "tick_direction": 2, "price": 0.013, "mark_price": 0.0126932, "iv": 77.76, "instrument_name": "BTC-30DEC22-50000-C", "index_price": 22610.37, "direction": "sell", "amount": 1.9}, {"trade_seq": 3149, "trade_id": "226923703", "timestamp": 1660890277916, "tick_direction": 3, "price": 0.0135, "mark_price": 0.0131688, "iv": 77.88, "instrument_name": "BTC-30DEC22-50000-C", "index_price": 22747.58, "direction": "buy", "amount": 0.4}, {"trade_seq": 3148, "trade_id": "226923702", "timestamp": 1660890277916, "tick_direction": 2, "price": 0.0135, "mark_price": 0.0131688, "iv": 77.88, "instrument_name": "BTC-30DEC22-50000-C", "index_price": 22747.58, "direction": "buy", "amount": 0.1}, {"trade_seq": 3147, "trade_id": "226902750", "timestamp": 1660867769829, "tick_direction": 3, "price": 0.0145, "mark_price": 0.01441249, "iv": 77.84, "instrument_name": "BTC-30DEC22-50000-C", "index_price": 23078.58, "direction": "sell", "amount": 0.1}, {"trade_seq": 3146, "trade_id": "226902747", "timestamp": 1660867769469, "tick_direction": 2, "price": 0.0145, "mark_price": 0.01441249, "iv": 77.84, "instrument_name": "BTC-30DEC22-50000-C", "index_price": 23078.58, "direction": "sell", "amount": 0.1}, {"trade_seq": 3145, "trade_id": "226891675", "timestamp": 1660852218204, "tick_direction": 3, "price": 0.015, "mark_price": 0.01486378, "iv": 77.32, "instrument_name": "BTC-30DEC22-50000-C", "index_price": 23384.6, "direction": "sell", "amount": 0.2}, {"trade_seq": 3144, "trade_id": "226868143", "timestamp": 1660830062440, "tick_direction": 2, "price": 0.015, "mark_price": 0.01497381, "iv": 76.88, "instrument_name": "BTC-30DEC22-50000-C", "index_price": 23494.8, "direction": "buy", "amount": 0.1}, {"trade_seq": 3143, "trade_id": "226810549", "timestamp": 1660762401303, "tick_direction": 2, "price": 0.0157, "mark_price": 0.01569246, "iv": 77.21, "instrument_name": "BTC-30DEC22-50000-C", "index_price": 23530.34, "direction": "sell", "block_trade_id": "47341", "amount": 105.0}, {"trade_seq": 3142, "trade_id": "226809754", "timestamp": 1660761541531, "tick_direction": 0, "price": 0.016, "mark_price": 0.01598663, "iv": 77.24, "instrument_name": "BTC-30DEC22-50000-C", "index_price": 23615.16, "direction": "sell", "amount": 1.0}, {"trade_seq": 3141, "trade_id": "226796982", "timestamp": 1660753262266, "tick_direction": 3, "price": 0.0155, "mark_price": 0.0157054, "iv": 77.52, "instrument_name": "BTC-30DEC22-50000-C", "index_price": 23362.11, "direction": "sell", "amount": 0.1}, {"trade_seq": 3140, "trade_id": "226796981", "timestamp": 1660753262256, "tick_direction": 3, "price": 0.0155, "mark_price": 0.0157054, "iv": 77.52, "instrument_name": "BTC-30DEC22-50000-C", "index_price": 23362.11, "direction": "sell", "amount": 0.1}, {"trade_seq": 3139, "trade_id": "226796980", "timestamp": 1660753262242, "tick_direction": 3, "price": 0.0155, "mark_price": 0.0157054, "iv": 77.52, "instrument_name": "BTC-30DEC22-50000-C", "index_price": 23362.11, "direction": "sell", "amount": 0.1}, {"trade_seq": 3138, "trade_id": "226796979", "timestamp": 1660753262226, "tick_direction": 3, "price": 0.0155, "mark_price": 0.0157054, "iv": 77.52, "instrument_name": "BTC-30DEC22-50000-C", "index_price": 23362.11, "direction": "sell", "amount": 0.1}, {"trade_seq": 3137, "trade_id": "226796978", "timestamp": 1660753262208, "tick_direction": 3, "price": 0.0155, "mark_price": 0.0157054, "iv": 77.52, "instrument_name": "BTC-30DEC22-50000-C", "index_price": 23362.11, "direction": "sell", "amount": 0.2}, {"trade_seq": 3136, "trade_id": "226796977", "timestamp": 1660753262195, "tick_direction": 3, "price": 0.0155, "mark_price": 0.0157054, "iv": 77.52, "instrument_name": "BTC-30DEC22-50000-C", "index_price": 23362.11, "direction": "sell", "amount": 0.2}, {"trade_seq": 3135, "trade_id": "226796976", "timestamp": 1660753262175, "tick_direction": 3, "price": 0.0155, "mark_price": 0.0157054, "iv": 77.52, "instrument_name": "BTC-30DEC22-50000-C", "index_price": 23362.11, "direction": "sell", "amount": 0.3}, {"trade_seq": 3134, "trade_id": "226796975", "timestamp": 1660753262159, "tick_direction": 3, "price": 0.0155, "mark_price": 0.0157054, "iv": 77.52, "instrument_name": "BTC-30DEC22-50000-C", "index_price": 23362.11, "direction": "sell", "amount": 0.4}, {"trade_seq": 3133, "trade_id": "226796974", "timestamp": 1660753262145, "tick_direction": 3, "price": 0.0155, "mark_price": 0.0157054, "iv": 77.52, "instrument_name": "BTC-30DEC22-50000-C", "index_price": 23362.11, "direction": "sell", "amount": 0.6}, {"trade_seq": 3132, "trade_id": "226796739", "timestamp": 1660753058979, "tick_direction": 3, "price": 0.0155, "mark_price": 0.01566207, "iv": 77.58, "instrument_name": "BTC-30DEC22-50000-C", "index_price": 23343.75, "direction": "sell", "amount": 1.2}, {"trade_seq": 3131, "trade_id": "226795880", "timestamp": 1660752458907, "tick_direction": 3, "price": 0.0155, "mark_price": 0.01584476, "iv": 77.41, "instrument_name": "BTC-30DEC22-50000-C", "index_price": 23392.88, "direction": "sell", "amount": 0.1}, {"trade_seq": 3130, "trade_id": "226795879", "timestamp": 1660752458900, "tick_direction": 3, "price": 0.0155, "mark_price": 0.01584476, "iv": 77.41, "instrument_name": "BTC-30DEC22-50000-C", "index_price": 23392.88, "direction": "sell", "amount": 0.1}, {"trade_seq": 3129, "trade_id": "226795878", "timestamp": 1660752458890, "tick_direction": 3, "price": 0.0155, "mark_price": 0.01584476, "iv": 77.41, "instrument_name": "BTC-30DEC22-50000-C", "index_price": 23392.88, "direction": "sell", "amount": 0.1}, {"trade_seq": 3128, "trade_id": "226795877", "timestamp": 1660752458882, "tick_direction": 3, "price": 0.0155, "mark_price": 0.01584476, "iv": 77.41, "instrument_name": "BTC-30DEC22-50000-C", "index_price": 23392.88, "direction": "sell", "amount": 0.1}, {"trade_seq": 3127, "trade_id": "226795876", "timestamp": 1660752458869, "tick_direction": 3, "price": 0.0155, "mark_price": 0.01584476, "iv": 77.41, "instrument_name": "BTC-30DEC22-50000-C", "index_price": 23392.88, "direction": "sell", "amount": 0.2}, {"trade_seq": 3126, "trade_id": "226795875", "timestamp": 1660752458862, "tick_direction": 3, "price": 0.0155, "mark_price": 0.01584476, "iv": 77.41, "instrument_name": "BTC-30DEC22-50000-C", "index_price": 23392.88, "direction": "sell", "amount": 0.2}, {"trade_seq": 3125, "trade_id": "226795874", "timestamp": 1660752458854, "tick_direction": 3, "price": 0.0155, "mark_price": 0.01584476, "iv": 77.41, "instrument_name": "BTC-30DEC22-50000-C", "index_price": 23392.88, "direction": "sell", "amount": 0.3}, {"trade_seq": 3124, "trade_id": "226795873", "timestamp": 1660752458846, "tick_direction": 3, "price": 0.0155, "mark_price": 0.01584476, "iv": 77.41, "instrument_name": "BTC-30DEC22-50000-C", "index_price": 23392.88, "direction": "sell", "amount": 0.4}, {"trade_seq": 3123, "trade_id": "226795769", "timestamp": 1660752341700, "tick_direction": 3, "price": 0.0155, "mark_price": 0.0159036, "iv": 77.39, "instrument_name": "BTC-30DEC22-50000-C", "index_price": 23394.81, "direction": "sell", "amount": 0.1}, {"trade_seq": 3122, "trade_id": "226795768", "timestamp": 1660752341681, "tick_direction": 3, "price": 0.0155, "mark_price": 0.0159036, "iv": 77.39, "instrument_name": "BTC-30DEC22-50000-C", "index_price": 23394.81, "direction": "sell", "amount": 0.1}, {"trade_seq": 3121, "trade_id": "226795767", "timestamp": 1660752341661, "tick_direction": 3, "price": 0.0155, "mark_price": 0.0159036, "iv": 77.39, "instrument_name": "BTC-30DEC22-50000-C", "index_price": 23394.81, "direction": "sell", "amount": 0.1}, {"trade_seq": 3120, "trade_id": "226795766", "timestamp": 1660752341653, "tick_direction": 3, "price": 0.0155, "mark_price": 0.0159036, "iv": 77.39, "instrument_name": "BTC-30DEC22-50000-C", "index_price": 23394.81, "direction": "sell", "amount": 0.1}, {"trade_seq": 3119, "trade_id": "226795765", "timestamp": 1660752341643, "tick_direction": 3, "price": 0.0155, "mark_price": 0.0159036, "iv": 77.39, "instrument_name": "BTC-30DEC22-50000-C", "index_price": 23394.81, "direction": "sell", "amount": 0.2}, {"trade_seq": 3118, "trade_id": "226795764", "timestamp": 1660752341629, "tick_direction": 3, "price": 0.0155, "mark_price": 0.0159036, "iv": 77.39, "instrument_name": "BTC-30DEC22-50000-C", "index_price": 23394.81, "direction": "sell", "amount": 0.2}, {"trade_seq": 3117, "trade_id": "226795760", "timestamp": 1660752339925, "tick_direction": 3, "price": 0.0155, "mark_price": 0.01591361, "iv": 77.37, "instrument_name": "BTC-30DEC22-50000-C", "index_price": 23399.78, "direction": "sell", "amount": 0.1}, {"trade_seq": 3116, "trade_id": "226795759", "timestamp": 1660752339911, "tick_direction": 3, "price": 0.0155, "mark_price": 0.01591361, "iv": 77.37, "instrument_name": "BTC-30DEC22-50000-C", "index_price": 23399.78, "direction": "sell", "amount": 0.1}, {"trade_seq": 3115, "trade_id": "226795756", "timestamp": 1660752339894, "tick_direction": 3, "price": 0.0155, "mark_price": 0.01591361, "iv": 77.37, "instrument_name": "BTC-30DEC22-50000-C", "index_price": 23399.78, "direction": "sell", "amount": 0.1}, {"trade_seq": 3114, "trade_id": "226795755", "timestamp": 1660752339884, "tick_direction": 3, "price": 0.0155, "mark_price": 0.01591361, "iv": 77.37, "instrument_name": "BTC-30DEC22-50000-C", "index_price": 23399.78, "direction": "sell", "amount": 0.1}, {"trade_seq": 3113, "trade_id": "226795750", "timestamp": 1660752339838, "tick_direction": 3, "price": 0.0155, "mark_price": 0.01591361, "iv": 77.37, "instrument_name": "BTC-30DEC22-50000-C", "index_price": 23399.78, "direction": "sell", "amount": 0.1}, {"trade_seq": 3112, "trade_id": "226795375", "timestamp": 1660752020580, "tick_direction": 3, "price": 0.0155, "mark_price": 0.01594177, "iv": 77.42, "instrument_name": "BTC-30DEC22-50000-C", "index_price": 23382.83, "direction": "sell", "amount": 0.1}, {"trade_seq": 3111, "trade_id": "226795374", "timestamp": 1660752020568, "tick_direction": 3, "price": 0.0155, "mark_price": 0.01594177, "iv": 77.42, "instrument_name": "BTC-30DEC22-50000-C", "index_price": 23382.83, "direction": "sell", "amount": 0.2}, {"trade_seq": 3110, "trade_id": "226795373", "timestamp": 1660752020414, "tick_direction": 3, "price": 0.0155, "mark_price": 0.01594177, "iv": 77.42, "instrument_name": "BTC-30DEC22-50000-C", "index_price": 23382.83, "direction": "sell", "amount": 0.1}, {"trade_seq": 3109, "trade_id": "226795372", "timestamp": 1660752020385, "tick_direction": 3, "price": 0.0155, "mark_price": 0.01594177, "iv": 77.42, "instrument_name": "BTC-30DEC22-50000-C", "index_price": 23382.83, "direction": "sell", "amount": 0.1}, {"trade_seq": 3108, "trade_id": "226795371", "timestamp": 1660752020366, "tick_direction": 3, "price": 0.0155, "mark_price": 0.01594177, "iv": 77.42, "instrument_name": "BTC-30DEC22-50000-C", "index_price": 23382.83, "direction": "sell", "amount": 0.1}, {"trade_seq": 3107, "trade_id": "226795367", "timestamp": 1660752020214, "tick_direction": 3, "price": 0.0155, "mark_price": 0.0159423, "iv": 77.42, "instrument_name": "BTC-30DEC22-50000-C", "index_price": 23382.83, "direction": "sell", "amount": 0.1}, {"trade_seq": 3106, "trade_id": "226795364", "timestamp": 1660752020158, "tick_direction": 3, "price": 0.0155, "mark_price": 0.0159423, "iv": 77.42, "instrument_name": "BTC-30DEC22-50000-C", "index_price": 23382.83, "direction": "sell", "amount": 0.1}, {"trade_seq": 3105, "trade_id": "226795357", "timestamp": 1660752020138, "tick_direction": 3, "price": 0.0155, "mark_price": 0.0159423, "iv": 77.42, "instrument_name": "BTC-30DEC22-50000-C", "index_price": 23382.83, "direction": "sell", "amount": 0.1}, {"trade_seq": 3104, "trade_id": "226795353", "timestamp": 1660752020120, "tick_direction": 2, "price": 0.0155, "mark_price": 0.0159423, "iv": 77.42, "instrument_name": "BTC-30DEC22-50000-C", "index_price": 23382.83, "direction": "sell", "amount": 0.1}, {"trade_seq": 3103, "trade_id": "226790332", "timestamp": 1660747782309, "tick_direction": 0, "price": 0.016, "mark_price": 0.01560602, "iv": 77.91, "instrument_name": "BTC-30DEC22-50000-C", "index_price": 23389.59, "direction": "buy", "amount": 15.0}, {"trade_seq": 3102, "trade_id": "226790174", "timestamp": 1660747607724, "tick_direction": 1, "price": 0.0155, "mark_price": 0.01551056, "iv": 77.38, "instrument_name": "BTC-30DEC22-50000-C", "index_price": 23390.62, "direction": "sell", "block_trade_id": "47325", "amount": 50.0}, {"trade_seq": 3101, "trade_id": "226789773", "timestamp": 1660747209796, "tick_direction": 1, "price": 0.0155, "mark_price": 0.0149367, "iv": 77.43, "instrument_name": "BTC-30DEC22-50000-C", "index_price": 23378.01, "direction": "buy", "amount": 15.0}, {"trade_seq": 3100, "trade_id": "226767431", "timestamp": 1660734337299, "tick_direction": 1, "price": 0.0155, "mark_price": 0.01536753, "iv": 76.04, "instrument_name": "BTC-30DEC22-50000-C", "index_price": 23806.16, "direction": "sell", "amount": 0.1}, {"trade_seq": 3099, "trade_id": "226767430", "timestamp": 1660734337246, "tick_direction": 1, "price": 0.0155, "mark_price": 0.01536753, "iv": 76.04, "instrument_name": "BTC-30DEC22-50000-C", "index_price": 23806.16, "direction": "sell", "amount": 1.1}, {"trade_seq": 3098, "trade_id": "226767429", "timestamp": 1660734337216, "tick_direction": 1, "price": 0.0155, "mark_price": 0.01536753, "iv": 76.04, "instrument_name": "BTC-30DEC22-50000-C", "index_price": 23806.16, "direction": "sell", "amount": 7.1}, {"trade_seq": 3097, "trade_id": "226767428", "timestamp": 1660734337205, "tick_direction": 1, "price": 0.0155, "mark_price": 0.01536753, "iv": 76.04, "instrument_name": "BTC-30DEC22-50000-C", "index_price": 23806.16, "direction": "buy", "amount": 4.0}, {"trade_seq": 3096, "trade_id": "226767427", "timestamp": 1660734337205, "tick_direction": 0, "price": 0.0155, "mark_price": 0.01536753, "iv": 76.04, "instrument_name": "BTC-30DEC22-50000-C", "index_price": 23806.16, "direction": "buy", "amount": 2.7}, {"trade_seq": 3095, "trade_id": "226766125", "timestamp": 1660732648288, "tick_direction": 2, "price": 0.015, "mark_price": 0.01494994, "iv": 75.63, "instrument_name": "BTC-30DEC22-50000-C", "index_price": 23771.72, "direction": "buy", "amount": 15.0}, {"trade_seq": 3094, "trade_id": "226735059", "timestamp": 1660716126481, "tick_direction": 0, "price": 0.016, "mark_price": 0.01600849, "iv": 74.62, "instrument_name": "BTC-30DEC22-50000-C", "index_price": 24375.5, "direction": "sell", "amount": 2.5}, {"trade_seq": 3093, "trade_id": "226661971", "timestamp": 1660627043677, "tick_direction": 2, "price": 0.0145, "mark_price": 0.01431674, "iv": 74.59, "instrument_name": "BTC-30DEC22-50000-C", "index_price": 23820.17, "direction": "sell", "amount": 1.0}, {"trade_seq": 3092, "trade_id": "226655608", "timestamp": 1660618828289, "tick_direction": 3, "price": 0.015, "mark_price": 0.01468564, "iv": 74.42, "instrument_name": "BTC-30DEC22-50000-C", "index_price": 24046.14, "direction": "sell", "amount": 1.0}, {"trade_seq": 3091, "trade_id": "226629233", "timestamp": 1660586945591, "tick_direction": 3, "price": 0.015, "mark_price": 0.015104, "iv": 74.26, "instrument_name": "BTC-30DEC22-50000-C", "index_price": 24073.16, "direction": "sell", "amount": 0.1}, {"trade_seq": 3090, "trade_id": "226626621", "timestamp": 1660584037832, "tick_direction": 2, "price": 0.015, "mark_price": 0.01509133, "iv": 73.87, "instrument_name": "BTC-30DEC22-50000-C", "index_price": 24187.65, "direction": "sell", "amount": 0.2}, {"trade_seq": 3089, "trade_id": "226599942", "timestamp": 1660555527293, "tick_direction": 3, "price": 0.0155, "mark_price": 0.01479742, "iv": 74.71, "instrument_name": "BTC-30DEC22-50000-C", "index_price": 24035.49, "direction": "buy", "amount": 3.0}, {"trade_seq": 3088, "trade_id": "226591763", "timestamp": 1660548672720, "tick_direction": 3, "price": 0.0155, "mark_price": 0.01558733, "iv": 74.6, "instrument_name": "BTC-30DEC22-50000-C", "index_price": 24069.16, "direction": "sell", "amount": 0.1}, {"trade_seq": 3087, "trade_id": "226591762", "timestamp": 1660548672709, "tick_direction": 3, "price": 0.0155, "mark_price": 0.01558733, "iv": 74.6, "instrument_name": "BTC-30DEC22-50000-C", "index_price": 24069.16, "direction": "sell", "amount": 0.1}, {"trade_seq": 3086, "trade_id": "226591761", "timestamp": 1660548672695, "tick_direction": 3, "price": 0.0155, "mark_price": 0.01558733, "iv": 74.6, "instrument_name": "BTC-30DEC22-50000-C", "index_price": 24069.16, "direction": "sell", "amount": 0.1}, {"trade_seq": 3085, "trade_id": "226591760", "timestamp": 1660548672607, "tick_direction": 3, "price": 0.0155, "mark_price": 0.01558733, "iv": 74.6, "instrument_name": "BTC-30DEC22-50000-C", "index_price": 24069.16, "direction": "sell", "amount": 0.1}, {"trade_seq": 3084, "trade_id": "226591756", "timestamp": 1660548671949, "tick_direction": 3, "price": 0.0155, "mark_price": 0.01558787, "iv": 74.6, "instrument_name": "BTC-30DEC22-50000-C", "index_price": 24069.4, "direction": "sell", "amount": 0.1}, {"trade_seq": 3083, "trade_id": "226591754", "timestamp": 1660548667907, "tick_direction": 3, "price": 0.0155, "mark_price": 0.01559856, "iv": 74.59, "instrument_name": "BTC-30DEC22-50000-C", "index_price": 24072.81, "direction": "sell", "amount": 0.1}, {"trade_seq": 3082, "trade_id": "226591753", "timestamp": 1660548661343, "tick_direction": 3, "price": 0.0155, "mark_price": 0.01560625, "iv": 74.59, "instrument_name": "BTC-30DEC22-50000-C", "index_price": 24072.45, "direction": "sell", "amount": 0.1}, {"trade_seq": 3081, "trade_id": "226591709", "timestamp": 1660548624914, "tick_direction": 3, "price": 0.0155, "mark_price": 0.01562155, "iv": 74.58, "instrument_name": "BTC-30DEC22-50000-C", "index_price": 24068.69, "direction": "sell", "amount": 0.1}, {"trade_seq": 3080, "trade_id": "226591708", "timestamp": 1660548624904, "tick_direction": 3, "price": 0.0155, "mark_price": 0.01562155, "iv": 74.58, "instrument_name": "BTC-30DEC22-50000-C", "index_price": 24068.69, "direction": "sell", "amount": 0.1}, {"trade_seq": 3079, "trade_id": "226591707", "timestamp": 1660548624888, "tick_direction": 3, "price": 0.0155, "mark_price": 0.01562155, "iv": 74.58, "instrument_name": "BTC-30DEC22-50000-C", "index_price": 24068.69, "direction": "sell", "amount": 0.1}, {"trade_seq": 3078, "trade_id": "226591701", "timestamp": 1660548619139, "tick_direction": 3, "price": 0.0155, "mark_price": 0.01564725, "iv": 74.56, "instrument_name": "BTC-30DEC22-50000-C", "index_price": 24075.14, "direction": "sell", "amount": 0.1}, {"trade_seq": 3077, "trade_id": "226591700", "timestamp": 1660548619129, "tick_direction": 3, "price": 0.0155, "mark_price": 0.01564725, "iv": 74.56, "instrument_name": "BTC-30DEC22-50000-C", "index_price": 24075.14, "direction": "sell", "amount": 0.1}, {"trade_seq": 3076, "trade_id": "226591699", "timestamp": 1660548619119, "tick_direction": 3, "price": 0.0155, "mark_price": 0.01564725, "iv": 74.56, "instrument_name": "BTC-30DEC22-50000-C", "index_price": 24075.14, "direction": "sell", "amount": 0.1}, {"trade_seq": 3075, "trade_id": "226591698", "timestamp": 1660548619095, "tick_direction": 3, "price": 0.0155, "mark_price": 0.01564725, "iv": 74.56, "instrument_name": "BTC-30DEC22-50000-C", "index_price": 24075.14, "direction": "sell", "amount": 0.1}, {"trade_seq": 3074, "trade_id": "226591697", "timestamp": 1660548619059, "tick_direction": 3, "price": 0.0155, "mark_price": 0.01564725, "iv": 74.56, "instrument_name": "BTC-30DEC22-50000-C", "index_price": 24075.14, "direction": "sell", "amount": 0.1}, {"trade_seq": 3073, "trade_id": "226591689", "timestamp": 1660548617616, "tick_direction": 3, "price": 0.0155, "mark_price": 0.01564971, "iv": 74.55, "instrument_name": "BTC-30DEC22-50000-C", "index_price": 24077.01, "direction": "sell", "amount": 0.1}, {"trade_seq": 3072, "trade_id": "226591685", "timestamp": 1660548615096, "tick_direction": 3, "price": 0.0155, "mark_price": 0.01564551, "iv": 74.56, "instrument_name": "BTC-30DEC22-50000-C", "index_price": 24076.76, "direction": "sell", "amount": 0.1}, {"trade_seq": 3071, "trade_id": "226591684", "timestamp": 1660548612028, "tick_direction": 3, "price": 0.0155, "mark_price": 0.01565583, "iv": 74.55, "instrument_name": "BTC-30DEC22-50000-C", "index_price": 24076.23, "direction": "sell", "amount": 0.1}, {"trade_seq": 3070, "trade_id": "226591683", "timestamp": 1660548612018, "tick_direction": 3, "price": 0.0155, "mark_price": 0.01565583, "iv": 74.55, "instrument_name": "BTC-30DEC22-50000-C", "index_price": 24076.23, "direction": "sell", "amount": 0.1}, {"trade_seq": 3069, "trade_id": "226591682", "timestamp": 1660548611832, "tick_direction": 2, "price": 0.0155, "mark_price": 0.01565583, "iv": 74.55, "instrument_name": "BTC-30DEC22-50000-C", "index_price": 24080.86, "direction": "sell", "amount": 0.1}, {"trade_seq": 3068, "trade_id": "226587018", "timestamp": 1660546305051, "tick_direction": 2, "price": 0.016, "mark_price": 0.01572535, "iv": 74.5, "instrument_name": "BTC-30DEC22-50000-C", "index_price": 24249.09, "direction": "sell", "amount": 1.0}, {"trade_seq": 3067, "trade_id": "226574960", "timestamp": 1660536562573, "tick_direction": 3, "price": 0.0165, "mark_price": 0.01637543, "iv": 73.57, "instrument_name": "BTC-30DEC22-50000-C", "index_price": 24706.06, "direction": "sell", "amount": 1.0}, {"trade_seq": 3066, "trade_id": "226537786", "timestamp": 1660496474842, "tick_direction": 3, "price": 0.0165, "mark_price": 0.01626607, "iv": 74.78, "instrument_name": "BTC-30DEC22-50000-C", "index_price": 24245.91, "direction": "sell", "amount": 1.0}, {"trade_seq": 3065, "trade_id": "226537785", "timestamp": 1660496474842, "tick_direction": 3, "price": 0.0165, "mark_price": 0.01626607, "iv": 74.78, "instrument_name": "BTC-30DEC22-50000-C", "index_price": 24245.91, "direction": "sell", "amount": 1.0}, {"trade_seq": 3064, "trade_id": "226537784", "timestamp": 1660496474842, "tick_direction": 3, "price": 0.0165, "mark_price": 0.01626607, "iv": 74.78, "instrument_name": "BTC-30DEC22-50000-C", "index_price": 24245.91, "direction": "sell", "amount": 1.0}, {"trade_seq": 3063, "trade_id": "226537783", "timestamp": 1660496474842, "tick_direction": 3, "price": 0.0165, "mark_price": 0.01626607, "iv": 74.78, "instrument_name": "BTC-30DEC22-50000-C", "index_price": 24245.91, "direction": "sell", "amount": 1.0}, {"trade_seq": 3062, "trade_id": "226537782", "timestamp": 1660496474842, "tick_direction": 2, "price": 0.0165, "mark_price": 0.01626607, "iv": 74.78, "instrument_name": "BTC-30DEC22-50000-C", "index_price": 24245.91, "direction": "sell", "amount": 0.3}, {"trade_seq": 3061, "trade_id": "226535523", "timestamp": 1660495117605, "tick_direction": 3, "price": 0.017, "mark_price": 0.01681343, "iv": 74.44, "instrument_name": "BTC-30DEC22-50000-C", "index_price": 24497.03, "direction": "sell", "amount": 1.0}, {"trade_seq": 3060, "trade_id": "226524194", "timestamp": 1660471585233, "tick_direction": 2, "price": 0.017, "mark_price": 0.01728583, "iv": 73.72, "instrument_name": "BTC-30DEC22-50000-C", "index_price": 24695.94, "direction": "sell", "amount": 1.0}, {"trade_seq": 3059, "trade_id": "226520945", "timestamp": 1660466781776, "tick_direction": 3, "price": 0.0175, "mark_price": 0.01747859, "iv": 74.18, "instrument_name": "BTC-30DEC22-50000-C", "index_price": 24667.02, "direction": "sell", "amount": 0.9}, {"trade_seq": 3058, "trade_id": "226505685", "timestamp": 1660449843633, "tick_direction": 2, "price": 0.0175, "mark_price": 0.01737439, "iv": 74.46, "instrument_name": "BTC-30DEC22-50000-C", "index_price": 24581.52, "direction": "sell", "amount": 0.1}, {"trade_seq": 3057, "trade_id": "226500164", "timestamp": 1660438976253, "tick_direction": 0, "price": 0.0185, "mark_price": 0.01765159, "iv": 75.56, "instrument_name": "BTC-30DEC22-50000-C", "index_price": 24546.8, "direction": "buy", "amount": 1.0}, {"trade_seq": 3056, "trade_id": "226491457", "timestamp": 1660415596798, "tick_direction": 3, "price": 0.0175, "mark_price": 0.01731738, "iv": 74.77, "instrument_name": "BTC-30DEC22-50000-C", "index_price": 24460.53, "direction": "sell", "amount": 1.0}, {"trade_seq": 3055, "trade_id": "226490583", "timestamp": 1660414944110, "tick_direction": 3, "price": 0.0175, "mark_price": 0.01745044, "iv": 74.5, "instrument_name": "BTC-30DEC22-50000-C", "index_price": 24543.97, "direction": "sell", "amount": 1.0}, {"trade_seq": 3054, "trade_id": "226490535", "timestamp": 1660414835896, "tick_direction": 3, "price": 0.0175, "mark_price": 0.017438, "iv": 74.5, "instrument_name": "BTC-30DEC22-50000-C", "index_price": 24547.01, "direction": "sell", "amount": 1.0}, {"trade_seq": 3053, "trade_id": "226490534", "timestamp": 1660414830032, "tick_direction": 3, "price": 0.0175, "mark_price": 0.01743664, "iv": 74.5, "instrument_name": "BTC-30DEC22-50000-C", "index_price": 24548.22, "direction": "sell", "amount": 1.0}, {"trade_seq": 3052, "trade_id": "226490510", "timestamp": 1660414812567, "tick_direction": 3, "price": 0.0175, "mark_price": 0.01750598, "iv": 74.43, "instrument_name": "BTC-30DEC22-50000-C", "index_price": 24566.54, "direction": "sell", "amount": 1.0}, {"trade_seq": 3051, "trade_id": "226489157", "timestamp": 1660409533020, "tick_direction": 3, "price": 0.0175, "mark_price": 0.01756496, "iv": 74.61, "instrument_name": "BTC-30DEC22-50000-C", "index_price": 24499.64, "direction": "sell", "amount": 0.1}, {"trade_seq": 3050, "trade_id": "226487976", "timestamp": 1660406101826, "tick_direction": 3, "price": 0.0175, "mark_price": 0.01760098, "iv": 74.51, "instrument_name": "BTC-30DEC22-50000-C", "index_price": 24527.96, "direction": "sell", "amount": 0.4}, {"trade_seq": 3049, "trade_id": "226485791", "timestamp": 1660400102955, "tick_direction": 2, "price": 0.0175, "mark_price": 0.01784979, "iv": 74.61, "instrument_name": "BTC-30DEC22-50000-C", "index_price": 24502.44, "direction": "sell", "amount": 0.5}, {"trade_seq": 3048, "trade_id": "226485767", "timestamp": 1660399982275, "tick_direction": 0, "price": 0.018, "mark_price": 0.01782096, "iv": 75.1, "instrument_name": "BTC-30DEC22-50000-C", "index_price": 24497.34, "direction": "sell", "amount": 1.0}, {"trade_seq": 3047, "trade_id": "226470470", "timestamp": 1660378474033, "tick_direction": 1, "price": 0.0175, "mark_price": 0.01762781, "iv": 74.13, "instrument_name": "BTC-30DEC22-50000-C", "index_price": 24618.82, "direction": "sell", "amount": 1.0}, {"trade_seq": 3046, "trade_id": "226468534", "timestamp": 1660375731668, "tick_direction": 1, "price": 0.0175, "mark_price": 0.0172856, "iv": 73.96, "instrument_name": "BTC-30DEC22-50000-C", "index_price": 24671.99, "direction": "sell", "amount": 1.0}, {"trade_seq": 3045, "trade_id": "226468109", "timestamp": 1660374518300, "tick_direction": 1, "price": 0.0175, "mark_price": 0.01703159, "iv": 73.91, "instrument_name": "BTC-30DEC22-50000-C", "index_price": 24697.65, "direction": "buy", "amount": 14.0}, {"trade_seq": 3044, "trade_id": "226466306", "timestamp": 1660372141834, "tick_direction": 0, "price": 0.0175, "mark_price": 0.01711385, "iv": 73.52, "instrument_name": "BTC-30DEC22-50000-C", "index_price": 24819.49, "direction": "sell", "amount": 1.0}, {"trade_seq": 3043, "trade_id": "226433309", "timestamp": 1660332171506, "tick_direction": 3, "price": 0.017, "mark_price": 0.01734105, "iv": 74.68, "instrument_name": "BTC-30DEC22-50000-C", "index_price": 24229.08, "direction": "sell", "amount": 1.5}, {"trade_seq": 3042, "trade_id": "226433308", "timestamp": 1660332171506, "tick_direction": 2, "price": 0.017, "mark_price": 0.01734105, "iv": 74.68, "instrument_name": "BTC-30DEC22-50000-C", "index_price": 24229.08, "direction": "sell", "amount": 1.0}, {"trade_seq": 3041, "trade_id": "226426982", "timestamp": 1660324728726, "tick_direction": 1, "price": 0.0175, "mark_price": 0.01695447, "iv": 75.8, "instrument_name": "BTC-30DEC22-50000-C", "index_price": 24025.9, "direction": "sell", "amount": 9.1}, {"trade_seq": 3040, "trade_id": "226426981", "timestamp": 1660324728715, "tick_direction": 1, "price": 0.0175, "mark_price": 0.01695447, "iv": 75.8, "instrument_name": "BTC-30DEC22-50000-C", "index_price": 24025.9, "direction": "sell", "amount": 1.5}, {"trade_seq": 3039, "trade_id": "226426980", "timestamp": 1660324728694, "tick_direction": 1, "price": 0.0175, "mark_price": 0.01695447, "iv": 75.8, "instrument_name": "BTC-30DEC22-50000-C", "index_price": 24025.9, "direction": "buy", "amount": 4.0}, {"trade_seq": 3038, "trade_id": "226426979", "timestamp": 1660324728694, "tick_direction": 1, "price": 0.0175, "mark_price": 0.01695447, "iv": 75.8, "instrument_name": "BTC-30DEC22-50000-C", "index_price": 24025.9, "direction": "buy", "amount": 14.8}, {"trade_seq": 3037, "trade_id": "226426978", "timestamp": 1660324728694, "tick_direction": 1, "price": 0.0175, "mark_price": 0.01695447, "iv": 75.8, "instrument_name": "BTC-30DEC22-50000-C", "index_price": 24025.9, "direction": "buy", "amount": 3.6}, {"trade_seq": 3036, "trade_id": "226426977", "timestamp": 1660324728694, "tick_direction": 0, "price": 0.0175, "mark_price": 0.01695447, "iv": 75.8, "instrument_name": "BTC-30DEC22-50000-C", "index_price": 24025.9, "direction": "buy", "amount": 17.0}, {"trade_seq": 3035, "trade_id": "226421426", "timestamp": 1660321344898, "tick_direction": 3, "price": 0.0165, "mark_price": 0.01629569, "iv": 74.71, "instrument_name": "BTC-30DEC22-50000-C", "index_price": 24041.16, "direction": "sell", "amount": 0.7}, {"trade_seq": 3034, "trade_id": "226421421", "timestamp": 1660321343535, "tick_direction": 3, "price": 0.0165, "mark_price": 0.0162946, "iv": 74.71, "instrument_name": "BTC-30DEC22-50000-C", "index_price": 24041.08, "direction": "sell", "amount": 0.1}, {"trade_seq": 3033, "trade_id": "226421416", "timestamp": 1660321340820, "tick_direction": 3, "price": 0.0165, "mark_price": 0.01630618, "iv": 74.7, "instrument_name": "BTC-30DEC22-50000-C", "index_price": 24044.29, "direction": "sell", "amount": 0.9}, {"trade_seq": 3032, "trade_id": "226421414", "timestamp": 1660321337440, "tick_direction": 3, "price": 0.0165, "mark_price": 0.01630638, "iv": 74.7, "instrument_name": "BTC-30DEC22-50000-C", "index_price": 24045.52, "direction": "sell", "amount": 1.0}, {"trade_seq": 3031, "trade_id": "226420825", "timestamp": 1660320676352, "tick_direction": 3, "price": 0.0165, "mark_price": 0.01614436, "iv": 74.73, "instrument_name": "BTC-30DEC22-50000-C", "index_price": 24052.22, "direction": "sell", "amount": 1.0}, {"trade_seq": 3030, "trade_id": "226420824", "timestamp": 1660320672880, "tick_direction": 3, "price": 0.0165, "mark_price": 0.01615276, "iv": 74.72, "instrument_name": "BTC-30DEC22-50000-C", "index_price": 24056.43, "direction": "sell", "amount": 1.0}, {"trade_seq": 3029, "trade_id": "226420759", "timestamp": 1660320565627, "tick_direction": 2, "price": 0.0165, "mark_price": 0.01618067, "iv": 74.69, "instrument_name": "BTC-30DEC22-50000-C", "index_price": 24061.48, "direction": "sell", "amount": 5.0}, {"trade_seq": 3028, "trade_id": "226359383", "timestamp": 1660258320896, "tick_direction": 0, "price": 0.017, "mark_price": 0.01649864, "iv": 75.04, "instrument_name": "BTC-30DEC22-50000-C", "index_price": 24093.56, "direction": "sell", "amount": 0.1}, {"trade_seq": 3027, "trade_id": "226344024", "timestamp": 1660242022447, "tick_direction": 2, "price": 0.0165, "mark_price": 0.0168916, "iv": 74.17, "instrument_name": "BTC-30DEC22-50000-C", "index_price": 24197.73, "direction": "sell", "amount": 0.1}, {"trade_seq": 3026, "trade_id": "226333574", "timestamp": 1660233127005, "tick_direction": 3, "price": 0.0175, "mark_price": 0.01745682, "iv": 74.71, "instrument_name": "BTC-30DEC22-50000-C", "index_price": 24326.38, "direction": "sell", "amount": 0.1}, {"trade_seq": 3025, "trade_id": "226333573", "timestamp": 1660233126988, "tick_direction": 3, "price": 0.0175, "mark_price": 0.01745682, "iv": 74.71, "instrument_name": "BTC-30DEC22-50000-C", "index_price": 24326.38, "direction": "sell", "amount": 0.1}, {"trade_seq": 3024, "trade_id": "226333572", "timestamp": 1660233126966, "tick_direction": 3, "price": 0.0175, "mark_price": 0.01745682, "iv": 74.71, "instrument_name": "BTC-30DEC22-50000-C", "index_price": 24326.38, "direction": "sell", "amount": 0.1}, {"trade_seq": 3023, "trade_id": "226333571", "timestamp": 1660233126950, "tick_direction": 3, "price": 0.0175, "mark_price": 0.01745682, "iv": 74.71, "instrument_name": "BTC-30DEC22-50000-C", "index_price": 24326.38, "direction": "sell", "amount": 0.1}, {"trade_seq": 3022, "trade_id": "226333570", "timestamp": 1660233126946, "tick_direction": 3, "price": 0.0175, "mark_price": 0.01745682, "iv": 74.71, "instrument_name": "BTC-30DEC22-50000-C", "index_price": 24326.38, "direction": "sell", "amount": 0.1}, {"trade_seq": 3021, "trade_id": "226333569", "timestamp": 1660233126933, "tick_direction": 3, "price": 0.0175, "mark_price": 0.01745682, "iv": 74.71, "instrument_name": "BTC-30DEC22-50000-C", "index_price": 24326.38, "direction": "sell", "amount": 0.2}, {"trade_seq": 3020, "trade_id": "226333568", "timestamp": 1660233126912, "tick_direction": 3, "price": 0.0175, "mark_price": 0.01745682, "iv": 74.71, "instrument_name": "BTC-30DEC22-50000-C", "index_price": 24326.38, "direction": "sell", "amount": 0.3}, {"trade_seq": 3019, "trade_id": "226333567", "timestamp": 1660233126901, "tick_direction": 3, "price": 0.0175, "mark_price": 0.01745682, "iv": 74.71, "instrument_name": "BTC-30DEC22-50000-C", "index_price": 24326.38, "direction": "sell", "amount": 0.3}, {"trade_seq": 3018, "trade_id": "226333566", "timestamp": 1660233126864, "tick_direction": 3, "price": 0.0175, "mark_price": 0.01744218, "iv": 74.71, "instrument_name": "BTC-30DEC22-50000-C", "index_price": 24326.38, "direction": "sell", "amount": 0.5}, {"trade_seq": 3017, "trade_id": "226333565", "timestamp": 1660233126784, "tick_direction": 3, "price": 0.0175, "mark_price": 0.01744218, "iv": 74.71, "instrument_name": "BTC-30DEC22-50000-C", "index_price": 24326.38, "direction": "sell", "amount": 0.6}, {"trade_seq": 3016, "trade_id": "226333561", "timestamp": 1660233123944, "tick_direction": 2, "price": 0.0175, "mark_price": 0.01742417, "iv": 74.72, "instrument_name": "BTC-30DEC22-50000-C", "index_price": 24317.28, "direction": "sell", "amount": 0.8}, {"trade_seq": 3015, "trade_id": "226316650", "timestamp": 1660224118088, "tick_direction": 0, "price": 0.0178, "mark_price": 0.01837694, "iv": 73.99, "instrument_name": "BTC-30DEC22-50000-C", "index_price": 24652.29, "direction": "sell", "block_trade_id": "46940", "amount": 100.0}, {"trade_seq": 3014, "trade_id": "226294666", "timestamp": 1660207291838, "tick_direction": 1, "price": 0.0175, "mark_price": 0.01786617, "iv": 74.07, "instrument_name": "BTC-30DEC22-50000-C", "index_price": 24514.33, "direction": "sell", "amount": 0.4}, {"trade_seq": 3013, "trade_id": "226264349", "timestamp": 1660179691645, "tick_direction": 1, "price": 0.0175, "mark_price": 0.01775478, "iv": 75.22, "instrument_name": "BTC-30DEC22-50000-C", "index_price": 24119.45, "direction": "buy", "amount": 0.1}, {"trade_seq": 3012, "trade_id": "226264293", "timestamp": 1660179689901, "tick_direction": 1, "price": 0.0175, "mark_price": 0.01772358, "iv": 75.26, "instrument_name": "BTC-30DEC22-50000-C", "index_price": 24109.89, "direction": "buy", "amount": 0.1}, {"trade_seq": 3011, "trade_id": "226264289", "timestamp": 1660179689738, "tick_direction": 1, "price": 0.0175, "mark_price": 0.01772358, "iv": 75.26, "instrument_name": "BTC-30DEC22-50000-C", "index_price": 24109.89, "direction": "buy", "amount": 0.1}, {"trade_seq": 3010, "trade_id": "226264279", "timestamp": 1660179688837, "tick_direction": 1, "price": 0.0175, "mark_price": 0.01772697, "iv": 75.25, "instrument_name": "BTC-30DEC22-50000-C", "index_price": 24107.34, "direction": "buy", "amount": 0.1}, {"trade_seq": 3009, "trade_id": "226254004", "timestamp": 1660167113454, "tick_direction": 1, "price": 0.0175, "mark_price": 0.01795016, "iv": 74.83, "instrument_name": "BTC-30DEC22-50000-C", "index_price": 24214.79, "direction": "buy", "amount": 0.1}, {"trade_seq": 3008, "trade_id": "226254002", "timestamp": 1660167113435, "tick_direction": 1, "price": 0.0175, "mark_price": 0.01795016, "iv": 74.83, "instrument_name": "BTC-30DEC22-50000-C", "index_price": 24214.79, "direction": "buy", "amount": 0.1}, {"trade_seq": 3007, "trade_id": "226253999", "timestamp": 1660167113363, "tick_direction": 1, "price": 0.0175, "mark_price": 0.01794437, "iv": 74.83, "instrument_name": "BTC-30DEC22-50000-C", "index_price": 24214.79, "direction": "buy", "amount": 0.1}, {"trade_seq": 3006, "trade_id": "226253997", "timestamp": 1660167113291, "tick_direction": 1, "price": 0.0175, "mark_price": 0.01794437, "iv": 74.83, "instrument_name": "BTC-30DEC22-50000-C", "index_price": 24214.79, "direction": "buy", "amount": 0.1}, {"trade_seq": 3005, "trade_id": "226253957", "timestamp": 1660167112850, "tick_direction": 1, "price": 0.0175, "mark_price": 0.01794437, "iv": 74.84, "instrument_name": "BTC-30DEC22-50000-C", "index_price": 24214.79, "direction": "buy", "amount": 0.1}, {"trade_seq": 3004, "trade_id": "226253953", "timestamp": 1660167110722, "tick_direction": 1, "price": 0.0175, "mark_price": 0.01794282, "iv": 74.84, "instrument_name": "BTC-30DEC22-50000-C", "index_price": 24212.87, "direction": "buy", "amount": 0.1}, {"trade_seq": 3003, "trade_id": "226253950", "timestamp": 1660167110708, "tick_direction": 1, "price": 0.0175, "mark_price": 0.01794282, "iv": 74.84, "instrument_name": "BTC-30DEC22-50000-C", "index_price": 24212.87, "direction": "buy", "amount": 0.1}