{"trades": [{"trade_seq": 344, "trade_id": "3142332", "timestamp": 1513955197070, "tick_direction": 2, "price": 0.465, "mark_price": 0.46278491, "iv": 234.98, "instrument_name": "BTC-29DEC17-6500-C", "index_price": 12019.76, "direction": "buy", "amount": 1.0}, {"trade_seq": 343, "trade_id": "2969916", "timestamp": 1513717929633, "tick_direction": 2, "price": 0.6311, "mark_price": 0.6344207, "iv": 0.0, "instrument_name": "BTC-29DEC17-6500-C", "index_price": 17448.72, "direction": "buy", "amount": 2.0}, {"trade_seq": 342, "trade_id": "2851241", "timestamp": 1513557260895, "tick_direction": 3, "price": 0.6461, "mark_price": 0.65485167, "iv": 0.0, "instrument_name": "BTC-29DEC17-6500-C", "index_price": 18608.1, "direction": "buy", "amount": 0.5}, {"trade_seq": 341, "trade_id": "2851238", "timestamp": 1513557260788, "tick_direction": 2, "price": 0.6461, "mark_price": 0.65485075, "iv": 0.0, "instrument_name": "BTC-29DEC17-6500-C", "index_price": 18615.62, "direction": "buy", "amount": 1.0}, {"trade_seq": 340, "trade_id": "2851085", "timestamp": 1513557258745, "tick_direction": 0, "price": 0.6558, "mark_price": 0.6486489, "iv": 356.95, "instrument_name": "BTC-29DEC17-6500-C", "index_price": 19302.6, "direction": "sell", "amount": 1.0}, {"trade_seq": 339, "trade_id": "2734133", "timestamp": 1513373381296, "tick_direction": 2, "price": 0.6303, "mark_price": 0.63866801, "iv": 0.0, "instrument_name": "BTC-29DEC17-6500-C", "index_price": 17575.48, "direction": "sell", "amount": 0.2}, {"trade_seq": 338, "trade_id": "2734012", "timestamp": 1513373374654, "tick_direction": 3, "price": 0.636, "mark_price": 0.63602606, "iv": 0.0, "instrument_name": "BTC-29DEC17-6500-C", "index_price": 17576.49, "direction": "buy", "amount": 0.2}, {"trade_seq": 337, "trade_id": "2734003", "timestamp": 1513373374447, "tick_direction": 2, "price": 0.636, "mark_price": 0.6360173, "iv": 0.0, "instrument_name": "BTC-29DEC17-6500-C", "index_price": 17576.49, "direction": "buy", "amount": 1.3}, {"trade_seq": 336, "trade_id": "2733505", "timestamp": 1513373357734, "tick_direction": 2, "price": 0.6389, "mark_price": 0.63848816, "iv": 208.4, "instrument_name": "BTC-29DEC17-6500-C", "index_price": 17575.91, "direction": "buy", "amount": 1.5}, {"trade_seq": 335, "trade_id": "2731391", "timestamp": 1513369413178, "tick_direction": 0, "price": 0.6479, "mark_price": 0.65125614, "iv": 0.0, "instrument_name": "BTC-29DEC17-6500-C", "index_price": 17746.08, "direction": "sell", "amount": 2.5}, {"trade_seq": 334, "trade_id": "2602451", "timestamp": 1513086573923, "tick_direction": 1, "price": 0.6475, "mark_price": 0.64684299, "iv": 202.38, "instrument_name": "BTC-29DEC17-6500-C", "index_price": 17156.8, "direction": "buy", "amount": 0.5}, {"trade_seq": 333, "trade_id": "2602448", "timestamp": 1513086568880, "tick_direction": 0, "price": 0.6475, "mark_price": 0.64675671, "iv": 204.33, "instrument_name": "BTC-29DEC17-6500-C", "index_price": 17162.04, "direction": "sell", "amount": 2.5}, {"trade_seq": 332, "trade_id": "2557810", "timestamp": 1512989171516, "tick_direction": 2, "price": 0.632, "mark_price": 0.62369268, "iv": 275.6, "instrument_name": "BTC-29DEC17-6500-C", "index_price": 16674.01, "direction": "buy", "amount": 1.0}, {"trade_seq": 331, "trade_id": "2557802", "timestamp": 1512989082177, "tick_direction": 0, "price": 0.6321, "mark_price": 0.62334045, "iv": 278.47, "instrument_name": "BTC-29DEC17-6500-C", "index_price": 16695.97, "direction": "sell", "amount": 0.8}, {"trade_seq": 330, "trade_id": "2557801", "timestamp": 1512989082008, "tick_direction": 2, "price": 0.632, "mark_price": 0.62334045, "iv": 277.79, "instrument_name": "BTC-29DEC17-6500-C", "index_price": 16695.97, "direction": "buy", "amount": 0.2}, {"trade_seq": 329, "trade_id": "2557595", "timestamp": 1512988610028, "tick_direction": 0, "price": 0.6336, "mark_price": 0.62541907, "iv": 275.82, "instrument_name": "BTC-29DEC17-6500-C", "index_price": 16764.9, "direction": "buy", "amount": 1.0}, {"trade_seq": 328, "trade_id": "2465965", "timestamp": 1512894121246, "tick_direction": 2, "price": 0.5446, "mark_price": 0.52751601, "iv": 251.69, "instrument_name": "BTC-29DEC17-6500-C", "index_price": 13785.88, "direction": "sell", "amount": 1.0}, {"trade_seq": 327, "trade_id": "2215728", "timestamp": 1512665522082, "tick_direction": 2, "price": 0.5991, "mark_price": 0.59099748, "iv": 229.77, "instrument_name": "BTC-29DEC17-6500-C", "index_price": 15551.78, "direction": "sell", "amount": 2.5}, {"trade_seq": 326, "trade_id": "2204876", "timestamp": 1512663836240, "tick_direction": 0, "price": 0.6188, "mark_price": 0.61382501, "iv": 220.54, "instrument_name": "BTC-29DEC17-6500-C", "index_price": 15892.2, "direction": "buy", "amount": 0.3}, {"trade_seq": 325, "trade_id": "2196856", "timestamp": 1512662057750, "tick_direction": 0, "price": 0.5991, "mark_price": 0.59123518, "iv": 228.29, "instrument_name": "BTC-29DEC17-6500-C", "index_price": 15729.32, "direction": "buy", "amount": 1.7}, {"trade_seq": 324, "trade_id": "2196818", "timestamp": 1512662029408, "tick_direction": 0, "price": 0.5986, "mark_price": 0.59167151, "iv": 222.63, "instrument_name": "BTC-29DEC17-6500-C", "index_price": 15729.59, "direction": "buy", "amount": 2.5}, {"trade_seq": 323, "trade_id": "2196778", "timestamp": 1512661976494, "tick_direction": 0, "price": 0.5979, "mark_price": 0.59199406, "iv": 215.83, "instrument_name": "BTC-29DEC17-6500-C", "index_price": 15736.48, "direction": "buy", "amount": 2.5}, {"trade_seq": 322, "trade_id": "2176246", "timestamp": 1512643549006, "tick_direction": 0, "price": 0.5782, "mark_price": 0.56351508, "iv": 245.24, "instrument_name": "BTC-29DEC17-6500-C", "index_price": 15031.54, "direction": "buy", "amount": 1.0}, {"trade_seq": 321, "trade_id": "2174858", "timestamp": 1512641978548, "tick_direction": 2, "price": 0.575, "mark_price": 0.56298511, "iv": 233.11, "instrument_name": "BTC-29DEC17-6500-C", "index_price": 14909.14, "direction": "buy", "amount": 1.0}, {"trade_seq": 320, "trade_id": "2174827", "timestamp": 1512641859773, "tick_direction": 0, "price": 0.5763, "mark_price": 0.56221877, "iv": 241.82, "instrument_name": "BTC-29DEC17-6500-C", "index_price": 14891.88, "direction": "buy", "amount": 1.0}, {"trade_seq": 319, "trade_id": "2174706", "timestamp": 1512641629869, "tick_direction": 0, "price": 0.5748, "mark_price": 0.56162203, "iv": 237.55, "instrument_name": "BTC-29DEC17-6500-C", "index_price": 14902.18, "direction": "buy", "amount": 1.0}, {"trade_seq": 318, "trade_id": "2174700", "timestamp": 1512641626415, "tick_direction": 0, "price": 0.5745, "mark_price": 0.56240784, "iv": 233.12, "instrument_name": "BTC-29DEC17-6500-C", "index_price": 14902.18, "direction": "buy", "amount": 1.0}, {"trade_seq": 317, "trade_id": "2174691", "timestamp": 1512641619888, "tick_direction": 2, "price": 0.574, "mark_price": 0.56278544, "iv": 229.22, "instrument_name": "BTC-29DEC17-6500-C", "index_price": 14911.84, "direction": "buy", "amount": 1.0}, {"trade_seq": 316, "trade_id": "2174666", "timestamp": 1512641609608, "tick_direction": 0, "price": 0.5746, "mark_price": 0.56381028, "iv": 227.74, "instrument_name": "BTC-29DEC17-6500-C", "index_price": 14915.45, "direction": "sell", "amount": 1.0}, {"trade_seq": 315, "trade_id": "2174628", "timestamp": 1512641602325, "tick_direction": 0, "price": 0.5745, "mark_price": 0.56381028, "iv": 227.25, "instrument_name": "BTC-29DEC17-6500-C", "index_price": 14917.68, "direction": "buy", "amount": 1.0}, {"trade_seq": 314, "trade_id": "2172984", "timestamp": 1512638404608, "tick_direction": 0, "price": 0.5733, "mark_price": 0.5590569, "iv": 240.47, "instrument_name": "BTC-29DEC17-6500-C", "index_price": 14710.78, "direction": "buy", "amount": 1.0}, {"trade_seq": 313, "trade_id": "2169150", "timestamp": 1512635011530, "tick_direction": 0, "price": 0.5555, "mark_price": 0.55624344, "iv": 0.0, "instrument_name": "BTC-29DEC17-6500-C", "index_price": 14585.59, "direction": "buy", "amount": 1.5}, {"trade_seq": 312, "trade_id": "2167464", "timestamp": 1512630678607, "tick_direction": 0, "price": 0.5489, "mark_price": 0.54162788, "iv": 197.44, "instrument_name": "BTC-29DEC17-6500-C", "index_price": 14261.98, "direction": "buy", "amount": 1.0}, {"trade_seq": 311, "trade_id": "2155778", "timestamp": 1512612279868, "tick_direction": 2, "price": 0.5424, "mark_price": 0.54225798, "iv": 116.08, "instrument_name": "BTC-29DEC17-6500-C", "index_price": 14087.82, "direction": "sell", "amount": 0.1}, {"trade_seq": 310, "trade_id": "2151174", "timestamp": 1512607129912, "tick_direction": 0, "price": 0.5461, "mark_price": 0.53705289, "iv": 203.31, "instrument_name": "BTC-29DEC17-6500-C", "index_price": 14123.26, "direction": "buy", "amount": 2.5}, {"trade_seq": 309, "trade_id": "2151056", "timestamp": 1512606921087, "tick_direction": 0, "price": 0.5445, "mark_price": 0.53656615, "iv": 197.34, "instrument_name": "BTC-29DEC17-6500-C", "index_price": 14114.97, "direction": "buy", "amount": 2.5}, {"trade_seq": 308, "trade_id": "2150907", "timestamp": 1512606814131, "tick_direction": 0, "price": 0.543, "mark_price": 0.53600197, "iv": 191.94, "instrument_name": "BTC-29DEC17-6500-C", "index_price": 14103.41, "direction": "buy", "amount": 2.5}, {"trade_seq": 307, "trade_id": "2144323", "timestamp": 1512601367026, "tick_direction": 0, "price": 0.5274, "mark_price": 0.5168303, "iv": 200.32, "instrument_name": "BTC-29DEC17-6500-C", "index_price": 13705.42, "direction": "buy", "amount": 1.0}, {"trade_seq": 306, "trade_id": "2143969", "timestamp": 1512601360804, "tick_direction": 0, "price": 0.5242, "mark_price": 0.51249187, "iv": 203.1, "instrument_name": "BTC-29DEC17-6500-C", "index_price": 13685.26, "direction": "sell", "amount": 1.0}, {"trade_seq": 305, "trade_id": "2136496", "timestamp": 1512596899903, "tick_direction": 0, "price": 0.5132, "mark_price": 0.51049937, "iv": 151.24, "instrument_name": "BTC-29DEC17-6500-C", "index_price": 13195.18, "direction": "buy", "amount": 0.5}, {"trade_seq": 304, "trade_id": "2101437", "timestamp": 1512524186418, "tick_direction": 0, "price": 0.4609, "mark_price": 0.46150218, "iv": 0.0, "instrument_name": "BTC-29DEC17-6500-C", "index_price": 11855.39, "direction": "buy", "amount": 0.1}, {"trade_seq": 303, "trade_id": "2000513", "timestamp": 1512301232972, "tick_direction": 1, "price": 0.45, "mark_price": 0.45049229, "iv": 89.73, "instrument_name": "BTC-29DEC17-6500-C", "index_price": 11445.09, "direction": "buy", "amount": 1.5}, {"trade_seq": 302, "trade_id": "2000448", "timestamp": 1512301226690, "tick_direction": 0, "price": 0.45, "mark_price": 0.44972776, "iv": 99.9, "instrument_name": "BTC-29DEC17-6500-C", "index_price": 11430.15, "direction": "buy", "amount": 1.5}, {"trade_seq": 301, "trade_id": "1950654", "timestamp": 1512178238022, "tick_direction": 1, "price": 0.425, "mark_price": 0.42545684, "iv": 88.77, "instrument_name": "BTC-29DEC17-6500-C", "index_price": 10998.31, "direction": "buy", "amount": 1.5}, {"trade_seq": 300, "trade_id": "1950572", "timestamp": 1512178207497, "tick_direction": 0, "price": 0.425, "mark_price": 0.42459233, "iv": 99.26, "instrument_name": "BTC-29DEC17-6500-C", "index_price": 10994.5, "direction": "buy", "amount": 1.5}, {"trade_seq": 299, "trade_id": "1939216", "timestamp": 1512160897763, "tick_direction": 1, "price": 0.4125, "mark_price": 0.41155, "iv": 105.02, "instrument_name": "BTC-29DEC17-6500-C", "index_price": 10769.78, "direction": "buy", "amount": 1.5}, {"trade_seq": 298, "trade_id": "1939203", "timestamp": 1512160895129, "tick_direction": 0, "price": 0.4125, "mark_price": 0.41037904, "iv": 109.66, "instrument_name": "BTC-29DEC17-6500-C", "index_price": 10763.34, "direction": "buy", "amount": 1.5}, {"trade_seq": 297, "trade_id": "1931630", "timestamp": 1512145643337, "tick_direction": 1, "price": 0.4, "mark_price": 0.39815578, "iv": 106.42, "instrument_name": "BTC-29DEC17-6500-C", "index_price": 10545.34, "direction": "buy", "amount": 3.0}, {"trade_seq": 296, "trade_id": "1923235", "timestamp": 1512135320373, "tick_direction": 0, "price": 0.4, "mark_price": 0.39665, "iv": 113.16, "instrument_name": "BTC-29DEC17-6500-C", "index_price": 10514.17, "direction": "buy", "amount": 3.0}, {"trade_seq": 295, "trade_id": "1919948", "timestamp": 1512130248748, "tick_direction": 1, "price": 0.375, "mark_price": 0.37243287, "iv": 106.65, "instrument_name": "BTC-29DEC17-6500-C", "index_price": 10165.69, "direction": "buy", "amount": 1.0}, {"trade_seq": 294, "trade_id": "1919842", "timestamp": 1512130109788, "tick_direction": 0, "price": 0.375, "mark_price": 0.3718796, "iv": 107.38, "instrument_name": "BTC-29DEC17-6500-C", "index_price": 10129.96, "direction": "buy", "amount": 2.0}, {"trade_seq": 293, "trade_id": "1898948", "timestamp": 1512088187630, "tick_direction": 2, "price": 0.3616, "mark_price": 0.36425578, "iv": 73.91, "instrument_name": "BTC-29DEC17-6500-C", "index_price": 10045.64, "direction": "sell", "amount": 1.0}, {"trade_seq": 292, "trade_id": "1898947", "timestamp": 1512088187630, "tick_direction": 2, "price": 0.3618, "mark_price": 0.36425578, "iv": 76.15, "instrument_name": "BTC-29DEC17-6500-C", "index_price": 10045.64, "direction": "sell", "amount": 2.0}, {"trade_seq": 291, "trade_id": "1780514", "timestamp": 1511968929060, "tick_direction": 2, "price": 0.415, "mark_price": 0.41118197, "iv": 111.45, "instrument_name": "BTC-29DEC17-6500-C", "index_price": 10696.25, "direction": "sell", "amount": 0.5}, {"trade_seq": 290, "trade_id": "1775320", "timestamp": 1511965709754, "tick_direction": 2, "price": 0.4302, "mark_price": 0.43150474, "iv": 0.0, "instrument_name": "BTC-29DEC17-6500-C", "index_price": 11232.43, "direction": "sell", "amount": 1.4}, {"trade_seq": 289, "trade_id": "1773913", "timestamp": 1511964258984, "tick_direction": 0, "price": 0.434, "mark_price": 0.43704784, "iv": 0.0, "instrument_name": "BTC-29DEC17-6500-C", "index_price": 11043.62, "direction": "buy", "amount": 0.5}, {"trade_seq": 288, "trade_id": "1773862", "timestamp": 1511964248998, "tick_direction": 0, "price": 0.433, "mark_price": 0.42517631, "iv": 130.84, "instrument_name": "BTC-29DEC17-6500-C", "index_price": 10881.93, "direction": "sell", "amount": 0.5}, {"trade_seq": 287, "trade_id": "1772955", "timestamp": 1511963759884, "tick_direction": 1, "price": 0.425, "mark_price": 0.42570596, "iv": 0.0, "instrument_name": "BTC-29DEC17-6500-C", "index_price": 10974.61, "direction": "buy", "amount": 0.6}, {"trade_seq": 286, "trade_id": "1772946", "timestamp": 1511963755171, "tick_direction": 1, "price": 0.425, "mark_price": 0.42552997, "iv": 69.54, "instrument_name": "BTC-29DEC17-6500-C", "index_price": 10959.27, "direction": "buy", "amount": 2.0}, {"trade_seq": 285, "trade_id": "1772799", "timestamp": 1511963730863, "tick_direction": 0, "price": 0.425, "mark_price": 0.42439948, "iv": 91.79, "instrument_name": "BTC-29DEC17-6500-C", "index_price": 10913.34, "direction": "buy", "amount": 0.4}, {"trade_seq": 284, "trade_id": "1771646", "timestamp": 1511960901495, "tick_direction": 0, "price": 0.4166, "mark_price": 0.41571124, "iv": 94.82, "instrument_name": "BTC-29DEC17-6500-C", "index_price": 10912.9, "direction": "sell", "amount": 0.1}, {"trade_seq": 283, "trade_id": "1758524", "timestamp": 1511933887776, "tick_direction": 2, "price": 0.4002, "mark_price": 0.38470789, "iv": 138.52, "instrument_name": "BTC-29DEC17-6500-C", "index_price": 9892.95, "direction": "sell", "amount": 1.8}, {"trade_seq": 282, "trade_id": "1758523", "timestamp": 1511933887776, "tick_direction": 0, "price": 0.4035, "mark_price": 0.38470789, "iv": 146.07, "instrument_name": "BTC-29DEC17-6500-C", "index_price": 9892.95, "direction": "sell", "amount": 1.2}, {"trade_seq": 281, "trade_id": "1756234", "timestamp": 1511932625306, "tick_direction": 1, "price": 0.4, "mark_price": 0.40303547, "iv": 0.0, "instrument_name": "BTC-29DEC17-6500-C", "index_price": 10575.49, "direction": "buy", "amount": 0.9}, {"trade_seq": 280, "trade_id": "1756232", "timestamp": 1511932622378, "tick_direction": 1, "price": 0.4, "mark_price": 0.40276575, "iv": 0.0, "instrument_name": "BTC-29DEC17-6500-C", "index_price": 10575.49, "direction": "buy", "amount": 0.1}, {"trade_seq": 279, "trade_id": "1755801", "timestamp": 1511932172112, "tick_direction": 1, "price": 0.4, "mark_price": 0.40242038, "iv": 0.0, "instrument_name": "BTC-29DEC17-6500-C", "index_price": 10572.13, "direction": "buy", "amount": 0.1}, {"trade_seq": 278, "trade_id": "1755742", "timestamp": 1511932118309, "tick_direction": 1, "price": 0.4, "mark_price": 0.40226237, "iv": 0.0, "instrument_name": "BTC-29DEC17-6500-C", "index_price": 10559.88, "direction": "buy", "amount": 0.1}, {"trade_seq": 277, "trade_id": "1755741", "timestamp": 1511932114904, "tick_direction": 1, "price": 0.4, "mark_price": 0.40226237, "iv": 0.0, "instrument_name": "BTC-29DEC17-6500-C", "index_price": 10560.55, "direction": "buy", "amount": 0.1}, {"trade_seq": 276, "trade_id": "1755623", "timestamp": 1511932001840, "tick_direction": 1, "price": 0.4, "mark_price": 0.40227768, "iv": 0.0, "instrument_name": "BTC-29DEC17-6500-C", "index_price": 10547.35, "direction": "buy", "amount": 0.1}, {"trade_seq": 275, "trade_id": "1755622", "timestamp": 1511931997852, "tick_direction": 1, "price": 0.4, "mark_price": 0.40227768, "iv": 0.0, "instrument_name": "BTC-29DEC17-6500-C", "index_price": 10547.35, "direction": "buy", "amount": 0.1}, {"trade_seq": 274, "trade_id": "1755533", "timestamp": 1511931939089, "tick_direction": 1, "price": 0.4, "mark_price": 0.4008648, "iv": 0.0, "instrument_name": "BTC-29DEC17-6500-C", "index_price": 10539.23, "direction": "buy", "amount": 0.1}, {"trade_seq": 273, "trade_id": "1755522", "timestamp": 1511931902845, "tick_direction": 1, "price": 0.4, "mark_price": 0.40042527, "iv": 67.03, "instrument_name": "BTC-29DEC17-6500-C", "index_price": 10520.43, "direction": "buy", "amount": 0.1}, {"trade_seq": 272, "trade_id": "1755496", "timestamp": 1511931860959, "tick_direction": 1, "price": 0.4, "mark_price": 0.39982369, "iv": 79.6, "instrument_name": "BTC-29DEC17-6500-C", "index_price": 10518.38, "direction": "buy", "amount": 0.1}, {"trade_seq": 271, "trade_id": "1755495", "timestamp": 1511931860009, "tick_direction": 1, "price": 0.4, "mark_price": 0.39982369, "iv": 79.6, "instrument_name": "BTC-29DEC17-6500-C", "index_price": 10518.38, "direction": "buy", "amount": 0.1}, {"trade_seq": 270, "trade_id": "1755389", "timestamp": 1511931727227, "tick_direction": 0, "price": 0.4, "mark_price": 0.40059042, "iv": 54.41, "instrument_name": "BTC-29DEC17-6500-C", "index_price": 10366.98, "direction": "buy", "amount": 1.1}, {"trade_seq": 269, "trade_id": "1752293", "timestamp": 1511925946359, "tick_direction": 1, "price": 0.38, "mark_price": 0.38158703, "iv": 0.0, "instrument_name": "BTC-29DEC17-6500-C", "index_price": 10220.75, "direction": "buy", "amount": 0.9}, {"trade_seq": 268, "trade_id": "1752280", "timestamp": 1511925931455, "tick_direction": 1, "price": 0.38, "mark_price": 0.38119577, "iv": 0.0, "instrument_name": "BTC-29DEC17-6500-C", "index_price": 10222.3, "direction": "buy", "amount": 1.0}, {"trade_seq": 267, "trade_id": "1752268", "timestamp": 1511925912110, "tick_direction": 0, "price": 0.38, "mark_price": 0.38153669, "iv": 0.0, "instrument_name": "BTC-29DEC17-6500-C", "index_price": 9991.22, "direction": "buy", "amount": 1.1}, {"trade_seq": 266, "trade_id": "1751072", "timestamp": 1511924123945, "tick_direction": 0, "price": 0.3799, "mark_price": 0.3756689, "iv": 103.38, "instrument_name": "BTC-29DEC17-6500-C", "index_price": 10127.98, "direction": "buy", "amount": 0.1}, {"trade_seq": 265, "trade_id": "1745792", "timestamp": 1511898198306, "tick_direction": 0, "price": 0.3544, "mark_price": 0.35955537, "iv": 0.0, "instrument_name": "BTC-29DEC17-6500-C", "index_price": 9946.9, "direction": "buy", "amount": 1.0}, {"trade_seq": 264, "trade_id": "1745767", "timestamp": 1511898054747, "tick_direction": 2, "price": 0.3539, "mark_price": 0.36018927, "iv": 0.0, "instrument_name": "BTC-29DEC17-6500-C", "index_price": 9951.33, "direction": "sell", "amount": 1.4}, {"trade_seq": 263, "trade_id": "1745766", "timestamp": 1511898054747, "tick_direction": 0, "price": 0.3579, "mark_price": 0.36018927, "iv": 0.0, "instrument_name": "BTC-29DEC17-6500-C", "index_price": 9951.33, "direction": "buy", "amount": 1.1}, {"trade_seq": 262, "trade_id": "1739480", "timestamp": 1511868721232, "tick_direction": 0, "price": 0.357, "mark_price": 0.35611728, "iv": 85.82, "instrument_name": "BTC-29DEC17-6500-C", "index_price": 9904.7, "direction": "buy", "amount": 0.1}, {"trade_seq": 261, "trade_id": "1739234", "timestamp": 1511867811594, "tick_direction": 0, "price": 0.3558, "mark_price": 0.35475034, "iv": 86.55, "instrument_name": "BTC-29DEC17-6500-C", "index_price": 9894.91, "direction": "buy", "amount": 0.1}, {"trade_seq": 260, "trade_id": "1734014", "timestamp": 1511845284908, "tick_direction": 1, "price": 0.35, "mark_price": 0.34970514, "iv": 82.55, "instrument_name": "BTC-29DEC17-6500-C", "index_price": 9790.4, "direction": "buy", "amount": 1.5}, {"trade_seq": 259, "trade_id": "1734009", "timestamp": 1511845284087, "tick_direction": 0, "price": 0.35, "mark_price": 0.34925, "iv": 82.55, "instrument_name": "BTC-29DEC17-6500-C", "index_price": 9790.4, "direction": "buy", "amount": 1.5}, {"trade_seq": 258, "trade_id": "1727327", "timestamp": 1511811718363, "tick_direction": 2, "price": 0.3275, "mark_price": 0.32764226, "iv": 80.42, "instrument_name": "BTC-29DEC17-6500-C", "index_price": 9509.69, "direction": "buy", "amount": 0.1}, {"trade_seq": 257, "trade_id": "1721699", "timestamp": 1511787266007, "tick_direction": 0, "price": 0.3396, "mark_price": 0.33605609, "iv": 93.7, "instrument_name": "BTC-29DEC17-6500-C", "index_price": 9610.59, "direction": "buy", "amount": 1.0}, {"trade_seq": 256, "trade_id": "1720593", "timestamp": 1511782229839, "tick_direction": 2, "price": 0.3379, "mark_price": 0.33233521, "iv": 98.91, "instrument_name": "BTC-29DEC17-6500-C", "index_price": 9562.55, "direction": "buy", "amount": 0.5}, {"trade_seq": 255, "trade_id": "1713738", "timestamp": 1511761091889, "tick_direction": 0, "price": 0.3394, "mark_price": 0.3336597, "iv": 99.37, "instrument_name": "BTC-29DEC17-6500-C", "index_price": 9552.34, "direction": "buy", "amount": 1.5}, {"trade_seq": 254, "trade_id": "1705242", "timestamp": 1511744346032, "tick_direction": 1, "price": 0.3334, "mark_price": 0.33397201, "iv": 78.53, "instrument_name": "BTC-29DEC17-6500-C", "index_price": 9562.51, "direction": "buy", "amount": 1.0}, {"trade_seq": 253, "trade_id": "1705041", "timestamp": 1511744247211, "tick_direction": 1, "price": 0.3334, "mark_price": 0.33303384, "iv": 78.69, "instrument_name": "BTC-29DEC17-6500-C", "index_price": 9548.33, "direction": "buy", "amount": 1.5}, {"trade_seq": 252, "trade_id": "1704717", "timestamp": 1511743846508, "tick_direction": 0, "price": 0.3334, "mark_price": 0.32823526, "iv": 96.97, "instrument_name": "BTC-29DEC17-6500-C", "index_price": 9514.46, "direction": "buy", "amount": 0.5}, {"trade_seq": 251, "trade_id": "1688981", "timestamp": 1511713372609, "tick_direction": 0, "price": 0.3, "mark_price": 0.30383421, "iv": 67.3, "instrument_name": "BTC-29DEC17-6500-C", "index_price": 9142.35, "direction": "buy", "amount": 0.1}, {"trade_seq": 250, "trade_id": "1673305", "timestamp": 1511645708565, "tick_direction": 2, "price": 0.2659, "mark_price": 0.26815, "iv": 76.1, "instrument_name": "BTC-29DEC17-6500-C", "index_price": 8696.92, "direction": "buy", "amount": 1.0}, {"trade_seq": 249, "trade_id": "1668777", "timestamp": 1511623721723, "tick_direction": 2, "price": 0.2773, "mark_price": 0.26709201, "iv": 101.72, "instrument_name": "BTC-29DEC17-6500-C", "index_price": 8574.93, "direction": "buy", "amount": 2.0}, {"trade_seq": 248, "trade_id": "1668691", "timestamp": 1511622830063, "tick_direction": 0, "price": 0.2784, "mark_price": 0.26832226, "iv": 101.64, "instrument_name": "BTC-29DEC17-6500-C", "index_price": 8585.86, "direction": "buy", "amount": 1.4}, {"trade_seq": 247, "trade_id": "1664160", "timestamp": 1511602097332, "tick_direction": 0, "price": 0.2574, "mark_price": 0.2593, "iv": 77.25, "instrument_name": "BTC-29DEC17-6500-C", "index_price": 8426.05, "direction": "buy", "amount": 0.7}, {"trade_seq": 246, "trade_id": "1634646", "timestamp": 1511455280326, "tick_direction": 2, "price": 0.2289, "mark_price": 0.23646175, "iv": 83.28, "instrument_name": "BTC-29DEC17-6500-C", "index_price": 8180.23, "direction": "sell", "amount": 0.3}, {"trade_seq": 245, "trade_id": "1634645", "timestamp": 1511455280326, "tick_direction": 2, "price": 0.229, "mark_price": 0.23646175, "iv": 83.41, "instrument_name": "BTC-29DEC17-6500-C", "index_price": 8180.23, "direction": "buy", "amount": 0.2}, {"trade_seq": 244, "trade_id": "1632587", "timestamp": 1511445544473, "tick_direction": 0, "price": 0.2367, "mark_price": 0.23632026, "iv": 93.47, "instrument_name": "BTC-29DEC17-6500-C", "index_price": 8217.64, "direction": "sell", "amount": 0.1}, {"trade_seq": 243, "trade_id": "1631355", "timestamp": 1511441443215, "tick_direction": 2, "price": 0.2365, "mark_price": 0.23619081, "iv": 93.38, "instrument_name": "BTC-29DEC17-6500-C", "index_price": 8176.94, "direction": "sell", "amount": 0.1}, {"trade_seq": 242, "trade_id": "1619065", "timestamp": 1511388572205, "tick_direction": 2, "price": 0.2373, "mark_price": 0.24315209, "iv": 85.41, "instrument_name": "BTC-29DEC17-6500-C", "index_price": 8239.2, "direction": "buy", "amount": 1.0}, {"trade_seq": 241, "trade_id": "1559619", "timestamp": 1511177215135, "tick_direction": 2, "price": 0.25, "mark_price": 0.24333054, "iv": 104.43, "instrument_name": "BTC-29DEC17-6500-C", "index_price": 8036.44, "direction": "sell", "amount": 0.5}, {"trade_seq": 240, "trade_id": "1555575", "timestamp": 1511143830851, "tick_direction": 2, "price": 0.263, "mark_price": 0.24467544, "iv": 116.02, "instrument_name": "BTC-29DEC17-6500-C", "index_price": 8046.16, "direction": "sell", "amount": 0.2}, {"trade_seq": 239, "trade_id": "1553960", "timestamp": 1511132389520, "tick_direction": 1, "price": 0.2645, "mark_price": 0.24533, "iv": 116.9, "instrument_name": "BTC-29DEC17-6500-C", "index_price": 8018.78, "direction": "sell", "amount": 1.4}, {"trade_seq": 238, "trade_id": "1553959", "timestamp": 1511132384461, "tick_direction": 0, "price": 0.2645, "mark_price": 0.24533, "iv": 116.9, "instrument_name": "BTC-29DEC17-6500-C", "index_price": 8018.78, "direction": "buy", "amount": 1.1}, {"trade_seq": 237, "trade_id": "1553937", "timestamp": 1511131960864, "tick_direction": 0, "price": 0.2639, "mark_price": 0.24491151, "iv": 116.67, "instrument_name": "BTC-29DEC17-6500-C", "index_price": 8009.8, "direction": "buy", "amount": 1.0}, {"trade_seq": 236, "trade_id": "1553936", "timestamp": 1511131960864, "tick_direction": 0, "price": 0.2612, "mark_price": 0.24491151, "iv": 113.83, "instrument_name": "BTC-29DEC17-6500-C", "index_price": 8009.8, "direction": "sell", "amount": 1.5}, {"trade_seq": 235, "trade_id": "1549890", "timestamp": 1511115926936, "tick_direction": 0, "price": 0.235, "mark_price": 0.23895177, "iv": 89.51, "instrument_name": "BTC-29DEC17-6500-C", "index_price": 7980.31, "direction": "sell", "amount": 0.1}, {"trade_seq": 234, "trade_id": "1521127", "timestamp": 1510970731108, "tick_direction": 0, "price": 0.2001, "mark_price": 0.20007367, "iv": 91.02, "instrument_name": "BTC-29DEC17-6500-C", "index_price": 7516.74, "direction": "buy", "amount": 0.5}, {"trade_seq": 233, "trade_id": "1520558", "timestamp": 1510969999172, "tick_direction": 0, "price": 0.1981, "mark_price": 0.19788145, "iv": 91.2, "instrument_name": "BTC-29DEC17-6500-C", "index_price": 7509.13, "direction": "buy", "amount": 0.2}, {"trade_seq": 232, "trade_id": "1520452", "timestamp": 1510969915019, "tick_direction": 2, "price": 0.1975, "mark_price": 0.19754377, "iv": 90.96, "instrument_name": "BTC-29DEC17-6500-C", "index_price": 7534.23, "direction": "buy", "amount": 0.3}, {"trade_seq": 231, "trade_id": "1519592", "timestamp": 1510966796931, "tick_direction": 2, "price": 0.2059, "mark_price": 0.20589244, "iv": 91.01, "instrument_name": "BTC-29DEC17-6500-C", "index_price": 7608.43, "direction": "buy", "amount": 0.3}, {"trade_seq": 230, "trade_id": "1519562", "timestamp": 1510966603570, "tick_direction": 0, "price": 0.2085, "mark_price": 0.20845024, "iv": 91.05, "instrument_name": "BTC-29DEC17-6500-C", "index_price": 7638.24, "direction": "buy", "amount": 0.2}, {"trade_seq": 229, "trade_id": "1519520", "timestamp": 1510966411841, "tick_direction": 2, "price": 0.2074, "mark_price": 0.20741305, "iv": 90.99, "instrument_name": "BTC-29DEC17-6500-C", "index_price": 7624.18, "direction": "buy", "amount": 0.2}, {"trade_seq": 228, "trade_id": "1519444", "timestamp": 1510966272241, "tick_direction": 2, "price": 0.2093, "mark_price": 0.20912009, "iv": 91.17, "instrument_name": "BTC-29DEC17-6500-C", "index_price": 7649.33, "direction": "buy", "amount": 0.3}, {"trade_seq": 227, "trade_id": "1514103", "timestamp": 1510943528689, "tick_direction": 3, "price": 0.2475, "mark_price": 0.22420483, "iv": 114.0, "instrument_name": "BTC-29DEC17-6500-C", "index_price": 7858.97, "direction": "sell", "amount": 0.2}, {"trade_seq": 226, "trade_id": "1514084", "timestamp": 1510943268841, "tick_direction": 2, "price": 0.2475, "mark_price": 0.22423841, "iv": 113.97, "instrument_name": "BTC-29DEC17-6500-C", "index_price": 7855.48, "direction": "sell", "amount": 0.2}, {"trade_seq": 225, "trade_id": "1514078", "timestamp": 1510943121088, "tick_direction": 2, "price": 0.2477, "mark_price": 0.22442436, "iv": 114.0, "instrument_name": "BTC-29DEC17-6500-C", "index_price": 7858.15, "direction": "sell", "amount": 0.3}, {"trade_seq": 224, "trade_id": "1511764", "timestamp": 1510935356042, "tick_direction": 0, "price": 0.2558, "mark_price": 0.2333149, "iv": 113.98, "instrument_name": "BTC-29DEC17-6500-C", "index_price": 7941.22, "direction": "sell", "amount": 0.3}, {"trade_seq": 223, "trade_id": "1500564", "timestamp": 1510905817704, "tick_direction": 0, "price": 0.2342, "mark_price": 0.20590902, "iv": 115.14, "instrument_name": "BTC-29DEC17-6500-C", "index_price": 7607.99, "direction": "sell", "amount": 0.5}, {"trade_seq": 222, "trade_id": "1500355", "timestamp": 1510905675835, "tick_direction": 2, "price": 0.2323, "mark_price": 0.20403366, "iv": 114.95, "instrument_name": "BTC-29DEC17-6500-C", "index_price": 7564.99, "direction": "sell", "amount": 0.5}, {"trade_seq": 221, "trade_id": "1499234", "timestamp": 1510904727397, "tick_direction": 0, "price": 0.2353, "mark_price": 0.20898003, "iv": 115.33, "instrument_name": "BTC-29DEC17-6500-C", "index_price": 7620.69, "direction": "sell", "amount": 0.3}, {"trade_seq": 220, "trade_id": "1498413", "timestamp": 1510903085810, "tick_direction": 2, "price": 0.2114, "mark_price": 0.21548499, "iv": 86.97, "instrument_name": "BTC-29DEC17-6500-C", "index_price": 7764.66, "direction": "buy", "amount": 0.5}, {"trade_seq": 219, "trade_id": "1498411", "timestamp": 1510903071454, "tick_direction": 2, "price": 0.2115, "mark_price": 0.2134714, "iv": 87.05, "instrument_name": "BTC-29DEC17-6500-C", "index_price": 7765.81, "direction": "buy", "amount": 0.5}, {"trade_seq": 218, "trade_id": "1493077", "timestamp": 1510884298909, "tick_direction": 2, "price": 0.2188, "mark_price": 0.22444338, "iv": 85.2, "instrument_name": "BTC-29DEC17-6500-C", "index_price": 7865.04, "direction": "sell", "amount": 0.5}, {"trade_seq": 217, "trade_id": "1493076", "timestamp": 1510884298909, "tick_direction": 2, "price": 0.2215, "mark_price": 0.22444338, "iv": 88.0, "instrument_name": "BTC-29DEC17-6500-C", "index_price": 7865.04, "direction": "buy", "amount": 1.5}, {"trade_seq": 216, "trade_id": "1489182", "timestamp": 1510872390127, "tick_direction": 2, "price": 0.2254, "mark_price": 0.22440777, "iv": 92.0, "instrument_name": "BTC-29DEC17-6500-C", "index_price": 7792.4, "direction": "buy", "amount": 0.7}, {"trade_seq": 215, "trade_id": "1483048", "timestamp": 1510858328365, "tick_direction": 0, "price": 0.2365, "mark_price": 0.21907636, "iv": 107.68, "instrument_name": "BTC-29DEC17-6500-C", "index_price": 7765.37, "direction": "sell", "amount": 0.2}, {"trade_seq": 214, "trade_id": "1482230", "timestamp": 1510856578829, "tick_direction": 0, "price": 0.2352, "mark_price": 0.21943817, "iv": 106.14, "instrument_name": "BTC-29DEC17-6500-C", "index_price": 6398.4, "direction": "sell", "amount": 0.5}, {"trade_seq": 213, "trade_id": "1481863", "timestamp": 1510856298470, "tick_direction": 1, "price": 0.2302, "mark_price": 0.21431969, "iv": 105.96, "instrument_name": "BTC-29DEC17-6500-C", "index_price": 7692.18, "direction": "buy", "amount": 0.5}, {"trade_seq": 212, "trade_id": "1481862", "timestamp": 1510856288585, "tick_direction": 0, "price": 0.2302, "mark_price": 0.21430472, "iv": 105.97, "instrument_name": "BTC-29DEC17-6500-C", "index_price": 7691.27, "direction": "buy", "amount": 0.4}, {"trade_seq": 211, "trade_id": "1481861", "timestamp": 1510856288585, "tick_direction": 0, "price": 0.23, "mark_price": 0.21430472, "iv": 105.79, "instrument_name": "BTC-29DEC17-6500-C", "index_price": 7691.27, "direction": "sell", "amount": 0.1}, {"trade_seq": 210, "trade_id": "1465795", "timestamp": 1510799518471, "tick_direction": 2, "price": 0.184, "mark_price": 0.16516384, "iv": 106.02, "instrument_name": "BTC-29DEC17-6500-C", "index_price": 7238.19, "direction": "buy", "amount": 0.1}, {"trade_seq": 209, "trade_id": "1455925", "timestamp": 1510759724975, "tick_direction": 0, "price": 0.1905, "mark_price": 0.17166739, "iv": 106.16, "instrument_name": "BTC-29DEC17-6500-C", "index_price": 7216.53, "direction": "buy", "amount": 1.9}, {"trade_seq": 208, "trade_id": "1455924", "timestamp": 1510759724975, "tick_direction": 0, "price": 0.19, "mark_price": 0.17166739, "iv": 105.76, "instrument_name": "BTC-29DEC17-6500-C", "index_price": 7216.53, "direction": "sell", "amount": 0.1}, {"trade_seq": 207, "trade_id": "1454829", "timestamp": 1510756488938, "tick_direction": 2, "price": 0.1864, "mark_price": 0.16950511, "iv": 104.52, "instrument_name": "BTC-29DEC17-6500-C", "index_price": 7233.13, "direction": "sell", "amount": 0.1}, {"trade_seq": 206, "trade_id": "1454818", "timestamp": 1510756349377, "tick_direction": 0, "price": 0.1867, "mark_price": 0.16982325, "iv": 104.52, "instrument_name": "BTC-29DEC17-6500-C", "index_price": 7238.59, "direction": "sell", "amount": 0.1}, {"trade_seq": 205, "trade_id": "1454423", "timestamp": 1510753868527, "tick_direction": 0, "price": 0.1838, "mark_price": 0.16677984, "iv": 104.52, "instrument_name": "BTC-29DEC17-6500-C", "index_price": 7179.35, "direction": "sell", "amount": 0.4}, {"trade_seq": 204, "trade_id": "1444327", "timestamp": 1510708820037, "tick_direction": 0, "price": 0.1673, "mark_price": 0.14914855, "iv": 104.75, "instrument_name": "BTC-29DEC17-6500-C", "index_price": 6796.67, "direction": "sell", "amount": 1.2}, {"trade_seq": 203, "trade_id": "1444326", "timestamp": 1510708820037, "tick_direction": 0, "price": 0.1669, "mark_price": 0.14914855, "iv": 104.45, "instrument_name": "BTC-29DEC17-6500-C", "index_price": 6796.67, "direction": "buy", "amount": 1.2}, {"trade_seq": 202, "trade_id": "1444325", "timestamp": 1510708820037, "tick_direction": 0, "price": 0.1667, "mark_price": 0.14914855, "iv": 104.29, "instrument_name": "BTC-29DEC17-6500-C", "index_price": 6796.67, "direction": "buy", "amount": 0.6}, {"trade_seq": 201, "trade_id": "1443801", "timestamp": 1510707016374, "tick_direction": 0, "price": 0.16, "mark_price": 0.14455838, "iv": 102.59, "instrument_name": "BTC-29DEC17-6500-C", "index_price": 6490.78, "direction": "sell", "amount": 0.1}, {"trade_seq": 200, "trade_id": "1442106", "timestamp": 1510705149644, "tick_direction": 0, "price": 0.1598, "mark_price": 0.13708516, "iv": 107.84, "instrument_name": "BTC-29DEC17-6500-C", "index_price": 6688.26, "direction": "buy", "amount": 0.2}, {"trade_seq": 199, "trade_id": "1441208", "timestamp": 1510700635136, "tick_direction": 2, "price": 0.14, "mark_price": 0.12582055, "iv": 101.34, "instrument_name": "BTC-29DEC17-6500-C", "index_price": 6556.24, "direction": "sell", "amount": 0.5}, {"trade_seq": 198, "trade_id": "1437952", "timestamp": 1510683072971, "tick_direction": 0, "price": 0.1516, "mark_price": 0.1282683, "iv": 108.03, "instrument_name": "BTC-29DEC17-6500-C", "index_price": 6559.71, "direction": "buy", "amount": 0.1}, {"trade_seq": 197, "trade_id": "1437951", "timestamp": 1510683025171, "tick_direction": 0, "price": 0.1514, "mark_price": 0.12826927, "iv": 107.88, "instrument_name": "BTC-29DEC17-6500-C", "index_price": 6560.58, "direction": "buy", "amount": 0.3}, {"trade_seq": 196, "trade_id": "1426999", "timestamp": 1510630776180, "tick_direction": 2, "price": 0.138, "mark_price": 0.14387317, "iv": 90.69, "instrument_name": "BTC-29DEC17-6500-C", "index_price": 6698.56, "direction": "sell", "amount": 0.4}, {"trade_seq": 195, "trade_id": "1425529", "timestamp": 1510622781609, "tick_direction": 2, "price": 0.1387, "mark_price": 0.14483787, "iv": 90.5, "instrument_name": "BTC-29DEC17-6500-C", "index_price": 6692.34, "direction": "buy", "amount": 0.1}, {"trade_seq": 194, "trade_id": "1425030", "timestamp": 1510621526105, "tick_direction": 0, "price": 0.15, "mark_price": 0.14419475, "iv": 99.26, "instrument_name": "BTC-29DEC17-6500-C", "index_price": 6688.43, "direction": "buy", "amount": 0.2}, {"trade_seq": 193, "trade_id": "1415909", "timestamp": 1510595777675, "tick_direction": 0, "price": 0.1466, "mark_price": 0.1265559, "iv": 109.35, "instrument_name": "BTC-29DEC17-6500-C", "index_price": 6473.54, "direction": "sell", "amount": 1.0}, {"trade_seq": 192, "trade_id": "1415907", "timestamp": 1510595770486, "tick_direction": 2, "price": 0.1417, "mark_price": 0.12636158, "iv": 105.97, "instrument_name": "BTC-29DEC17-6500-C", "index_price": 6472.39, "direction": "sell", "amount": 1.0}, {"trade_seq": 191, "trade_id": "1408913", "timestamp": 1510577651819, "tick_direction": 0, "price": 0.15, "mark_price": null, "iv": 98.75, "instrument_name": "BTC-29DEC17-6500-C", "index_price": 6667.27, "direction": "buy", "amount": 0.1}, {"trade_seq": 190, "trade_id": "1408696", "timestamp": 1510577423029, "tick_direction": 0, "price": 0.1385, "mark_price": null, "iv": 92.0, "instrument_name": "BTC-29DEC17-6500-C", "index_price": 6634.24, "direction": "buy", "amount": 0.1}, {"trade_seq": 189, "trade_id": "1401868", "timestamp": 1510557942180, "tick_direction": 2, "price": 0.1236, "mark_price": null, "iv": 102.01, "instrument_name": "BTC-29DEC17-6500-C", "index_price": 6189.83, "direction": "buy", "amount": 0.9}, {"trade_seq": 188, "trade_id": "1399408", "timestamp": 1510552086119, "tick_direction": 2, "price": 0.127, "mark_price": null, "iv": 104.96, "instrument_name": "BTC-29DEC17-6500-C", "index_price": 6176.05, "direction": "sell", "amount": 0.4}, {"trade_seq": 187, "trade_id": "1398871", "timestamp": 1510551219487, "tick_direction": 0, "price": 0.1298, "mark_price": null, "iv": 102.02, "instrument_name": "BTC-29DEC17-6500-C", "index_price": 6284.41, "direction": "buy", "amount": 3.0}, {"trade_seq": 186, "trade_id": "1396843", "timestamp": 1510548057944, "tick_direction": 2, "price": 0.1113, "mark_price": null, "iv": 102.03, "instrument_name": "BTC-29DEC17-6500-C", "index_price": 5991.12, "direction": "buy", "amount": 0.1}, {"trade_seq": 185, "trade_id": "1396655", "timestamp": 1510547764852, "tick_direction": 0, "price": 0.1141, "mark_price": null, "iv": 102.0, "instrument_name": "BTC-29DEC17-6500-C", "index_price": 6036.63, "direction": "buy", "amount": 0.2}, {"trade_seq": 184, "trade_id": "1395898", "timestamp": 1510545667132, "tick_direction": 2, "price": 0.1104, "mark_price": null, "iv": 101.99, "instrument_name": "BTC-29DEC17-6500-C", "index_price": 5976.78, "direction": "buy", "amount": 0.2}, {"trade_seq": 183, "trade_id": "1394825", "timestamp": 1510542688678, "tick_direction": 0, "price": 0.1122, "mark_price": null, "iv": 102.03, "instrument_name": "BTC-29DEC17-6500-C", "index_price": 6003.99, "direction": "buy", "amount": 0.2}, {"trade_seq": 182, "trade_id": "1390174", "timestamp": 1510531901049, "tick_direction": 2, "price": 0.1096, "mark_price": null, "iv": 101.99, "instrument_name": "BTC-29DEC17-6500-C", "index_price": 5959.73, "direction": "buy", "amount": 5.0}, {"trade_seq": 181, "trade_id": "1381904", "timestamp": 1510519661835, "tick_direction": 2, "price": 0.1153, "mark_price": null, "iv": 101.62, "instrument_name": "BTC-29DEC17-6500-C", "index_price": 6056.34, "direction": "sell", "amount": 0.2}, {"trade_seq": 180, "trade_id": "1369229", "timestamp": 1510489792095, "tick_direction": 0, "price": 0.1235, "mark_price": null, "iv": 95.0, "instrument_name": "BTC-29DEC17-6500-C", "index_price": 6324.38, "direction": "sell", "amount": 0.1}, {"trade_seq": 179, "trade_id": "1369086", "timestamp": 1510489282076, "tick_direction": 0, "price": 0.1201, "mark_price": null, "iv": 95.02, "instrument_name": "BTC-29DEC17-6500-C", "index_price": 6271.45, "direction": "sell", "amount": 0.1}, {"trade_seq": 178, "trade_id": "1360951", "timestamp": 1510475196747, "tick_direction": 2, "price": 0.1012, "mark_price": null, "iv": 81.04, "instrument_name": "BTC-29DEC17-6500-C", "index_price": 6284.54, "direction": "sell", "amount": 0.6}, {"trade_seq": 177, "trade_id": "1360950", "timestamp": 1510475196747, "tick_direction": 2, "price": 0.114, "mark_price": null, "iv": 89.99, "instrument_name": "BTC-29DEC17-6500-C", "index_price": 6284.54, "direction": "buy", "amount": 1.0}, {"trade_seq": 176, "trade_id": "1341830", "timestamp": 1510444621940, "tick_direction": 0, "price": 0.1194, "mark_price": null, "iv": 90.02, "instrument_name": "BTC-29DEC17-6500-C", "index_price": 6358.94, "direction": "sell", "amount": 0.5}, {"trade_seq": 175, "trade_id": "1341724", "timestamp": 1510443977117, "tick_direction": 2, "price": 0.1187, "mark_price": null, "iv": 90.02, "instrument_name": "BTC-29DEC17-6500-C", "index_price": 6348.09, "direction": "sell", "amount": 0.5}, {"trade_seq": 174, "trade_id": "1339640", "timestamp": 1510438734361, "tick_direction": 0, "price": 0.129, "mark_price": null, "iv": 94.64, "instrument_name": "BTC-29DEC17-6500-C", "index_price": 6403.1, "direction": "buy", "amount": 0.1}, {"trade_seq": 173, "trade_id": "1330388", "timestamp": 1510414606289, "tick_direction": 2, "price": 0.1221, "mark_price": null, "iv": 89.99, "instrument_name": "BTC-29DEC17-6500-C", "index_price": 6393.4, "direction": "sell", "amount": 0.1}, {"trade_seq": 172, "trade_id": "1330147", "timestamp": 1510414189589, "tick_direction": 2, "price": 0.1235, "mark_price": null, "iv": 90.15, "instrument_name": "BTC-29DEC17-6500-C", "index_price": 6410.98, "direction": "buy", "amount": 0.1}, {"trade_seq": 171, "trade_id": "1317540", "timestamp": 1510373399099, "tick_direction": 3, "price": 0.1498, "mark_price": null, "iv": 91.75, "instrument_name": "BTC-29DEC17-6500-C", "index_price": 6758.2, "direction": "buy", "amount": 0.2}, {"trade_seq": 170, "trade_id": "1316849", "timestamp": 1510367166924, "tick_direction": 3, "price": 0.1498, "mark_price": null, "iv": 91.63, "instrument_name": "BTC-29DEC17-6500-C", "index_price": 6759.23, "direction": "buy", "amount": 0.2}, {"trade_seq": 169, "trade_id": "1316711", "timestamp": 1510366173463, "tick_direction": 2, "price": 0.1498, "mark_price": null, "iv": 90.84, "instrument_name": "BTC-29DEC17-6500-C", "index_price": 6775.14, "direction": "buy", "amount": 0.1}, {"trade_seq": 168, "trade_id": "1316327", "timestamp": 1510365407700, "tick_direction": 0, "price": 0.15, "mark_price": null, "iv": 88.82, "instrument_name": "BTC-29DEC17-6500-C", "index_price": 6818.61, "direction": "buy", "amount": 0.1}, {"trade_seq": 167, "trade_id": "1316182", "timestamp": 1510364942163, "tick_direction": 1, "price": 0.1498, "mark_price": null, "iv": 89.87, "instrument_name": "BTC-29DEC17-6500-C", "index_price": 6794.38, "direction": "buy", "amount": 0.1}, {"trade_seq": 166, "trade_id": "1315979", "timestamp": 1510364073012, "tick_direction": 0, "price": 0.1498, "mark_price": null, "iv": 91.39, "instrument_name": "BTC-29DEC17-6500-C", "index_price": 6763.52, "direction": "buy", "amount": 0.4}, {"trade_seq": 165, "trade_id": "1307822", "timestamp": 1510343198639, "tick_direction": 2, "price": 0.1141, "mark_price": null, "iv": 76.16, "instrument_name": "BTC-29DEC17-6500-C", "index_price": 6553.59, "direction": "buy", "amount": 1.0}, {"trade_seq": 164, "trade_id": "1307460", "timestamp": 1510341929800, "tick_direction": 2, "price": 0.1306, "mark_price": null, "iv": 86.03, "instrument_name": "BTC-29DEC17-6500-C", "index_price": 6588.28, "direction": "sell", "amount": 0.1}, {"trade_seq": 163, "trade_id": "1307459", "timestamp": 1510341929800, "tick_direction": 0, "price": 0.1308, "mark_price": null, "iv": 86.17, "instrument_name": "BTC-29DEC17-6500-C", "index_price": 6588.28, "direction": "sell", "amount": 0.9}, {"trade_seq": 162, "trade_id": "1305852", "timestamp": 1510339037983, "tick_direction": 3, "price": 0.1286, "mark_price": null, "iv": 84.25, "instrument_name": "BTC-29DEC17-6500-C", "index_price": 6595.38, "direction": "buy", "amount": 1.4}, {"trade_seq": 161, "trade_id": "1305842", "timestamp": 1510339020261, "tick_direction": 2, "price": 0.1286, "mark_price": null, "iv": 84.25, "instrument_name": "BTC-29DEC17-6500-C", "index_price": 6595.38, "direction": "buy", "amount": 0.2}, {"trade_seq": 160, "trade_id": "1305821", "timestamp": 1510338962885, "tick_direction": 2, "price": 0.1288, "mark_price": null, "iv": 84.87, "instrument_name": "BTC-29DEC17-6500-C", "index_price": 6585.51, "direction": "buy", "amount": 0.2}, {"trade_seq": 159, "trade_id": "1305777", "timestamp": 1510338823195, "tick_direction": 2, "price": 0.129, "mark_price": null, "iv": 85.64, "instrument_name": "BTC-29DEC17-6500-C", "index_price": 6572.24, "direction": "buy", "amount": 0.2}, {"trade_seq": 158, "trade_id": "1274040", "timestamp": 1510166500687, "tick_direction": 2, "price": 0.1502, "mark_price": null, "iv": 68.69, "instrument_name": "BTC-29DEC17-6500-C", "index_price": 7163.61, "direction": "sell", "amount": 2.0}, {"trade_seq": 157, "trade_id": "1268987", "timestamp": 1510162475990, "tick_direction": 0, "price": 0.2201, "mark_price": null, "iv": 91.54, "instrument_name": "BTC-29DEC17-6500-C", "index_price": 7736.19, "direction": "sell", "amount": 0.5}, {"trade_seq": 156, "trade_id": "1268321", "timestamp": 1510162043591, "tick_direction": 0, "price": 0.21, "mark_price": null, "iv": 80.45, "instrument_name": "BTC-29DEC17-6500-C", "index_price": 7774.07, "direction": "sell", "amount": 0.1}, {"trade_seq": 155, "trade_id": "1268274", "timestamp": 1510162010664, "tick_direction": 0, "price": 0.1677, "mark_price": null, "iv": 35.09, "instrument_name": "BTC-29DEC17-6500-C", "index_price": 7765.23, "direction": "buy", "amount": 0.1}, {"trade_seq": 154, "trade_id": "1268271", "timestamp": 1510162007156, "tick_direction": 0, "price": 0.165, "mark_price": null, "iv": 30.13, "instrument_name": "BTC-29DEC17-6500-C", "index_price": 7761.26, "direction": "buy", "amount": 0.1}, {"trade_seq": 153, "trade_id": "1264517", "timestamp": 1510147026300, "tick_direction": 2, "price": 0.1148, "mark_price": null, "iv": 0.0, "instrument_name": "BTC-29DEC17-6500-C", "index_price": 7445.32, "direction": "buy", "amount": 0.1}, {"trade_seq": 152, "trade_id": "1250504", "timestamp": 1510038609605, "tick_direction": 0, "price": 0.148, "mark_price": null, "iv": 66.19, "instrument_name": "BTC-29DEC17-6500-C", "index_price": 7161.04, "direction": "sell", "amount": 0.1}, {"trade_seq": 151, "trade_id": "1243779", "timestamp": 1509997987841, "tick_direction": 2, "price": 0.134, "mark_price": null, "iv": 64.15, "instrument_name": "BTC-29DEC17-6500-C", "index_price": 7008.41, "direction": "sell", "amount": 0.3}, {"trade_seq": 150, "trade_id": "1243752", "timestamp": 1509997860061, "tick_direction": 2, "price": 0.148, "mark_price": null, "iv": 73.94, "instrument_name": "BTC-29DEC17-6500-C", "index_price": 7014.34, "direction": "sell", "amount": 0.3}, {"trade_seq": 149, "trade_id": "1205636", "timestamp": 1509783594389, "tick_direction": 0, "price": 0.1672, "mark_price": null, "iv": 75.24, "instrument_name": "BTC-29DEC17-6500-C", "index_price": 7220.46, "direction": "buy", "amount": 0.1}, {"trade_seq": 148, "trade_id": "1195548", "timestamp": 1509735346538, "tick_direction": 2, "price": 0.16, "mark_price": null, "iv": 63.15, "instrument_name": "BTC-29DEC17-6500-C", "index_price": 7332.42, "direction": "sell", "amount": 0.2}, {"trade_seq": 147, "trade_id": "1195117", "timestamp": 1509731032231, "tick_direction": 2, "price": 0.1921, "mark_price": null, "iv": 89.45, "instrument_name": "BTC-29DEC17-6500-C", "index_price": 7288.97, "direction": "sell", "amount": 0.1}, {"trade_seq": 146, "trade_id": "1195069", "timestamp": 1509729940005, "tick_direction": 0, "price": 0.1925, "mark_price": null, "iv": 90.45, "instrument_name": "BTC-29DEC17-6500-C", "index_price": 7274.49, "direction": "sell", "amount": 0.1}, {"trade_seq": 145, "trade_id": "1195068", "timestamp": 1509729940005, "tick_direction": 2, "price": 0.1687, "mark_price": null, "iv": 73.01, "instrument_name": "BTC-29DEC17-6500-C", "index_price": 7274.49, "direction": "sell", "amount": 0.1}, {"trade_seq": 144, "trade_id": "1194636", "timestamp": 1509727194002, "tick_direction": 0, "price": 0.17, "mark_price": null, "iv": 70.14, "instrument_name": "BTC-29DEC17-6500-C", "index_price": 7343.14, "direction": "buy", "amount": 0.1}, {"trade_seq": 143, "trade_id": "1194597", "timestamp": 1509727108122, "tick_direction": 0, "price": 0.168, "mark_price": null, "iv": 69.08, "instrument_name": "BTC-29DEC17-6500-C", "index_price": 7335.01, "direction": "buy", "amount": 0.2}, {"trade_seq": 142, "trade_id": "1192442", "timestamp": 1509717110363, "tick_direction": 2, "price": 0.16, "mark_price": null, "iv": 67.78, "instrument_name": "BTC-29DEC17-6500-C", "index_price": 7250.45, "direction": "sell", "amount": 0.2}, {"trade_seq": 141, "trade_id": "1191689", "timestamp": 1509713519524, "tick_direction": 2, "price": 0.164, "mark_price": null, "iv": 67.02, "instrument_name": "BTC-29DEC17-6500-C", "index_price": 7316.3, "direction": "buy", "amount": 0.2}, {"trade_seq": 140, "trade_id": "1189543", "timestamp": 1509702558441, "tick_direction": 0, "price": 0.1667, "mark_price": null, "iv": 64.71, "instrument_name": "BTC-29DEC17-6500-C", "index_price": 7389.44, "direction": "sell", "amount": 0.1}, {"trade_seq": 139, "trade_id": "1188587", "timestamp": 1509700268788, "tick_direction": 0, "price": 0.16, "mark_price": null, "iv": 57.74, "instrument_name": "BTC-29DEC17-6500-C", "index_price": 7415.02, "direction": "buy", "amount": 0.1}, {"trade_seq": 138, "trade_id": "1188377", "timestamp": 1509699575356, "tick_direction": 0, "price": 0.15, "mark_price": null, "iv": 50.16, "instrument_name": "BTC-29DEC17-6500-C", "index_price": 7403.94, "direction": "buy", "amount": 0.1}, {"trade_seq": 137, "trade_id": "1185502", "timestamp": 1509688386925, "tick_direction": 0, "price": 0.145, "mark_price": null, "iv": 57.82, "instrument_name": "BTC-29DEC17-6500-C", "index_price": 7225.24, "direction": "sell", "amount": 0.1}, {"trade_seq": 136, "trade_id": "1182636", "timestamp": 1509669396017, "tick_direction": 0, "price": 0.1428, "mark_price": null, "iv": 66.78, "instrument_name": "BTC-29DEC17-6500-C", "index_price": 7033.79, "direction": "buy", "amount": 0.1}, {"trade_seq": 135, "trade_id": "1179588", "timestamp": 1509648566649, "tick_direction": 2, "price": 0.119, "mark_price": null, "iv": 57.54, "instrument_name": "BTC-29DEC17-6500-C", "index_price": 6892.81, "direction": "sell", "amount": 10.0}, {"trade_seq": 134, "trade_id": "1179108", "timestamp": 1509645559540, "tick_direction": 2, "price": 0.127, "mark_price": null, "iv": 57.46, "instrument_name": "BTC-29DEC17-6500-C", "index_price": 6997.96, "direction": "sell", "amount": 10.0}, {"trade_seq": 133, "trade_id": "1178230", "timestamp": 1509640263252, "tick_direction": 2, "price": 0.1362, "mark_price": null, "iv": 61.57, "instrument_name": "BTC-29DEC17-6500-C", "index_price": 7040.87, "direction": "buy", "amount": 0.1}, {"trade_seq": 132, "trade_id": "1178229", "timestamp": 1509640263252, "tick_direction": 2, "price": 0.1364, "mark_price": null, "iv": 61.71, "instrument_name": "BTC-29DEC17-6500-C", "index_price": 7040.87, "direction": "buy", "amount": 0.1}, {"trade_seq": 131, "trade_id": "1173796", "timestamp": 1509621628476, "tick_direction": 1, "price": 0.141, "mark_price": null, "iv": 58.36, "instrument_name": "BTC-29DEC17-6500-C", "index_price": 7158.64, "direction": "sell", "amount": 0.1}, {"trade_seq": 130, "trade_id": "1173508", "timestamp": 1509621514706, "tick_direction": 0, "price": 0.141, "mark_price": null, "iv": 51.4, "instrument_name": "BTC-29DEC17-6500-C", "index_price": 7272.65, "direction": "sell", "amount": 0.1}, {"trade_seq": 129, "trade_id": "1172160", "timestamp": 1509619392738, "tick_direction": 0, "price": 0.14, "mark_price": null, "iv": 58.15, "instrument_name": "BTC-29DEC17-6500-C", "index_price": 7149.23, "direction": "buy", "amount": 0.1}, {"trade_seq": 128, "trade_id": "1171097", "timestamp": 1509614722843, "tick_direction": 2, "price": 0.111, "mark_price": null, "iv": 47.55, "instrument_name": "BTC-29DEC17-6500-C", "index_price": 6970.94, "direction": "sell", "amount": 1.0}, {"trade_seq": 127, "trade_id": "1170980", "timestamp": 1509613871089, "tick_direction": 2, "price": 0.112, "mark_price": null, "iv": 47.67, "instrument_name": "BTC-29DEC17-6500-C", "index_price": 6980.93, "direction": "sell", "amount": 0.9}, {"trade_seq": 126, "trade_id": "1170979", "timestamp": 1509613871089, "tick_direction": 2, "price": 0.115, "mark_price": null, "iv": 49.8, "instrument_name": "BTC-29DEC17-6500-C", "index_price": 6980.93, "direction": "buy", "amount": 0.1}, {"trade_seq": 125, "trade_id": "1166029", "timestamp": 1509586706094, "tick_direction": 2, "price": 0.124, "mark_price": null, "iv": 60.08, "instrument_name": "BTC-29DEC17-6500-C", "index_price": 6902.38, "direction": "sell", "amount": 0.1}, {"trade_seq": 124, "trade_id": "1166024", "timestamp": 1509586699347, "tick_direction": 2, "price": 0.125, "mark_price": null, "iv": 60.74, "instrument_name": "BTC-29DEC17-6500-C", "index_price": 6902.66, "direction": "sell", "amount": 0.1}, {"trade_seq": 123, "trade_id": "1165702", "timestamp": 1509585757896, "tick_direction": 2, "price": 0.126, "mark_price": null, "iv": 62.08, "instrument_name": "BTC-29DEC17-6500-C", "index_price": 6889.48, "direction": "sell", "amount": 0.1}, {"trade_seq": 122, "trade_id": "1165567", "timestamp": 1509585047686, "tick_direction": 0, "price": 0.1497, "mark_price": null, "iv": 80.41, "instrument_name": "BTC-29DEC17-6500-C", "index_price": 6838.27, "direction": "sell", "amount": 0.2}, {"trade_seq": 121, "trade_id": "1164301", "timestamp": 1509579802599, "tick_direction": 2, "price": 0.1096, "mark_price": null, "iv": 59.99, "instrument_name": "BTC-29DEC17-6500-C", "index_price": 6709.46, "direction": "sell", "amount": 0.1}, {"trade_seq": 120, "trade_id": "1164296", "timestamp": 1509579777124, "tick_direction": 2, "price": 0.1099, "mark_price": null, "iv": 60.12, "instrument_name": "BTC-29DEC17-6500-C", "index_price": 6711.0, "direction": "sell", "amount": 1.5}, {"trade_seq": 119, "trade_id": "1161407", "timestamp": 1509558840624, "tick_direction": 0, "price": 0.1289, "mark_price": null, "iv": 76.98, "instrument_name": "BTC-29DEC17-6500-C", "index_price": 6608.55, "direction": "sell", "amount": 3.1}, {"trade_seq": 118, "trade_id": "1161303", "timestamp": 1509557735303, "tick_direction": 0, "price": 0.1274, "mark_price": null, "iv": 76.97, "instrument_name": "BTC-29DEC17-6500-C", "index_price": 6586.57, "direction": "sell", "amount": 1.2}, {"trade_seq": 117, "trade_id": "1160885", "timestamp": 1509554781986, "tick_direction": 0, "price": 0.1259, "mark_price": null, "iv": 76.98, "instrument_name": "BTC-29DEC17-6500-C", "index_price": 6564.0, "direction": "sell", "amount": 1.0}, {"trade_seq": 116, "trade_id": "1159889", "timestamp": 1509545892571, "tick_direction": 0, "price": 0.125, "mark_price": null, "iv": 77.02, "instrument_name": "BTC-29DEC17-6500-C", "index_price": 6548.16, "direction": "sell", "amount": 0.2}, {"trade_seq": 115, "trade_id": "1158941", "timestamp": 1509540758783, "tick_direction": 0, "price": 0.1222, "mark_price": null, "iv": 76.97, "instrument_name": "BTC-29DEC17-6500-C", "index_price": 6507.09, "direction": "sell", "amount": 1.5}, {"trade_seq": 114, "trade_id": "1158790", "timestamp": 1509539570411, "tick_direction": 2, "price": 0.1216, "mark_price": null, "iv": 77.01, "instrument_name": "BTC-29DEC17-6500-C", "index_price": 6497.08, "direction": "sell", "amount": 0.1}, {"trade_seq": 113, "trade_id": "1156602", "timestamp": 1509532093822, "tick_direction": 0, "price": 0.13, "mark_price": null, "iv": 79.89, "instrument_name": "BTC-29DEC17-6500-C", "index_price": 6553.46, "direction": "buy", "amount": 0.1}, {"trade_seq": 112, "trade_id": "1156525", "timestamp": 1509531299030, "tick_direction": 2, "price": 0.1238, "mark_price": null, "iv": 77.02, "instrument_name": "BTC-29DEC17-6500-C", "index_price": 6528.04, "direction": "sell", "amount": 0.1}, {"trade_seq": 111, "trade_id": "1156070", "timestamp": 1509529407933, "tick_direction": 2, "price": 0.1246, "mark_price": null, "iv": 77.98, "instrument_name": "BTC-29DEC17-6500-C", "index_price": 6517.22, "direction": "sell", "amount": 2.8}, {"trade_seq": 110, "trade_id": "1156069", "timestamp": 1509529407933, "tick_direction": 2, "price": 0.125, "mark_price": null, "iv": 78.23, "instrument_name": "BTC-29DEC17-6500-C", "index_price": 6517.22, "direction": "buy", "amount": 0.2}, {"trade_seq": 109, "trade_id": "1152340", "timestamp": 1509502747003, "tick_direction": 0, "price": 0.1282, "mark_price": null, "iv": 84.94, "instrument_name": "BTC-29DEC17-6500-C", "index_price": 6401.72, "direction": "sell", "amount": 0.1}, {"trade_seq": 108, "trade_id": "1152296", "timestamp": 1509501803968, "tick_direction": 2, "price": 0.1277, "mark_price": null, "iv": 84.39, "instrument_name": "BTC-29DEC17-6500-C", "index_price": 6407.05, "direction": "sell", "amount": 0.2}, {"trade_seq": 107, "trade_id": "1149957", "timestamp": 1509489936573, "tick_direction": 0, "price": 0.1279, "mark_price": null, "iv": 84.88, "instrument_name": "BTC-29DEC17-6500-C", "index_price": 6395.94, "direction": "buy", "amount": 0.2}, {"trade_seq": 106, "trade_id": "1146823", "timestamp": 1509471193617, "tick_direction": 1, "price": 0.125, "mark_price": null, "iv": 85.7, "instrument_name": "BTC-29DEC17-6500-C", "index_price": 6328.02, "direction": "sell", "amount": 1.1}, {"trade_seq": 105, "trade_id": "1146067", "timestamp": 1509468402445, "tick_direction": 1, "price": 0.125, "mark_price": null, "iv": 83.64, "instrument_name": "BTC-29DEC17-6500-C", "index_price": 6377.36, "direction": "sell", "amount": 0.1}, {"trade_seq": 104, "trade_id": "1144984", "timestamp": 1509463282131, "tick_direction": 1, "price": 0.125, "mark_price": null, "iv": 84.38, "instrument_name": "BTC-29DEC17-6500-C", "index_price": 6358.41, "direction": "sell", "amount": 0.1}, {"trade_seq": 103, "trade_id": "1144579", "timestamp": 1509462225824, "tick_direction": 1, "price": 0.125, "mark_price": null, "iv": 84.63, "instrument_name": "BTC-29DEC17-6500-C", "index_price": 6352.21, "direction": "sell", "amount": 0.2}, {"trade_seq": 102, "trade_id": "1144509", "timestamp": 1509462194271, "tick_direction": 0, "price": 0.125, "mark_price": null, "iv": 84.28, "instrument_name": "BTC-29DEC17-6500-C", "index_price": 6360.69, "direction": "sell", "amount": 0.1}, {"trade_seq": 101, "trade_id": "1143284", "timestamp": 1509459587783, "tick_direction": 0, "price": 0.1246, "mark_price": null, "iv": 89.81, "instrument_name": "BTC-29DEC17-6500-C", "index_price": 6217.82, "direction": "sell", "amount": 0.1}, {"trade_seq": 100, "trade_id": "1143078", "timestamp": 1509458669142, "tick_direction": 0, "price": 0.1238, "mark_price": null, "iv": 84.09, "instrument_name": "BTC-29DEC17-6500-C", "index_price": 6346.2, "direction": "buy", "amount": 0.4}, {"trade_seq": 99, "trade_id": "1139970", "timestamp": 1509446807521, "tick_direction": 0, "price": 0.1194, "mark_price": null, "iv": 88.78, "instrument_name": "BTC-29DEC17-6500-C", "index_price": 6159.21, "direction": "buy", "amount": 0.1}, {"trade_seq": 98, "trade_id": "1136691", "timestamp": 1509398964799, "tick_direction": 2, "price": 0.115, "mark_price": null, "iv": 87.8, "instrument_name": "BTC-29DEC17-6500-C", "index_price": 6104.15, "direction": "sell", "amount": 0.4}, {"trade_seq": 97, "trade_id": "1136519", "timestamp": 1509395295311, "tick_direction": 2, "price": 0.1164, "mark_price": null, "iv": 89.03, "instrument_name": "BTC-29DEC17-6500-C", "index_price": 6094.13, "direction": "buy", "amount": 0.1}, {"trade_seq": 96, "trade_id": "1123878", "timestamp": 1509311491486, "tick_direction": 0, "price": 0.1213, "mark_price": null, "iv": 103.67, "instrument_name": "BTC-29DEC17-6500-C", "index_price": 5769.81, "direction": "sell", "amount": 0.1}, {"trade_seq": 95, "trade_id": "1109462", "timestamp": 1509197339916, "tick_direction": 2, "price": 0.0642, "mark_price": null, "iv": 69.29, "instrument_name": "BTC-29DEC17-6500-C", "index_price": 5709.95, "direction": "sell", "amount": 1.0}, {"trade_seq": 94, "trade_id": "1108268", "timestamp": 1509188237203, "tick_direction": 3, "price": 0.0745, "mark_price": null, "iv": 74.99, "instrument_name": "BTC-29DEC17-6500-C", "index_price": 5731.73, "direction": "buy", "amount": 0.9}, {"trade_seq": 93, "trade_id": "1108264", "timestamp": 1509188231768, "tick_direction": 2, "price": 0.0745, "mark_price": null, "iv": 74.07, "instrument_name": "BTC-29DEC17-6500-C", "index_price": 5757.45, "direction": "buy", "amount": 0.9}, {"trade_seq": 92, "trade_id": "1107554", "timestamp": 1509183147113, "tick_direction": 2, "price": 0.0883, "mark_price": null, "iv": 81.41, "instrument_name": "BTC-29DEC17-6500-C", "index_price": 5790.96, "direction": "sell", "amount": 0.9}, {"trade_seq": 91, "trade_id": "1107553", "timestamp": 1509183147113, "tick_direction": 2, "price": 0.0893, "mark_price": null, "iv": 82.02, "instrument_name": "BTC-29DEC17-6500-C", "index_price": 5790.96, "direction": "sell", "amount": 0.1}, {"trade_seq": 90, "trade_id": "1107552", "timestamp": 1509183115675, "tick_direction": 2, "price": 0.0894, "mark_price": null, "iv": 82.04, "instrument_name": "BTC-29DEC17-6500-C", "index_price": 5792.31, "direction": "sell", "amount": 1.0}, {"trade_seq": 89, "trade_id": "1104718", "timestamp": 1509138500941, "tick_direction": 1, "price": 0.1194, "mark_price": null, "iv": 100.56, "instrument_name": "BTC-29DEC17-6500-C", "index_price": 5777.44, "direction": "sell", "amount": 0.5}, {"trade_seq": 88, "trade_id": "1104714", "timestamp": 1509138495801, "tick_direction": 0, "price": 0.1194, "mark_price": null, "iv": 100.87, "instrument_name": "BTC-29DEC17-6500-C", "index_price": 5769.11, "direction": "buy", "amount": 1.0}, {"trade_seq": 87, "trade_id": "1104702", "timestamp": 1509138432080, "tick_direction": 1, "price": 0.1089, "mark_price": null, "iv": 94.69, "instrument_name": "BTC-29DEC17-6500-C", "index_price": 5763.36, "direction": "sell", "amount": 0.1}, {"trade_seq": 86, "trade_id": "1104701", "timestamp": 1509138430594, "tick_direction": 0, "price": 0.1089, "mark_price": null, "iv": 94.48, "instrument_name": "BTC-29DEC17-6500-C", "index_price": 5769.11, "direction": "buy", "amount": 1.3}, {"trade_seq": 85, "trade_id": "1104699", "timestamp": 1509138345856, "tick_direction": 0, "price": 0.1073, "mark_price": null, "iv": 93.5, "instrument_name": "BTC-29DEC17-6500-C", "index_price": 5769.11, "direction": "buy", "amount": 0.8}, {"trade_seq": 84, "trade_id": "1104698", "timestamp": 1509138345856, "tick_direction": 0, "price": 0.1072, "mark_price": null, "iv": 93.44, "instrument_name": "BTC-29DEC17-6500-C", "index_price": 5769.11, "direction": "buy", "amount": 1.3}, {"trade_seq": 83, "trade_id": "1102781", "timestamp": 1509118574131, "tick_direction": 2, "price": 0.0871, "mark_price": null, "iv": 82.33, "instrument_name": "BTC-29DEC17-6500-C", "index_price": 5731.52, "direction": "sell", "amount": 0.1}, {"trade_seq": 82, "trade_id": "1100151", "timestamp": 1509106235061, "tick_direction": 2, "price": 0.0983, "mark_price": null, "iv": 85.25, "instrument_name": "BTC-29DEC17-6500-C", "index_price": 5837.24, "direction": "sell", "amount": 0.5}, {"trade_seq": 81, "trade_id": "1096899", "timestamp": 1509071677138, "tick_direction": 2, "price": 0.1176, "mark_price": null, "iv": 92.4, "instrument_name": "BTC-29DEC17-6500-C", "index_price": 5952.35, "direction": "buy", "amount": 0.1}, {"trade_seq": 80, "trade_id": "1096057", "timestamp": 1509065156825, "tick_direction": 0, "price": 0.12, "mark_price": null, "iv": 95.18, "instrument_name": "BTC-29DEC17-6500-C", "index_price": 5914.89, "direction": "buy", "amount": 5.0}, {"trade_seq": 79, "trade_id": "1093307", "timestamp": 1509044559042, "tick_direction": 3, "price": 0.111, "mark_price": null, "iv": 91.59, "instrument_name": "BTC-29DEC17-6500-C", "index_price": 5860.51, "direction": "sell", "amount": 0.1}, {"trade_seq": 78, "trade_id": "1092462", "timestamp": 1509038813674, "tick_direction": 3, "price": 0.111, "mark_price": null, "iv": 88.62, "instrument_name": "BTC-29DEC17-6500-C", "index_price": 5939.79, "direction": "sell", "amount": 0.1}, {"trade_seq": 77, "trade_id": "1092272", "timestamp": 1509037062986, "tick_direction": 2, "price": 0.111, "mark_price": null, "iv": 87.92, "instrument_name": "BTC-29DEC17-6500-C", "index_price": 5958.51, "direction": "buy", "amount": 0.2}, {"trade_seq": 76, "trade_id": "1091159", "timestamp": 1509026270281, "tick_direction": 0, "price": 0.115, "mark_price": null, "iv": 92.37, "instrument_name": "BTC-29DEC17-6500-C", "index_price": 5900.57, "direction": "sell", "amount": 0.1}, {"trade_seq": 75, "trade_id": "1086498", "timestamp": 1508995478987, "tick_direction": 2, "price": 0.0965, "mark_price": null, "iv": 85.77, "instrument_name": "BTC-29DEC17-6500-C", "index_price": 5769.02, "direction": "buy", "amount": 0.1}, {"trade_seq": 74, "trade_id": "1086479", "timestamp": 1508994548050, "tick_direction": 0, "price": 0.0969, "mark_price": null, "iv": 86.09, "instrument_name": "BTC-29DEC17-6500-C", "index_price": 5766.75, "direction": "buy", "amount": 0.1}, {"trade_seq": 73, "trade_id": "1086368", "timestamp": 1508992021997, "tick_direction": 0, "price": 0.0956, "mark_price": null, "iv": 85.9, "instrument_name": "BTC-29DEC17-6500-C", "index_price": 5749.55, "direction": "buy", "amount": 0.1}, {"trade_seq": 72, "trade_id": "1086338", "timestamp": 1508991640339, "tick_direction": 0, "price": 0.0954, "mark_price": null, "iv": 85.59, "instrument_name": "BTC-29DEC17-6500-C", "index_price": 5754.69, "direction": "buy", "amount": 0.1}, {"trade_seq": 71, "trade_id": "1083132", "timestamp": 1508963927103, "tick_direction": 0, "price": 0.0945, "mark_price": null, "iv": 87.44, "instrument_name": "BTC-29DEC17-6500-C", "index_price": 5681.8, "direction": "buy", "amount": 1.0}, {"trade_seq": 70, "trade_id": "1079524", "timestamp": 1508944993839, "tick_direction": 2, "price": 0.0782, "mark_price": null, "iv": 85.02, "instrument_name": "BTC-29DEC17-6500-C", "index_price": 5460.46, "direction": "sell", "amount": 0.1}, {"trade_seq": 69, "trade_id": "1077881", "timestamp": 1508935876083, "tick_direction": 1, "price": 0.1, "mark_price": null, "iv": 97.41, "instrument_name": "BTC-29DEC17-6500-C", "index_price": 5487.61, "direction": "buy", "amount": 6.9}, {"trade_seq": 68, "trade_id": "1077707", "timestamp": 1508934298374, "tick_direction": 0, "price": 0.1, "mark_price": null, "iv": 98.27, "instrument_name": "BTC-29DEC17-6500-C", "index_price": 5462.88, "direction": "buy", "amount": 2.0}, {"trade_seq": 67, "trade_id": "1073642", "timestamp": 1508900388289, "tick_direction": 2, "price": 0.075, "mark_price": null, "iv": 85.03, "instrument_name": "BTC-29DEC17-6500-C", "index_price": 5391.73, "direction": "sell", "amount": 0.1}, {"trade_seq": 66, "trade_id": "1071537", "timestamp": 1508886810804, "tick_direction": 0, "price": 0.1075, "mark_price": null, "iv": 99.9, "instrument_name": "BTC-29DEC17-6500-C", "index_price": 5533.45, "direction": "buy", "amount": 0.1}, {"trade_seq": 65, "trade_id": "1070759", "timestamp": 1508882607637, "tick_direction": 2, "price": 0.0775, "mark_price": null, "iv": 83.43, "instrument_name": "BTC-29DEC17-6500-C", "index_price": 5480.6, "direction": "buy", "amount": 0.1}, {"trade_seq": 64, "trade_id": "1070645", "timestamp": 1508882385609, "tick_direction": 2, "price": 0.09, "mark_price": null, "iv": 91.48, "instrument_name": "BTC-29DEC17-6500-C", "index_price": 5470.21, "direction": "sell", "amount": 0.6}, {"trade_seq": 63, "trade_id": "1070274", "timestamp": 1508881775776, "tick_direction": 0, "price": 0.0947, "mark_price": null, "iv": 93.0, "instrument_name": "BTC-29DEC17-6500-C", "index_price": 5508.45, "direction": "sell", "amount": 0.1}, {"trade_seq": 62, "trade_id": "1058184", "timestamp": 1508814170301, "tick_direction": 2, "price": 0.0891, "mark_price": null, "iv": 85.05, "instrument_name": "BTC-29DEC17-6500-C", "index_price": 5624.43, "direction": "buy", "amount": 0.1}, {"trade_seq": 61, "trade_id": "1055904", "timestamp": 1508809109305, "tick_direction": 2, "price": 0.092, "mark_price": null, "iv": 85.01, "instrument_name": "BTC-29DEC17-6500-C", "index_price": 5674.36, "direction": "sell", "amount": 0.1}, {"trade_seq": 60, "trade_id": "1055893", "timestamp": 1508809102253, "tick_direction": 2, "price": 0.093, "mark_price": null, "iv": 85.63, "instrument_name": "BTC-29DEC17-6500-C", "index_price": 5673.76, "direction": "sell", "amount": 0.1}, {"trade_seq": 59, "trade_id": "1055868", "timestamp": 1508809084163, "tick_direction": 3, "price": 0.0938, "mark_price": null, "iv": 86.0, "instrument_name": "BTC-29DEC17-6500-C", "index_price": 5676.97, "direction": "sell", "amount": 0.1}, {"trade_seq": 58, "trade_id": "1055867", "timestamp": 1508809084163, "tick_direction": 2, "price": 0.0938, "mark_price": null, "iv": 86.0, "instrument_name": "BTC-29DEC17-6500-C", "index_price": 5676.97, "direction": "sell", "amount": 0.1}, {"trade_seq": 57, "trade_id": "1052389", "timestamp": 1508800697953, "tick_direction": 2, "price": 0.1072, "mark_price": null, "iv": 88.03, "instrument_name": "BTC-29DEC17-6500-C", "index_price": 5842.57, "direction": "buy", "amount": 0.1}, {"trade_seq": 56, "trade_id": "1048234", "timestamp": 1508778141200, "tick_direction": 0, "price": 0.12, "mark_price": null, "iv": 95.67, "instrument_name": "BTC-29DEC17-6500-C", "index_price": 5834.7, "direction": "buy", "amount": 3.0}, {"trade_seq": 55, "trade_id": "1044014", "timestamp": 1508764916855, "tick_direction": 2, "price": 0.1189, "mark_price": null, "iv": 98.56, "instrument_name": "BTC-29DEC17-6500-C", "index_price": 5732.5, "direction": "buy", "amount": 3.0}, {"trade_seq": 54, "trade_id": "1031469", "timestamp": 1508686565531, "tick_direction": 0, "price": 0.1513, "mark_price": null, "iv": 107.07, "instrument_name": "BTC-29DEC17-6500-C", "index_price": 6003.9, "direction": "sell", "amount": 0.1}, {"trade_seq": 53, "trade_id": "1031234", "timestamp": 1508686215783, "tick_direction": 0, "price": 0.1512, "mark_price": null, "iv": 107.97, "instrument_name": "BTC-29DEC17-6500-C", "index_price": 5977.22, "direction": "buy", "amount": 0.1}, {"trade_seq": 52, "trade_id": "1029255", "timestamp": 1508675599936, "tick_direction": 2, "price": 0.1372, "mark_price": null, "iv": 105.11, "instrument_name": "BTC-29DEC17-6500-C", "index_price": 5827.01, "direction": "buy", "amount": 0.4}, {"trade_seq": 51, "trade_id": "1028234", "timestamp": 1508669851610, "tick_direction": 2, "price": 0.1407, "mark_price": null, "iv": 107.95, "instrument_name": "BTC-29DEC17-6500-C", "index_price": 5802.88, "direction": "buy", "amount": 0.1}, {"trade_seq": 50, "trade_id": "1010950", "timestamp": 1508596957952, "tick_direction": 0, "price": 0.15, "mark_price": null, "iv": 99.98, "instrument_name": "BTC-29DEC17-6500-C", "index_price": 6156.83, "direction": "buy", "amount": 0.1}, {"trade_seq": 49, "trade_id": "1010155", "timestamp": 1508594738063, "tick_direction": 2, "price": 0.1216, "mark_price": null, "iv": 84.99, "instrument_name": "BTC-29DEC17-6500-C", "index_price": 6116.96, "direction": "sell", "amount": 0.1}, {"trade_seq": 48, "trade_id": "1001992", "timestamp": 1508531712874, "tick_direction": 0, "price": 0.145, "mark_price": null, "iv": 101.07, "instrument_name": "BTC-29DEC17-6500-C", "index_price": 6031.56, "direction": "buy", "amount": 0.1}, {"trade_seq": 47, "trade_id": "1000279", "timestamp": 1508524724791, "tick_direction": 0, "price": 0.14, "mark_price": null, "iv": 100.59, "instrument_name": "BTC-29DEC17-6500-C", "index_price": 5962.89, "direction": "buy", "amount": 0.1}, {"trade_seq": 46, "trade_id": "999783", "timestamp": 1508520404118, "tick_direction": 3, "price": 0.1285, "mark_price": null, "iv": 94.33, "instrument_name": "BTC-29DEC17-6500-C", "index_price": 5952.2, "direction": "buy", "amount": 0.1}, {"trade_seq": 45, "trade_id": "999473", "timestamp": 1508519329342, "tick_direction": 3, "price": 0.1285, "mark_price": null, "iv": 93.88, "instrument_name": "BTC-29DEC17-6500-C", "index_price": 5964.58, "direction": "buy", "amount": 0.1}, {"trade_seq": 44, "trade_id": "998947", "timestamp": 1508517355556, "tick_direction": 3, "price": 0.1285, "mark_price": null, "iv": 93.94, "instrument_name": "BTC-29DEC17-6500-C", "index_price": 5962.61, "direction": "buy", "amount": 0.2}, {"trade_seq": 43, "trade_id": "998941", "timestamp": 1508517255612, "tick_direction": 2, "price": 0.1285, "mark_price": null, "iv": 93.98, "instrument_name": "BTC-29DEC17-6500-C", "index_price": 5961.41, "direction": "sell", "amount": 0.1}, {"trade_seq": 42, "trade_id": "998232", "timestamp": 1508514179978, "tick_direction": 0, "price": 0.135, "mark_price": null, "iv": 96.9, "instrument_name": "BTC-29DEC17-6500-C", "index_price": 5983.43, "direction": "buy", "amount": 0.5}, {"trade_seq": 41, "trade_id": "986375", "timestamp": 1508423577262, "tick_direction": 0, "price": 0.115, "mark_price": null, "iv": 93.97, "instrument_name": "BTC-29DEC17-6500-C", "index_price": 5719.84, "direction": "buy", "amount": 0.5}, {"trade_seq": 40, "trade_id": "966734", "timestamp": 1508310201844, "tick_direction": 2, "price": 0.083, "mark_price": null, "iv": 86.75, "instrument_name": "BTC-29DEC17-6500-C", "index_price": 5358.07, "direction": "buy", "amount": 0.3}, {"trade_seq": 39, "trade_id": "966725", "timestamp": 1508310183240, "tick_direction": 2, "price": 0.0833, "mark_price": null, "iv": 87.01, "instrument_name": "BTC-29DEC17-6500-C", "index_price": 5355.48, "direction": "sell", "amount": 0.5}, {"trade_seq": 38, "trade_id": "966724", "timestamp": 1508310183240, "tick_direction": 2, "price": 0.085, "mark_price": null, "iv": 88.02, "instrument_name": "BTC-29DEC17-6500-C", "index_price": 5355.48, "direction": "sell", "amount": 0.1}, {"trade_seq": 37, "trade_id": "965894", "timestamp": 1508307774559, "tick_direction": 2, "price": 0.09, "mark_price": null, "iv": 89.64, "instrument_name": "BTC-29DEC17-6500-C", "index_price": 5394.88, "direction": "sell", "amount": 0.1}, {"trade_seq": 36, "trade_id": "963830", "timestamp": 1508291383540, "tick_direction": 2, "price": 0.0968, "mark_price": null, "iv": 89.52, "instrument_name": "BTC-29DEC17-6500-C", "index_price": 5514.02, "direction": "sell", "amount": 0.1}, {"trade_seq": 35, "trade_id": "961188", "timestamp": 1508270177688, "tick_direction": 2, "price": 0.11, "mark_price": null, "iv": 93.13, "instrument_name": "BTC-29DEC17-6500-C", "index_price": 5626.88, "direction": "sell", "amount": 1.0}, {"trade_seq": 34, "trade_id": "960963", "timestamp": 1508266756768, "tick_direction": 1, "price": 0.1132, "mark_price": null, "iv": 95.63, "instrument_name": "BTC-29DEC17-6500-C", "index_price": 5606.01, "direction": "buy", "amount": 0.1}, {"trade_seq": 33, "trade_id": "960943", "timestamp": 1508266680163, "tick_direction": 0, "price": 0.1132, "mark_price": null, "iv": 95.32, "instrument_name": "BTC-29DEC17-6500-C", "index_price": 5615.13, "direction": "buy", "amount": 0.1}, {"trade_seq": 32, "trade_id": "960926", "timestamp": 1508266651026, "tick_direction": 2, "price": 0.11, "mark_price": null, "iv": 93.34, "instrument_name": "BTC-29DEC17-6500-C", "index_price": 5620.01, "direction": "sell", "amount": 1.0}, {"trade_seq": 31, "trade_id": "960906", "timestamp": 1508266514178, "tick_direction": 0, "price": 0.1132, "mark_price": null, "iv": 94.98, "instrument_name": "BTC-29DEC17-6500-C", "index_price": 5625.0, "direction": "sell", "amount": 0.1}, {"trade_seq": 30, "trade_id": "960593", "timestamp": 1508262364384, "tick_direction": 2, "price": 0.11, "mark_price": null, "iv": 93.09, "instrument_name": "BTC-29DEC17-6500-C", "index_price": 5626.44, "direction": "sell", "amount": 1.0}, {"trade_seq": 29, "trade_id": "950420", "timestamp": 1508178735179, "tick_direction": 0, "price": 0.13, "mark_price": null, "iv": 102.01, "instrument_name": "BTC-29DEC17-6500-C", "index_price": 5676.76, "direction": "buy", "amount": 0.1}, {"trade_seq": 28, "trade_id": "950331", "timestamp": 1508176806215, "tick_direction": 2, "price": 0.12, "mark_price": null, "iv": 96.03, "instrument_name": "BTC-29DEC17-6500-C", "index_price": 5687.34, "direction": "buy", "amount": 0.1}, {"trade_seq": 27, "trade_id": "931451", "timestamp": 1508024731639, "tick_direction": 1, "price": 0.1341, "mark_price": null, "iv": 98.99, "instrument_name": "BTC-29DEC17-6500-C", "index_price": 5797.99, "direction": "buy", "amount": 0.1}, {"trade_seq": 26, "trade_id": "931450", "timestamp": 1508024731639, "tick_direction": 0, "price": 0.1341, "mark_price": null, "iv": 98.99, "instrument_name": "BTC-29DEC17-6500-C", "index_price": 5797.99, "direction": "buy", "amount": 0.5}, {"trade_seq": 25, "trade_id": "931230", "timestamp": 1508024123342, "tick_direction": 0, "price": 0.125, "mark_price": null, "iv": 94.69, "instrument_name": "BTC-29DEC17-6500-C", "index_price": 5776.31, "direction": "buy", "amount": 0.5}, {"trade_seq": 24, "trade_id": "917818", "timestamp": 1507919101339, "tick_direction": 2, "price": 0.105, "mark_price": null, "iv": 86.04, "instrument_name": "BTC-29DEC17-6500-C", "index_price": 5682.51, "direction": "buy", "amount": 0.5}, {"trade_seq": 23, "trade_id": "898736", "timestamp": 1507859760841, "tick_direction": 1, "price": 0.1232, "mark_price": null, "iv": 101.92, "instrument_name": "BTC-29DEC17-6500-C", "index_price": 5491.06, "direction": "sell", "amount": 0.2}, {"trade_seq": 22, "trade_id": "898725", "timestamp": 1507859757459, "tick_direction": 0, "price": 0.1232, "mark_price": null, "iv": 101.92, "instrument_name": "BTC-29DEC17-6500-C", "index_price": 5491.06, "direction": "buy", "amount": 1.3}, {"trade_seq": 21, "trade_id": "883247", "timestamp": 1507795849111, "tick_direction": 0, "price": 0.0658, "mark_price": null, "iv": 82.98, "instrument_name": "BTC-29DEC17-6500-C", "index_price": 5045.22, "direction": "sell", "amount": 0.1}, {"trade_seq": 20, "trade_id": "877228", "timestamp": 1507736430592, "tick_direction": 2, "price": 0.0554, "mark_price": null, "iv": 82.94, "instrument_name": "BTC-29DEC17-6500-C", "index_price": 4819.65, "direction": "sell", "amount": 1.0}, {"trade_seq": 19, "trade_id": "866135", "timestamp": 1507633330005, "tick_direction": 2, "price": 0.0651, "mark_price": null, "iv": 88.99, "instrument_name": "BTC-29DEC17-6500-C", "index_price": 4799.23, "direction": "buy", "amount": 1.0}, {"trade_seq": 18, "trade_id": "866080", "timestamp": 1507632189287, "tick_direction": 0, "price": 0.0652, "mark_price": null, "iv": 88.99, "instrument_name": "BTC-29DEC17-6500-C", "index_price": 4800.7, "direction": "buy", "amount": 1.0}, {"trade_seq": 17, "trade_id": "842536", "timestamp": 1507277372006, "tick_direction": 0, "price": 0.0546, "mark_price": null, "iv": 92.01, "instrument_name": "BTC-29DEC17-6500-C", "index_price": 4398.69, "direction": "sell", "amount": 0.8}, {"trade_seq": 16, "trade_id": "839553", "timestamp": 1507215579326, "tick_direction": 2, "price": 0.0508, "mark_price": null, "iv": 91.99, "instrument_name": "BTC-29DEC17-6500-C", "index_price": 4300.53, "direction": "sell", "amount": 0.1}, {"trade_seq": 15, "trade_id": "839501", "timestamp": 1507214641434, "tick_direction": 2, "price": 0.0511, "mark_price": null, "iv": 92.02, "instrument_name": "BTC-29DEC17-6500-C", "index_price": 4306.26, "direction": "sell", "amount": 0.1}, {"trade_seq": 14, "trade_id": "832024", "timestamp": 1507062925287, "tick_direction": 0, "price": 0.063, "mark_price": null, "iv": 99.72, "instrument_name": "BTC-29DEC17-6500-C", "index_price": 4272.26, "direction": "buy", "amount": 43.2}, {"trade_seq": 13, "trade_id": "832023", "timestamp": 1507062925287, "tick_direction": 0, "price": 0.0629, "mark_price": null, "iv": 99.66, "instrument_name": "BTC-29DEC17-6500-C", "index_price": 4272.26, "direction": "buy", "amount": 0.7}, {"trade_seq": 12, "trade_id": "813128", "timestamp": 1506702638372, "tick_direction": 2, "price": 0.0536, "mark_price": null, "iv": 93.23, "instrument_name": "BTC-29DEC17-6500-C", "index_price": 4212.95, "direction": "sell", "amount": 0.1}, {"trade_seq": 11, "trade_id": "806970", "timestamp": 1506513837772, "tick_direction": 0, "price": 0.0575, "mark_price": null, "iv": 98.68, "instrument_name": "BTC-29DEC17-6500-C", "index_price": 4070.54, "direction": "sell", "amount": 0.1}, {"trade_seq": 10, "trade_id": "801976", "timestamp": 1506394295107, "tick_direction": 2, "price": 0.053, "mark_price": null, "iv": 98.99, "instrument_name": "BTC-29DEC17-6500-C", "index_price": 3935.2, "direction": "buy", "amount": 1.0}, {"trade_seq": 9, "trade_id": "648811", "timestamp": 1505324182803, "tick_direction": 0, "price": 0.0568, "mark_price": null, "iv": 94.98, "instrument_name": "BTC-29DEC17-6500-C", "index_price": 3949.26, "direction": "buy", "amount": 0.8}, {"trade_seq": 8, "trade_id": "643146", "timestamp": 1505302838258, "tick_direction": 0, "price": 0.0519, "mark_price": null, "iv": 95.0, "instrument_name": "BTC-29DEC17-6500-C", "index_price": 3835.43, "direction": "buy", "amount": 0.2}, {"trade_seq": 7, "trade_id": "642976", "timestamp": 1505301850103, "tick_direction": 2, "price": 0.051, "mark_price": null, "iv": 94.72, "instrument_name": "BTC-29DEC17-6500-C", "index_price": 3824.9, "direction": "sell", "amount": 1.0}, {"trade_seq": 6, "trade_id": "642960", "timestamp": 1505301776178, "tick_direction": 2, "price": 0.052, "mark_price": null, "iv": 95.27, "instrument_name": "BTC-29DEC17-6500-C", "index_price": 3827.75, "direction": "sell", "amount": 1.0}, {"trade_seq": 5, "trade_id": "641100", "timestamp": 1505289345172, "tick_direction": 2, "price": 0.0613, "mark_price": null, "iv": 97.69, "instrument_name": "BTC-29DEC17-6500-C", "index_price": 3940.63, "direction": "buy", "amount": 0.5}, {"trade_seq": 4, "trade_id": "614731", "timestamp": 1505081226138, "tick_direction": 2, "price": 0.0653, "mark_price": null, "iv": 90.0, "instrument_name": "BTC-29DEC17-6500-C", "index_price": 4269.46, "direction": "buy", "amount": 5.0}, {"trade_seq": 3, "trade_id": "547423", "timestamp": 1504444738883, "tick_direction": 0, "price": 0.0826, "mark_price": null, "iv": 87.74, "instrument_name": "BTC-29DEC17-6500-C", "index_price": 4586.6, "direction": "sell", "amount": 1.0}, {"trade_seq": 2, "trade_id": "520168", "timestamp": 1503986374110, "tick_direction": 2, "price": 0.07, "mark_price": null, "iv": 85.11, "instrument_name": "BTC-29DEC17-6500-C", "index_price": 4368.63, "direction": "buy", "amount": 0.3}, {"trade_seq": 1, "trade_id": "475239", "timestamp": 1503155213591, "tick_direction": 1, "price": 0.1044, "mark_price": null, "iv": 105.69, "instrument_name": "BTC-29DEC17-6500-C", "index_price": 4068.45, "direction": "sell", "amount": 0.3}], "has_more": false}