{"trades": [{"trade_seq": 4413, "trade_id": "238382001", "timestamp": 1672324128157, "tick_direction": 3, "price": 0.0005, "mark_price": 4.537e-05, "iv": 94.96, "instrument_name": "BTC-30DEC22-18000-C", "index_price": 16613.74, "direction": "buy", "amount": 0.1}, {"trade_seq": 4412, "trade_id": "238366703", "timestamp": 1672291919378, "tick_direction": 3, "price": 0.0005, "mark_price": 0.00018445, "iv": 79.99, "instrument_name": "BTC-30DEC22-18000-C", "index_price": 16552.29, "direction": "buy", "amount": 1.4}, {"trade_seq": 4411, "trade_id": "238366702", "timestamp": 1672291919378, "tick_direction": 3, "price": 0.0005, "mark_price": 0.00018445, "iv": 79.99, "instrument_name": "BTC-30DEC22-18000-C", "index_price": 16552.29, "direction": "buy", "amount": 1.0}, {"trade_seq": 4410, "trade_id": "238366701", "timestamp": 1672291919378, "tick_direction": 3, "price": 0.0005, "mark_price": 0.00018445, "iv": 79.99, "instrument_name": "BTC-30DEC22-18000-C", "index_price": 16552.29, "direction": "buy", "amount": 1.0}, {"trade_seq": 4409, "trade_id": "238361082", "timestamp": 1672269171758, "tick_direction": 3, "price": 0.0005, "mark_price": 0.00035665, "iv": 72.65, "instrument_name": "BTC-30DEC22-18000-C", "index_price": 16534.8, "direction": "buy", "amount": 0.2}, {"trade_seq": 4408, "trade_id": "238361081", "timestamp": 1672269171395, "tick_direction": 3, "price": 0.0005, "mark_price": 0.00035665, "iv": 72.65, "instrument_name": "BTC-30DEC22-18000-C", "index_price": 16534.8, "direction": "sell", "amount": 0.8}, {"trade_seq": 4407, "trade_id": "238360953", "timestamp": 1672268954825, "tick_direction": 3, "price": 0.0005, "mark_price": 0.00035361, "iv": 72.74, "instrument_name": "BTC-30DEC22-18000-C", "index_price": 16530.18, "direction": "sell", "amount": 0.2}, {"trade_seq": 4406, "trade_id": "238360380", "timestamp": 1672267718244, "tick_direction": 3, "price": 0.0005, "mark_price": 0.00031813, "iv": 73.51, "instrument_name": "BTC-30DEC22-18000-C", "index_price": 16511.78, "direction": "sell", "amount": 1.0}, {"trade_seq": 4405, "trade_id": "238348462", "timestamp": 1672248568745, "tick_direction": 3, "price": 0.0005, "mark_price": 0.00074091, "iv": 63.81, "instrument_name": "BTC-30DEC22-18000-C", "index_price": 16614.62, "direction": "sell", "amount": 0.1}, {"trade_seq": 4404, "trade_id": "238348460", "timestamp": 1672248562661, "tick_direction": 3, "price": 0.0005, "mark_price": 0.00074064, "iv": 63.81, "instrument_name": "BTC-30DEC22-18000-C", "index_price": 16614.52, "direction": "sell", "amount": 0.1}, {"trade_seq": 4403, "trade_id": "238348459", "timestamp": 1672248560632, "tick_direction": 3, "price": 0.0005, "mark_price": 0.00074069, "iv": 63.81, "instrument_name": "BTC-30DEC22-18000-C", "index_price": 16614.56, "direction": "sell", "amount": 0.3}, {"trade_seq": 4402, "trade_id": "238348458", "timestamp": 1672248554541, "tick_direction": 3, "price": 0.0005, "mark_price": 0.00074016, "iv": 63.82, "instrument_name": "BTC-30DEC22-18000-C", "index_price": 16614.46, "direction": "sell", "amount": 0.2}, {"trade_seq": 4401, "trade_id": "238348457", "timestamp": 1672248552518, "tick_direction": 3, "price": 0.0005, "mark_price": 0.00074035, "iv": 63.82, "instrument_name": "BTC-30DEC22-18000-C", "index_price": 16614.59, "direction": "sell", "amount": 0.2}, {"trade_seq": 4400, "trade_id": "238348218", "timestamp": 1672247549195, "tick_direction": 3, "price": 0.0005, "mark_price": 0.00071845, "iv": 64.18, "instrument_name": "BTC-30DEC22-18000-C", "index_price": 16599.73, "direction": "sell", "amount": 0.1}, {"trade_seq": 4399, "trade_id": "238347839", "timestamp": 1672246627138, "tick_direction": 3, "price": 0.0005, "mark_price": 0.00072781, "iv": 64.03, "instrument_name": "BTC-30DEC22-18000-C", "index_price": 16599.15, "direction": "sell", "amount": 1.1}, {"trade_seq": 4398, "trade_id": "238347838", "timestamp": 1672246627138, "tick_direction": 3, "price": 0.0005, "mark_price": 0.00072781, "iv": 64.03, "instrument_name": "BTC-30DEC22-18000-C", "index_price": 16599.15, "direction": "sell", "amount": 0.9}, {"trade_seq": 4397, "trade_id": "238347837", "timestamp": 1672246627138, "tick_direction": 3, "price": 0.0005, "mark_price": 0.00072781, "iv": 64.03, "instrument_name": "BTC-30DEC22-18000-C", "index_price": 16599.15, "direction": "sell", "amount": 3.0}, {"trade_seq": 4396, "trade_id": "238343087", "timestamp": 1672241969591, "tick_direction": 3, "price": 0.0005, "mark_price": 0.00057116, "iv": 63.22, "instrument_name": "BTC-30DEC22-18000-C", "index_price": 16603.63, "direction": "sell", "amount": 0.3}, {"trade_seq": 4395, "trade_id": "238343079", "timestamp": 1672241963506, "tick_direction": 3, "price": 0.0005, "mark_price": 0.00057138, "iv": 63.18, "instrument_name": "BTC-30DEC22-18000-C", "index_price": 16604.25, "direction": "sell", "amount": 3.7}, {"trade_seq": 4394, "trade_id": "238343074", "timestamp": 1672241962303, "tick_direction": 3, "price": 0.0005, "mark_price": 0.00057191, "iv": 63.18, "instrument_name": "BTC-30DEC22-18000-C", "index_price": 16604.48, "direction": "sell", "amount": 0.1}, {"trade_seq": 4393, "trade_id": "238343067", "timestamp": 1672241961881, "tick_direction": 3, "price": 0.0005, "mark_price": 0.00057191, "iv": 63.15, "instrument_name": "BTC-30DEC22-18000-C", "index_price": 16604.48, "direction": "sell", "amount": 3.0}, {"trade_seq": 4392, "trade_id": "238341993", "timestamp": 1672241804485, "tick_direction": 3, "price": 0.0005, "mark_price": 0.00059742, "iv": 61.83, "instrument_name": "BTC-30DEC22-18000-C", "index_price": 16625.22, "direction": "sell", "amount": 0.1}, {"trade_seq": 4391, "trade_id": "238341974", "timestamp": 1672241803051, "tick_direction": 3, "price": 0.0005, "mark_price": 0.00059825, "iv": 61.82, "instrument_name": "BTC-30DEC22-18000-C", "index_price": 16631.4, "direction": "sell", "amount": 0.6}, {"trade_seq": 4390, "trade_id": "238341973", "timestamp": 1672241803038, "tick_direction": 3, "price": 0.0005, "mark_price": 0.00059825, "iv": 61.82, "instrument_name": "BTC-30DEC22-18000-C", "index_price": 16631.4, "direction": "sell", "amount": 0.7}, {"trade_seq": 4389, "trade_id": "238340041", "timestamp": 1672240422126, "tick_direction": 2, "price": 0.0005, "mark_price": 0.00070863, "iv": 57.14, "instrument_name": "BTC-30DEC22-18000-C", "index_price": 16739.26, "direction": "sell", "amount": 0.1}, {"trade_seq": 4388, "trade_id": "238338517", "timestamp": 1672238713256, "tick_direction": 0, "price": 0.001, "mark_price": 0.00078667, "iv": 65.55, "instrument_name": "BTC-30DEC22-18000-C", "index_price": 16721.08, "direction": "buy", "amount": 0.1}, {"trade_seq": 4387, "trade_id": "238336026", "timestamp": 1672237701155, "tick_direction": 3, "price": 0.0005, "mark_price": 0.00071311, "iv": 60.28, "instrument_name": "BTC-30DEC22-18000-C", "index_price": 16643.06, "direction": "sell", "amount": 0.1}, {"trade_seq": 4386, "trade_id": "238335318", "timestamp": 1672233262857, "tick_direction": 2, "price": 0.0005, "mark_price": 0.00070798, "iv": 59.35, "instrument_name": "BTC-30DEC22-18000-C", "index_price": 16645.3, "direction": "sell", "amount": 4.3}, {"trade_seq": 4385, "trade_id": "238335121", "timestamp": 1672232810836, "tick_direction": 0, "price": 0.001, "mark_price": 0.00071383, "iv": 67.15, "instrument_name": "BTC-30DEC22-18000-C", "index_price": 16651.2, "direction": "buy", "amount": 2.0}, {"trade_seq": 4384, "trade_id": "238334513", "timestamp": 1672231065328, "tick_direction": 1, "price": 0.0005, "mark_price": 0.00070229, "iv": 58.63, "instrument_name": "BTC-30DEC22-18000-C", "index_price": 16652.71, "direction": "sell", "amount": 0.1}, {"trade_seq": 4383, "trade_id": "238334211", "timestamp": 1672230096131, "tick_direction": 1, "price": 0.0005, "mark_price": 0.00069782, "iv": 58.17, "instrument_name": "BTC-30DEC22-18000-C", "index_price": 16662.01, "direction": "sell", "amount": 0.1}, {"trade_seq": 4382, "trade_id": "238332221", "timestamp": 1672221642460, "tick_direction": 1, "price": 0.0005, "mark_price": 0.00071237, "iv": 57.22, "instrument_name": "BTC-30DEC22-18000-C", "index_price": 16651.14, "direction": "sell", "amount": 0.1}, {"trade_seq": 4381, "trade_id": "238332103", "timestamp": 1672221315007, "tick_direction": 1, "price": 0.0005, "mark_price": 0.0007435, "iv": 56.71, "instrument_name": "BTC-30DEC22-18000-C", "index_price": 16663.03, "direction": "sell", "amount": 0.3}, {"trade_seq": 4380, "trade_id": "238332095", "timestamp": 1672221312448, "tick_direction": 1, "price": 0.0005, "mark_price": 0.00074312, "iv": 56.72, "instrument_name": "BTC-30DEC22-18000-C", "index_price": 16662.98, "direction": "sell", "amount": 0.1}, {"trade_seq": 4379, "trade_id": "238331742", "timestamp": 1672219609810, "tick_direction": 1, "price": 0.0005, "mark_price": 0.00071579, "iv": 57.57, "instrument_name": "BTC-30DEC22-18000-C", "index_price": 16628.15, "direction": "sell", "amount": 1.0}, {"trade_seq": 4378, "trade_id": "238331288", "timestamp": 1672217460271, "tick_direction": 1, "price": 0.0005, "mark_price": 0.00071277, "iv": 57.0, "instrument_name": "BTC-30DEC22-18000-C", "index_price": 16636.46, "direction": "sell", "amount": 0.1}, {"trade_seq": 4377, "trade_id": "238331287", "timestamp": 1672217456203, "tick_direction": 1, "price": 0.0005, "mark_price": 0.00071288, "iv": 56.99, "instrument_name": "BTC-30DEC22-18000-C", "index_price": 16636.56, "direction": "sell", "amount": 0.1}, {"trade_seq": 4376, "trade_id": "238331243", "timestamp": 1672217200661, "tick_direction": 1, "price": 0.0005, "mark_price": 0.00069496, "iv": 57.08, "instrument_name": "BTC-30DEC22-18000-C", "index_price": 16632.54, "direction": "sell", "amount": 0.1}, {"trade_seq": 4375, "trade_id": "238331242", "timestamp": 1672217198634, "tick_direction": 1, "price": 0.0005, "mark_price": 0.00069542, "iv": 57.09, "instrument_name": "BTC-30DEC22-18000-C", "index_price": 16632.32, "direction": "sell", "amount": 0.2}, {"trade_seq": 4374, "trade_id": "238331241", "timestamp": 1672217196624, "tick_direction": 1, "price": 0.0005, "mark_price": 0.00069507, "iv": 57.1, "instrument_name": "BTC-30DEC22-18000-C", "index_price": 16632.26, "direction": "sell", "amount": 0.4}, {"trade_seq": 4373, "trade_id": "238331233", "timestamp": 1672217176316, "tick_direction": 1, "price": 0.0005, "mark_price": 0.00069567, "iv": 57.07, "instrument_name": "BTC-30DEC22-18000-C", "index_price": 16632.76, "direction": "sell", "amount": 0.1}, {"trade_seq": 4372, "trade_id": "238331232", "timestamp": 1672217172260, "tick_direction": 1, "price": 0.0005, "mark_price": 0.00069501, "iv": 57.08, "instrument_name": "BTC-30DEC22-18000-C", "index_price": 16632.54, "direction": "sell", "amount": 0.1}, {"trade_seq": 4371, "trade_id": "238331231", "timestamp": 1672217170230, "tick_direction": 1, "price": 0.0005, "mark_price": 0.00069597, "iv": 57.06, "instrument_name": "BTC-30DEC22-18000-C", "index_price": 16632.86, "direction": "sell", "amount": 0.1}, {"trade_seq": 4370, "trade_id": "238331230", "timestamp": 1672217168201, "tick_direction": 1, "price": 0.0005, "mark_price": 0.00069468, "iv": 57.08, "instrument_name": "BTC-30DEC22-18000-C", "index_price": 16632.54, "direction": "sell", "amount": 0.2}, {"trade_seq": 4369, "trade_id": "238331229", "timestamp": 1672217162972, "tick_direction": 1, "price": 0.0005, "mark_price": 0.00069649, "iv": 57.06, "instrument_name": "BTC-30DEC22-18000-C", "index_price": 16632.98, "direction": "sell", "amount": 0.2}, {"trade_seq": 4368, "trade_id": "238331228", "timestamp": 1672217162960, "tick_direction": 1, "price": 0.0005, "mark_price": 0.00069649, "iv": 57.06, "instrument_name": "BTC-30DEC22-18000-C", "index_price": 16632.98, "direction": "sell", "amount": 0.1}, {"trade_seq": 4367, "trade_id": "238331227", "timestamp": 1672217162958, "tick_direction": 1, "price": 0.0005, "mark_price": 0.00069649, "iv": 57.06, "instrument_name": "BTC-30DEC22-18000-C", "index_price": 16632.98, "direction": "sell", "amount": 0.1}, {"trade_seq": 4366, "trade_id": "238331222", "timestamp": 1672217162124, "tick_direction": 1, "price": 0.0005, "mark_price": 0.00069649, "iv": 57.04, "instrument_name": "BTC-30DEC22-18000-C", "index_price": 16633.22, "direction": "sell", "amount": 0.4}, {"trade_seq": 4365, "trade_id": "238331179", "timestamp": 1672217068313, "tick_direction": 1, "price": 0.0005, "mark_price": 0.00072901, "iv": 56.51, "instrument_name": "BTC-30DEC22-18000-C", "index_price": 16645.11, "direction": "sell", "amount": 0.1}, {"trade_seq": 4364, "trade_id": "238331178", "timestamp": 1672217068044, "tick_direction": 1, "price": 0.0005, "mark_price": 0.00072901, "iv": 56.51, "instrument_name": "BTC-30DEC22-18000-C", "index_price": 16645.11, "direction": "sell", "amount": 0.1}, {"trade_seq": 4363, "trade_id": "238331174", "timestamp": 1672217067980, "tick_direction": 1, "price": 0.0005, "mark_price": 0.00072901, "iv": 56.51, "instrument_name": "BTC-30DEC22-18000-C", "index_price": 16645.11, "direction": "sell", "amount": 0.1}, {"trade_seq": 4362, "trade_id": "238331103", "timestamp": 1672216898489, "tick_direction": 1, "price": 0.0005, "mark_price": 0.00072586, "iv": 56.56, "instrument_name": "BTC-30DEC22-18000-C", "index_price": 16643.05, "direction": "sell", "amount": 0.1}, {"trade_seq": 4361, "trade_id": "238331102", "timestamp": 1672216896456, "tick_direction": 1, "price": 0.0005, "mark_price": 0.00072584, "iv": 56.56, "instrument_name": "BTC-30DEC22-18000-C", "index_price": 16643.04, "direction": "sell", "amount": 0.3}, {"trade_seq": 4360, "trade_id": "238331086", "timestamp": 1672216788938, "tick_direction": 1, "price": 0.0005, "mark_price": 0.00072752, "iv": 56.55, "instrument_name": "BTC-30DEC22-18000-C", "index_price": 16642.93, "direction": "sell", "amount": 0.1}, {"trade_seq": 4359, "trade_id": "238331085", "timestamp": 1672216782867, "tick_direction": 1, "price": 0.0005, "mark_price": 0.00072792, "iv": 56.54, "instrument_name": "BTC-30DEC22-18000-C", "index_price": 16642.85, "direction": "sell", "amount": 0.2}, {"trade_seq": 4358, "trade_id": "238331084", "timestamp": 1672216778815, "tick_direction": 1, "price": 0.0005, "mark_price": 0.00072801, "iv": 56.54, "instrument_name": "BTC-30DEC22-18000-C", "index_price": 16643.13, "direction": "sell", "amount": 0.1}, {"trade_seq": 4357, "trade_id": "238331033", "timestamp": 1672216496872, "tick_direction": 1, "price": 0.0005, "mark_price": 0.00071413, "iv": 56.76, "instrument_name": "BTC-30DEC22-18000-C", "index_price": 16636.56, "direction": "sell", "amount": 0.1}, {"trade_seq": 4356, "trade_id": "238331032", "timestamp": 1672216492922, "tick_direction": 1, "price": 0.0005, "mark_price": 0.00071335, "iv": 56.77, "instrument_name": "BTC-30DEC22-18000-C", "index_price": 16636.66, "direction": "sell", "amount": 0.2}, {"trade_seq": 4355, "trade_id": "238330749", "timestamp": 1672215858795, "tick_direction": 1, "price": 0.0005, "mark_price": 0.00071953, "iv": 56.38, "instrument_name": "BTC-30DEC22-18000-C", "index_price": 16641.86, "direction": "sell", "amount": 0.1}, {"trade_seq": 4354, "trade_id": "238330519", "timestamp": 1672215421662, "tick_direction": 1, "price": 0.0005, "mark_price": 0.00072104, "iv": 56.27, "instrument_name": "BTC-30DEC22-18000-C", "index_price": 16645.38, "direction": "sell", "amount": 0.1}, {"trade_seq": 4353, "trade_id": "238330368", "timestamp": 1672215266207, "tick_direction": 1, "price": 0.0005, "mark_price": 0.00069992, "iv": 56.53, "instrument_name": "BTC-30DEC22-18000-C", "index_price": 16636.56, "direction": "sell", "amount": 0.1}, {"trade_seq": 4352, "trade_id": "238330367", "timestamp": 1672215266202, "tick_direction": 1, "price": 0.0005, "mark_price": 0.00069992, "iv": 56.53, "instrument_name": "BTC-30DEC22-18000-C", "index_price": 16636.56, "direction": "sell", "amount": 0.4}, {"trade_seq": 4351, "trade_id": "238330318", "timestamp": 1672215224447, "tick_direction": 1, "price": 0.0005, "mark_price": 0.00071368, "iv": 56.3, "instrument_name": "BTC-30DEC22-18000-C", "index_price": 16644.62, "direction": "sell", "amount": 0.1}, {"trade_seq": 4350, "trade_id": "238330096", "timestamp": 1672214846247, "tick_direction": 1, "price": 0.0005, "mark_price": 0.00071782, "iv": 56.14, "instrument_name": "BTC-30DEC22-18000-C", "index_price": 16647.07, "direction": "sell", "amount": 0.1}, {"trade_seq": 4349, "trade_id": "238330094", "timestamp": 1672214834218, "tick_direction": 1, "price": 0.0005, "mark_price": 0.00071882, "iv": 56.12, "instrument_name": "BTC-30DEC22-18000-C", "index_price": 16647.05, "direction": "sell", "amount": 0.1}, {"trade_seq": 4348, "trade_id": "238330093", "timestamp": 1672214834218, "tick_direction": 1, "price": 0.0005, "mark_price": 0.00071882, "iv": 56.12, "instrument_name": "BTC-30DEC22-18000-C", "index_price": 16647.05, "direction": "sell", "amount": 0.9}, {"trade_seq": 4347, "trade_id": "238329995", "timestamp": 1672214667164, "tick_direction": 1, "price": 0.0005, "mark_price": 0.00074137, "iv": 55.78, "instrument_name": "BTC-30DEC22-18000-C", "index_price": 16652.05, "direction": "sell", "amount": 0.1}, {"trade_seq": 4346, "trade_id": "238325918", "timestamp": 1672201043226, "tick_direction": 2, "price": 0.0002, "mark_price": 0.00094461, "iv": 46.5, "instrument_name": "BTC-30DEC22-18000-C", "index_price": 16658.8, "direction": "sell", "combo_id": "BTC-CCAL-27JAN23_30DEC22-18000", "block_trade_id": "59704", "amount": 50.0}, {"trade_seq": 4345, "trade_id": "238325111", "timestamp": 1672197730865, "tick_direction": 3, "price": 0.001, "mark_price": 0.00090391, "iv": 61.85, "instrument_name": "BTC-30DEC22-18000-C", "index_price": 16623.96, "direction": "sell", "amount": 2.1}, {"trade_seq": 4344, "trade_id": "238325109", "timestamp": 1672197728682, "tick_direction": 3, "price": 0.001, "mark_price": 0.00090057, "iv": 61.91, "instrument_name": "BTC-30DEC22-18000-C", "index_price": 16622.63, "direction": "sell", "amount": 4.0}, {"trade_seq": 4343, "trade_id": "238325108", "timestamp": 1672197728217, "tick_direction": 3, "price": 0.001, "mark_price": 0.00090057, "iv": 61.91, "instrument_name": "BTC-30DEC22-18000-C", "index_price": 16622.63, "direction": "sell", "amount": 2.1}, {"trade_seq": 4342, "trade_id": "238325102", "timestamp": 1672197722597, "tick_direction": 3, "price": 0.001, "mark_price": 0.00089472, "iv": 62.02, "instrument_name": "BTC-30DEC22-18000-C", "index_price": 16620.98, "direction": "sell", "amount": 2.0}, {"trade_seq": 4341, "trade_id": "238325101", "timestamp": 1672197720566, "tick_direction": 2, "price": 0.001, "mark_price": 0.00089388, "iv": 62.03, "instrument_name": "BTC-30DEC22-18000-C", "index_price": 16620.55, "direction": "sell", "amount": 3.6}, {"trade_seq": 4340, "trade_id": "238319047", "timestamp": 1672178552934, "tick_direction": 3, "price": 0.001, "mark_price": 0.00123853, "iv": 56.7, "instrument_name": "BTC-30DEC22-18000-C", "index_price": 16687.08, "direction": "sell", "amount": 3.0}, {"trade_seq": 4339, "trade_id": "238319030", "timestamp": 1672178429621, "tick_direction": 3, "price": 0.001, "mark_price": 0.00128858, "iv": 56.59, "instrument_name": "BTC-30DEC22-18000-C", "index_price": 16688.3, "direction": "sell", "amount": 2.0}, {"trade_seq": 4338, "trade_id": "238317425", "timestamp": 1672173273008, "tick_direction": 2, "price": 0.001, "mark_price": 0.00095707, "iv": 56.24, "instrument_name": "BTC-30DEC22-18000-C", "index_price": 16673.12, "direction": "sell", "amount": 1.0}, {"trade_seq": 4337, "trade_id": "238317271", "timestamp": 1672172994402, "tick_direction": 1, "price": 0.0015, "mark_price": 0.00094021, "iv": 61.14, "instrument_name": "BTC-30DEC22-18000-C", "index_price": 16676.48, "direction": "buy", "amount": 0.6}, {"trade_seq": 4336, "trade_id": "238316918", "timestamp": 1672172117659, "tick_direction": 0, "price": 0.0015, "mark_price": 0.00103398, "iv": 60.89, "instrument_name": "BTC-30DEC22-18000-C", "index_price": 16683.01, "direction": "buy", "amount": 2.0}, {"trade_seq": 4335, "trade_id": "238316740", "timestamp": 1672171404473, "tick_direction": 3, "price": 0.001, "mark_price": 0.00122698, "iv": 56.42, "instrument_name": "BTC-30DEC22-18000-C", "index_price": 16664.32, "direction": "sell", "amount": 1.0}, {"trade_seq": 4334, "trade_id": "238316730", "timestamp": 1672171364535, "tick_direction": 3, "price": 0.001, "mark_price": 0.00123326, "iv": 56.35, "instrument_name": "BTC-30DEC22-18000-C", "index_price": 16667.36, "direction": "sell", "amount": 1.0}, {"trade_seq": 4333, "trade_id": "238316729", "timestamp": 1672171364535, "tick_direction": 3, "price": 0.001, "mark_price": 0.00123326, "iv": 56.35, "instrument_name": "BTC-30DEC22-18000-C", "index_price": 16667.36, "direction": "sell", "amount": 10.0}, {"trade_seq": 4332, "trade_id": "238316728", "timestamp": 1672171364535, "tick_direction": 3, "price": 0.001, "mark_price": 0.00123326, "iv": 56.35, "instrument_name": "BTC-30DEC22-18000-C", "index_price": 16667.36, "direction": "sell", "amount": 7.7}, {"trade_seq": 4331, "trade_id": "238316727", "timestamp": 1672171364535, "tick_direction": 2, "price": 0.001, "mark_price": 0.00123326, "iv": 56.35, "instrument_name": "BTC-30DEC22-18000-C", "index_price": 16667.36, "direction": "sell", "amount": 4.5}, {"trade_seq": 4330, "trade_id": "238313225", "timestamp": 1672164481999, "tick_direction": 1, "price": 0.0015, "mark_price": 0.00114882, "iv": 61.2, "instrument_name": "BTC-30DEC22-18000-C", "index_price": 16644.98, "direction": "buy", "amount": 0.1}, {"trade_seq": 4329, "trade_id": "238313220", "timestamp": 1672164481913, "tick_direction": 1, "price": 0.0015, "mark_price": 0.00114882, "iv": 61.2, "instrument_name": "BTC-30DEC22-18000-C", "index_price": 16644.98, "direction": "buy", "amount": 0.2}, {"trade_seq": 4328, "trade_id": "238313067", "timestamp": 1672164166914, "tick_direction": 1, "price": 0.0015, "mark_price": 0.00120072, "iv": 60.35, "instrument_name": "BTC-30DEC22-18000-C", "index_price": 16667.67, "direction": "buy", "amount": 0.1}, {"trade_seq": 4327, "trade_id": "238313066", "timestamp": 1672164166638, "tick_direction": 1, "price": 0.0015, "mark_price": 0.00120072, "iv": 60.35, "instrument_name": "BTC-30DEC22-18000-C", "index_price": 16667.67, "direction": "buy", "amount": 0.1}, {"trade_seq": 4326, "trade_id": "238313065", "timestamp": 1672164166624, "tick_direction": 0, "price": 0.0015, "mark_price": 0.00120072, "iv": 60.35, "instrument_name": "BTC-30DEC22-18000-C", "index_price": 16667.67, "direction": "buy", "amount": 0.1}, {"trade_seq": 4325, "trade_id": "238309508", "timestamp": 1672162189111, "tick_direction": 3, "price": 0.001, "mark_price": 0.00118549, "iv": 52.6, "instrument_name": "BTC-30DEC22-18000-C", "index_price": 16744.36, "direction": "sell", "amount": 0.5}, {"trade_seq": 4324, "trade_id": "238301962", "timestamp": 1672146702168, "tick_direction": 3, "price": 0.001, "mark_price": 0.00127819, "iv": 47.98, "instrument_name": "BTC-30DEC22-18000-C", "index_price": 16828.45, "direction": "sell", "amount": 2.0}, {"trade_seq": 4323, "trade_id": "238298404", "timestamp": 1672137267971, "tick_direction": 3, "price": 0.001, "mark_price": 0.00102744, "iv": 46.07, "instrument_name": "BTC-30DEC22-18000-C", "index_price": 16855.57, "direction": "sell", "amount": 0.1}, {"trade_seq": 4322, "trade_id": "238298229", "timestamp": 1672136926696, "tick_direction": 3, "price": 0.001, "mark_price": 0.0011134, "iv": 46.08, "instrument_name": "BTC-30DEC22-18000-C", "index_price": 16857.27, "direction": "buy", "amount": 0.6}, {"trade_seq": 4321, "trade_id": "238298228", "timestamp": 1672136926694, "tick_direction": 3, "price": 0.001, "mark_price": 0.0011134, "iv": 46.08, "instrument_name": "BTC-30DEC22-18000-C", "index_price": 16857.27, "direction": "sell", "amount": 0.1}, {"trade_seq": 4320, "trade_id": "238298227", "timestamp": 1672136926694, "tick_direction": 3, "price": 0.001, "mark_price": 0.0011134, "iv": 46.08, "instrument_name": "BTC-30DEC22-18000-C", "index_price": 16857.27, "direction": "sell", "amount": 0.2}, {"trade_seq": 4319, "trade_id": "238297804", "timestamp": 1672135526253, "tick_direction": 3, "price": 0.001, "mark_price": 0.00122249, "iv": 45.85, "instrument_name": "BTC-30DEC22-18000-C", "index_price": 16866.07, "direction": "sell", "amount": 0.2}, {"trade_seq": 4318, "trade_id": "238297123", "timestamp": 1672132988866, "tick_direction": 3, "price": 0.001, "mark_price": 0.00119103, "iv": 46.35, "instrument_name": "BTC-30DEC22-18000-C", "index_price": 16852.38, "direction": "sell", "amount": 0.1}, {"trade_seq": 4317, "trade_id": "238297121", "timestamp": 1672132986641, "tick_direction": 3, "price": 0.001, "mark_price": 0.00119085, "iv": 46.35, "instrument_name": "BTC-30DEC22-18000-C", "index_price": 16852.33, "direction": "sell", "amount": 0.1}, {"trade_seq": 4316, "trade_id": "238297120", "timestamp": 1672132983827, "tick_direction": 3, "price": 0.001, "mark_price": 0.00119039, "iv": 46.35, "instrument_name": "BTC-30DEC22-18000-C", "index_price": 16852.32, "direction": "sell", "amount": 0.1}, {"trade_seq": 4315, "trade_id": "238297118", "timestamp": 1672132973986, "tick_direction": 3, "price": 0.001, "mark_price": 0.00119045, "iv": 46.34, "instrument_name": "BTC-30DEC22-18000-C", "index_price": 16852.2, "direction": "sell", "amount": 0.1}, {"trade_seq": 4314, "trade_id": "238296875", "timestamp": 1672131727070, "tick_direction": 2, "price": 0.001, "mark_price": 0.00115792, "iv": 46.51, "instrument_name": "BTC-30DEC22-18000-C", "index_price": 16844.18, "direction": "sell", "amount": 0.2}, {"trade_seq": 4313, "trade_id": "238296391", "timestamp": 1672128922118, "tick_direction": 1, "price": 0.0015, "mark_price": 0.00120123, "iv": 50.44, "instrument_name": "BTC-30DEC22-18000-C", "index_price": 16848.79, "direction": "buy", "amount": 9.6}, {"trade_seq": 4312, "trade_id": "238296390", "timestamp": 1672128922118, "tick_direction": 1, "price": 0.0015, "mark_price": 0.00120123, "iv": 50.44, "instrument_name": "BTC-30DEC22-18000-C", "index_price": 16848.79, "direction": "buy", "amount": 0.4}, {"trade_seq": 4311, "trade_id": "238296389", "timestamp": 1672128915267, "tick_direction": 0, "price": 0.0015, "mark_price": 0.00120149, "iv": 50.44, "instrument_name": "BTC-30DEC22-18000-C", "index_price": 16848.5, "direction": "buy", "amount": 19.6}, {"trade_seq": 4310, "trade_id": "238296091", "timestamp": 1672128227905, "tick_direction": 2, "price": 0.001, "mark_price": 0.00124098, "iv": 45.57, "instrument_name": "BTC-30DEC22-18000-C", "index_price": 16859.57, "direction": "sell", "amount": 0.4}, {"trade_seq": 4309, "trade_id": "238295011", "timestamp": 1672126769720, "tick_direction": 1, "price": 0.0015, "mark_price": 0.00142561, "iv": 49.17, "instrument_name": "BTC-30DEC22-18000-C", "index_price": 16872.76, "direction": "sell", "amount": 1.0}, {"trade_seq": 4308, "trade_id": "238295010", "timestamp": 1672126767968, "tick_direction": 1, "price": 0.0015, "mark_price": 0.00142613, "iv": 49.16, "instrument_name": "BTC-30DEC22-18000-C", "index_price": 16872.69, "direction": "sell", "amount": 1.0}, {"trade_seq": 4307, "trade_id": "238295009", "timestamp": 1672126765887, "tick_direction": 1, "price": 0.0015, "mark_price": 0.00142643, "iv": 49.16, "instrument_name": "BTC-30DEC22-18000-C", "index_price": 16872.83, "direction": "sell", "amount": 1.0}, {"trade_seq": 4306, "trade_id": "238295008", "timestamp": 1672126763763, "tick_direction": 1, "price": 0.0015, "mark_price": 0.00142661, "iv": 49.16, "instrument_name": "BTC-30DEC22-18000-C", "index_price": 16872.83, "direction": "sell", "amount": 0.7}, {"trade_seq": 4305, "trade_id": "238295007", "timestamp": 1672126763755, "tick_direction": 0, "price": 0.0015, "mark_price": 0.00142661, "iv": 49.16, "instrument_name": "BTC-30DEC22-18000-C", "index_price": 16872.83, "direction": "buy", "amount": 0.3}, {"trade_seq": 4304, "trade_id": "238293431", "timestamp": 1672111323816, "tick_direction": 3, "price": 0.001, "mark_price": 0.00143278, "iv": 44.14, "instrument_name": "BTC-30DEC22-18000-C", "index_price": 16858.61, "direction": "sell", "amount": 0.1}, {"trade_seq": 4303, "trade_id": "238292748", "timestamp": 1672107568280, "tick_direction": 3, "price": 0.001, "mark_price": 0.00146312, "iv": 43.16, "instrument_name": "BTC-30DEC22-18000-C", "index_price": 16882.26, "direction": "sell", "amount": 1.0}, {"trade_seq": 4302, "trade_id": "238292714", "timestamp": 1672107513384, "tick_direction": 3, "price": 0.001, "mark_price": 0.00146855, "iv": 43.13, "instrument_name": "BTC-30DEC22-18000-C", "index_price": 16883.21, "direction": "sell", "amount": 0.2}, {"trade_seq": 4301, "trade_id": "238292274", "timestamp": 1672104757505, "tick_direction": 3, "price": 0.001, "mark_price": 0.00143896, "iv": 43.58, "instrument_name": "BTC-30DEC22-18000-C", "index_price": 16865.55, "direction": "sell", "amount": 0.1}, {"trade_seq": 4300, "trade_id": "238292272", "timestamp": 1672104698811, "tick_direction": 3, "price": 0.001, "mark_price": 0.00143953, "iv": 43.56, "instrument_name": "BTC-30DEC22-18000-C", "index_price": 16865.49, "direction": "sell", "amount": 0.5}, {"trade_seq": 4299, "trade_id": "238292271", "timestamp": 1672104688015, "tick_direction": 3, "price": 0.001, "mark_price": 0.00143976, "iv": 43.55, "instrument_name": "BTC-30DEC22-18000-C", "index_price": 16865.43, "direction": "sell", "amount": 0.1}, {"trade_seq": 4298, "trade_id": "238292270", "timestamp": 1672104651244, "tick_direction": 2, "price": 0.001, "mark_price": 0.00144147, "iv": 43.53, "instrument_name": "BTC-30DEC22-18000-C", "index_price": 16865.21, "direction": "sell", "amount": 0.1}, {"trade_seq": 4297, "trade_id": "238291259", "timestamp": 1672102052499, "tick_direction": 3, "price": 0.0015, "mark_price": 0.0015379, "iv": 47.54, "instrument_name": "BTC-30DEC22-18000-C", "index_price": 16860.41, "direction": "sell", "amount": 2.0}, {"trade_seq": 4296, "trade_id": "238291175", "timestamp": 1672101981246, "tick_direction": 3, "price": 0.0015, "mark_price": 0.00162264, "iv": 47.08, "instrument_name": "BTC-30DEC22-18000-C", "index_price": 16873.63, "direction": "sell", "amount": 0.5}, {"trade_seq": 4295, "trade_id": "238291004", "timestamp": 1672101804014, "tick_direction": 3, "price": 0.0015, "mark_price": 0.00166722, "iv": 46.69, "instrument_name": "BTC-30DEC22-18000-C", "index_price": 16886.36, "direction": "sell", "amount": 0.1}, {"trade_seq": 4294, "trade_id": "238291003", "timestamp": 1672101799960, "tick_direction": 3, "price": 0.0015, "mark_price": 0.0016683, "iv": 46.69, "instrument_name": "BTC-30DEC22-18000-C", "index_price": 16886.39, "direction": "sell", "amount": 0.2}, {"trade_seq": 4293, "trade_id": "238291002", "timestamp": 1672101797117, "tick_direction": 3, "price": 0.0015, "mark_price": 0.00166727, "iv": 46.7, "instrument_name": "BTC-30DEC22-18000-C", "index_price": 16886.0, "direction": "sell", "amount": 0.1}, {"trade_seq": 4292, "trade_id": "238291001", "timestamp": 1672101769339, "tick_direction": 3, "price": 0.0015, "mark_price": 0.00167679, "iv": 46.66, "instrument_name": "BTC-30DEC22-18000-C", "index_price": 16886.99, "direction": "sell", "amount": 0.1}, {"trade_seq": 4291, "trade_id": "238291000", "timestamp": 1672101769339, "tick_direction": 3, "price": 0.0015, "mark_price": 0.00167679, "iv": 46.66, "instrument_name": "BTC-30DEC22-18000-C", "index_price": 16886.99, "direction": "sell", "amount": 0.3}, {"trade_seq": 4290, "trade_id": "238290999", "timestamp": 1672101767422, "tick_direction": 3, "price": 0.0015, "mark_price": 0.00167753, "iv": 46.66, "instrument_name": "BTC-30DEC22-18000-C", "index_price": 16886.98, "direction": "sell", "amount": 0.4}, {"trade_seq": 4289, "trade_id": "238290998", "timestamp": 1672101765271, "tick_direction": 3, "price": 0.0015, "mark_price": 0.00167653, "iv": 46.67, "instrument_name": "BTC-30DEC22-18000-C", "index_price": 16887.13, "direction": "sell", "amount": 0.1}, {"trade_seq": 4288, "trade_id": "238290997", "timestamp": 1672101763243, "tick_direction": 3, "price": 0.0015, "mark_price": 0.001678, "iv": 46.68, "instrument_name": "BTC-30DEC22-18000-C", "index_price": 16886.9, "direction": "sell", "amount": 0.1}, {"trade_seq": 4287, "trade_id": "238290996", "timestamp": 1672101761213, "tick_direction": 2, "price": 0.0015, "mark_price": 0.00168091, "iv": 46.64, "instrument_name": "BTC-30DEC22-18000-C", "index_price": 16888.38, "direction": "sell", "amount": 0.1}, {"trade_seq": 4286, "trade_id": "238289443", "timestamp": 1672099395511, "tick_direction": 1, "price": 0.002, "mark_price": 0.00153047, "iv": 47.6, "instrument_name": "BTC-30DEC22-18000-C", "index_price": 16952.05, "direction": "buy", "amount": 1.0}, {"trade_seq": 4285, "trade_id": "238289426", "timestamp": 1672099390141, "tick_direction": 1, "price": 0.002, "mark_price": 0.00154008, "iv": 47.48, "instrument_name": "BTC-30DEC22-18000-C", "index_price": 16954.9, "direction": "buy", "amount": 1.0}, {"trade_seq": 4284, "trade_id": "238289425", "timestamp": 1672099385683, "tick_direction": 1, "price": 0.002, "mark_price": 0.0015417, "iv": 47.49, "instrument_name": "BTC-30DEC22-18000-C", "index_price": 16954.26, "direction": "buy", "amount": 1.0}, {"trade_seq": 4283, "trade_id": "238289375", "timestamp": 1672099322821, "tick_direction": 1, "price": 0.002, "mark_price": 0.0014907, "iv": 47.66, "instrument_name": "BTC-30DEC22-18000-C", "index_price": 16950.47, "direction": "buy", "amount": 1.0}, {"trade_seq": 4282, "trade_id": "238289372", "timestamp": 1672099315221, "tick_direction": 0, "price": 0.002, "mark_price": 0.00147868, "iv": 47.74, "instrument_name": "BTC-30DEC22-18000-C", "index_price": 16948.31, "direction": "buy", "amount": 1.0}, {"trade_seq": 4281, "trade_id": "238288207", "timestamp": 1672098837700, "tick_direction": 1, "price": 0.0015, "mark_price": 0.00136672, "iv": 45.75, "instrument_name": "BTC-30DEC22-18000-C", "index_price": 16903.0, "direction": "buy", "amount": 18.9}, {"trade_seq": 4280, "trade_id": "238287878", "timestamp": 1672098490073, "tick_direction": 1, "price": 0.0015, "mark_price": 0.00132415, "iv": 46.74, "instrument_name": "BTC-30DEC22-18000-C", "index_price": 16879.74, "direction": "sell", "amount": 2.7}, {"trade_seq": 4279, "trade_id": "238287877", "timestamp": 1672098490055, "tick_direction": 1, "price": 0.0015, "mark_price": 0.00132415, "iv": 46.74, "instrument_name": "BTC-30DEC22-18000-C", "index_price": 16879.74, "direction": "buy", "amount": 0.1}, {"trade_seq": 4278, "trade_id": "238287363", "timestamp": 1672097697208, "tick_direction": 0, "price": 0.0015, "mark_price": 0.00123381, "iv": 47.53, "instrument_name": "BTC-30DEC22-18000-C", "index_price": 16849.55, "direction": "buy", "amount": 10.0}, {"trade_seq": 4277, "trade_id": "238286555", "timestamp": 1672095485565, "tick_direction": 2, "price": 0.001, "mark_price": 0.00123031, "iv": 43.74, "instrument_name": "BTC-30DEC22-18000-C", "index_price": 16837.27, "direction": "sell", "amount": 1.0}, {"trade_seq": 4276, "trade_id": "238285764", "timestamp": 1672089675450, "tick_direction": 0, "price": 0.0015, "mark_price": 0.00123506, "iv": 47.09, "instrument_name": "BTC-30DEC22-18000-C", "index_price": 16844.28, "direction": "buy", "combo_id": "BTC-IBUT-30DEC22-16000_17000_18000", "block_trade_id": "59622", "amount": 10.0}, {"trade_seq": 4275, "trade_id": "238283177", "timestamp": 1672072916008, "tick_direction": 3, "price": 0.001, "mark_price": 0.00124025, "iv": 42.17, "instrument_name": "BTC-30DEC22-18000-C", "index_price": 16832.79, "direction": "sell", "amount": 1.5}, {"trade_seq": 4274, "trade_id": "238283176", "timestamp": 1672072916008, "tick_direction": 3, "price": 0.001, "mark_price": 0.00124025, "iv": 42.17, "instrument_name": "BTC-30DEC22-18000-C", "index_price": 16832.79, "direction": "sell", "amount": 0.1}, {"trade_seq": 4273, "trade_id": "238283175", "timestamp": 1672072916008, "tick_direction": 3, "price": 0.001, "mark_price": 0.00124025, "iv": 42.17, "instrument_name": "BTC-30DEC22-18000-C", "index_price": 16832.79, "direction": "sell", "amount": 0.1}, {"trade_seq": 4272, "trade_id": "238283174", "timestamp": 1672072916008, "tick_direction": 3, "price": 0.001, "mark_price": 0.00124025, "iv": 42.17, "instrument_name": "BTC-30DEC22-18000-C", "index_price": 16832.79, "direction": "sell", "amount": 0.3}, {"trade_seq": 4271, "trade_id": "238282063", "timestamp": 1672068196395, "tick_direction": 2, "price": 0.001, "mark_price": 0.0012047, "iv": 42.35, "instrument_name": "BTC-30DEC22-18000-C", "index_price": 16816.79, "direction": "sell", "amount": 1.0}, {"trade_seq": 4270, "trade_id": "238280627", "timestamp": 1672062709613, "tick_direction": 3, "price": 0.0015, "mark_price": 0.00163902, "iv": 45.29, "instrument_name": "BTC-30DEC22-18000-C", "index_price": 16837.57, "direction": "buy", "amount": 10.1}, {"trade_seq": 4269, "trade_id": "238280475", "timestamp": 1672061898163, "tick_direction": 3, "price": 0.0015, "mark_price": 0.00134737, "iv": 44.85, "instrument_name": "BTC-30DEC22-18000-C", "index_price": 16850.19, "direction": "buy", "amount": 4.5}, {"trade_seq": 4268, "trade_id": "238280474", "timestamp": 1672061898163, "tick_direction": 2, "price": 0.0015, "mark_price": 0.00134737, "iv": 44.85, "instrument_name": "BTC-30DEC22-18000-C", "index_price": 16850.19, "direction": "buy", "amount": 10.1}, {"trade_seq": 4267, "trade_id": "238280439", "timestamp": 1672061474103, "tick_direction": 1, "price": 0.002, "mark_price": 0.00146885, "iv": 48.06, "instrument_name": "BTC-30DEC22-18000-C", "index_price": 16849.7, "direction": "buy", "amount": 6.3}, {"trade_seq": 4266, "trade_id": "238280438", "timestamp": 1672061474103, "tick_direction": 1, "price": 0.002, "mark_price": 0.00146885, "iv": 48.06, "instrument_name": "BTC-30DEC22-18000-C", "index_price": 16849.7, "direction": "buy", "amount": 3.5}, {"trade_seq": 4265, "trade_id": "238280437", "timestamp": 1672061474103, "tick_direction": 0, "price": 0.002, "mark_price": 0.00146885, "iv": 48.06, "instrument_name": "BTC-30DEC22-18000-C", "index_price": 16849.7, "direction": "buy", "amount": 0.2}, {"trade_seq": 4264, "trade_id": "238280132", "timestamp": 1672060084069, "tick_direction": 3, "price": 0.0015, "mark_price": 0.00171712, "iv": 44.67, "instrument_name": "BTC-30DEC22-18000-C", "index_price": 16852.82, "direction": "buy", "amount": 11.5}, {"trade_seq": 4263, "trade_id": "238280131", "timestamp": 1672060084067, "tick_direction": 3, "price": 0.0015, "mark_price": 0.00171712, "iv": 44.67, "instrument_name": "BTC-30DEC22-18000-C", "index_price": 16852.82, "direction": "sell", "amount": 5.5}, {"trade_seq": 4262, "trade_id": "238280097", "timestamp": 1672059678163, "tick_direction": 3, "price": 0.0015, "mark_price": 0.00173262, "iv": 44.5, "instrument_name": "BTC-30DEC22-18000-C", "index_price": 16855.78, "direction": "sell", "amount": 1.4}, {"trade_seq": 4261, "trade_id": "238280083", "timestamp": 1672059440762, "tick_direction": 3, "price": 0.0015, "mark_price": 0.00173206, "iv": 44.48, "instrument_name": "BTC-30DEC22-18000-C", "index_price": 16857.02, "direction": "sell", "amount": 22.0}, {"trade_seq": 4260, "trade_id": "238280054", "timestamp": 1672058844374, "tick_direction": 3, "price": 0.0015, "mark_price": 0.00173661, "iv": 44.37, "instrument_name": "BTC-30DEC22-18000-C", "index_price": 16858.95, "direction": "sell", "amount": 0.1}, {"trade_seq": 4259, "trade_id": "238279676", "timestamp": 1672056423391, "tick_direction": 3, "price": 0.0015, "mark_price": 0.0017092, "iv": 44.38, "instrument_name": "BTC-30DEC22-18000-C", "index_price": 16856.6, "direction": "sell", "amount": 0.1}, {"trade_seq": 4258, "trade_id": "238279637", "timestamp": 1672056353521, "tick_direction": 3, "price": 0.0015, "mark_price": 0.00170755, "iv": 44.36, "instrument_name": "BTC-30DEC22-18000-C", "index_price": 16857.59, "direction": "sell", "amount": 0.6}, {"trade_seq": 4257, "trade_id": "238279486", "timestamp": 1672055355720, "tick_direction": 2, "price": 0.0015, "mark_price": 0.00175034, "iv": 43.92, "instrument_name": "BTC-30DEC22-18000-C", "index_price": 16866.58, "direction": "sell", "amount": 0.1}, {"trade_seq": 4256, "trade_id": "238279212", "timestamp": 1672053732770, "tick_direction": 0, "price": 0.002, "mark_price": 0.00175882, "iv": 47.31, "instrument_name": "BTC-30DEC22-18000-C", "index_price": 16857.31, "direction": "buy", "amount": 0.8}, {"trade_seq": 4255, "trade_id": "238278865", "timestamp": 1672051228802, "tick_direction": 1, "price": 0.0015, "mark_price": 0.00175916, "iv": 43.94, "instrument_name": "BTC-30DEC22-18000-C", "index_price": 16857.95, "direction": "sell", "amount": 0.2}, {"trade_seq": 4254, "trade_id": "238277749", "timestamp": 1672048737218, "tick_direction": 1, "price": 0.0015, "mark_price": 0.00173265, "iv": 44.09, "instrument_name": "BTC-30DEC22-18000-C", "index_price": 16844.86, "direction": "sell", "amount": 2.4}, {"trade_seq": 4253, "trade_id": "238277748", "timestamp": 1672048737218, "tick_direction": 1, "price": 0.0015, "mark_price": 0.00173265, "iv": 44.09, "instrument_name": "BTC-30DEC22-18000-C", "index_price": 16844.86, "direction": "sell", "amount": 11.0}, {"trade_seq": 4252, "trade_id": "238277744", "timestamp": 1672048737203, "tick_direction": 0, "price": 0.0015, "mark_price": 0.00173265, "iv": 44.09, "instrument_name": "BTC-30DEC22-18000-C", "index_price": 16844.86, "direction": "sell", "amount": 19.0}, {"trade_seq": 4251, "trade_id": "238276684", "timestamp": 1672042732061, "tick_direction": 2, "price": 0.001, "mark_price": 0.00146486, "iv": 40.5, "instrument_name": "BTC-30DEC22-18000-C", "index_price": 16830.25, "direction": "sell", "amount": 0.1}, {"trade_seq": 4250, "trade_id": "238275821", "timestamp": 1672040695988, "tick_direction": 1, "price": 0.002, "mark_price": 0.00144018, "iv": 46.9, "instrument_name": "BTC-30DEC22-18000-C", "index_price": 16845.98, "direction": "buy", "amount": 2.3}, {"trade_seq": 4249, "trade_id": "238275820", "timestamp": 1672040695988, "tick_direction": 1, "price": 0.002, "mark_price": 0.00144018, "iv": 46.9, "instrument_name": "BTC-30DEC22-18000-C", "index_price": 16845.98, "direction": "buy", "amount": 7.6}, {"trade_seq": 4248, "trade_id": "238275819", "timestamp": 1672040695988, "tick_direction": 0, "price": 0.002, "mark_price": 0.00144018, "iv": 46.9, "instrument_name": "BTC-30DEC22-18000-C", "index_price": 16845.98, "direction": "buy", "amount": 0.1}, {"trade_seq": 4247, "trade_id": "238272978", "timestamp": 1672025380652, "tick_direction": 3, "price": 0.0015, "mark_price": 0.0017313, "iv": 41.79, "instrument_name": "BTC-30DEC22-18000-C", "index_price": 16879.99, "direction": "sell", "amount": 0.1}, {"trade_seq": 4246, "trade_id": "238272976", "timestamp": 1672025294768, "tick_direction": 3, "price": 0.0015, "mark_price": 0.00173368, "iv": 41.77, "instrument_name": "BTC-30DEC22-18000-C", "index_price": 16879.58, "direction": "sell", "amount": 0.2}, {"trade_seq": 4245, "trade_id": "238270382", "timestamp": 1672018049414, "tick_direction": 3, "price": 0.0015, "mark_price": 0.00172647, "iv": 42.81, "instrument_name": "BTC-30DEC22-18000-C", "index_price": 16831.34, "direction": "sell", "amount": 0.1}, {"trade_seq": 4244, "trade_id": "238270379", "timestamp": 1672017936402, "tick_direction": 3, "price": 0.0015, "mark_price": 0.00172339, "iv": 42.81, "instrument_name": "BTC-30DEC22-18000-C", "index_price": 16831.44, "direction": "sell", "amount": 0.1}, {"trade_seq": 4243, "trade_id": "238268073", "timestamp": 1671999976627, "tick_direction": 2, "price": 0.0015, "mark_price": 0.00173335, "iv": 43.38, "instrument_name": "BTC-30DEC22-18000-C", "index_price": 16774.62, "direction": "sell", "amount": 0.7}, {"trade_seq": 4242, "trade_id": "238267160", "timestamp": 1671996202617, "tick_direction": 1, "price": 0.002, "mark_price": 0.00170194, "iv": 47.18, "instrument_name": "BTC-30DEC22-18000-C", "index_price": 16745.6, "direction": "buy", "amount": 0.3}, {"trade_seq": 4241, "trade_id": "238265549", "timestamp": 1671986151661, "tick_direction": 1, "price": 0.002, "mark_price": 0.00177349, "iv": 44.78, "instrument_name": "BTC-30DEC22-18000-C", "index_price": 16808.27, "direction": "buy", "amount": 0.5}, {"trade_seq": 4240, "trade_id": "238265548", "timestamp": 1671986151661, "tick_direction": 1, "price": 0.002, "mark_price": 0.00177349, "iv": 44.78, "instrument_name": "BTC-30DEC22-18000-C", "index_price": 16808.27, "direction": "buy", "amount": 1.5}, {"trade_seq": 4239, "trade_id": "238265545", "timestamp": 1671986031473, "tick_direction": 1, "price": 0.002, "mark_price": 0.00178764, "iv": 44.75, "instrument_name": "BTC-30DEC22-18000-C", "index_price": 16810.44, "direction": "buy", "amount": 3.0}, {"trade_seq": 4238, "trade_id": "238265509", "timestamp": 1671985853044, "tick_direction": 0, "price": 0.002, "mark_price": 0.00176965, "iv": 44.94, "instrument_name": "BTC-30DEC22-18000-C", "index_price": 16805.73, "direction": "buy", "amount": 1.0}, {"trade_seq": 4237, "trade_id": "238265407", "timestamp": 1671985159949, "tick_direction": 2, "price": 0.0015, "mark_price": 0.00173749, "iv": 42.11, "instrument_name": "BTC-30DEC22-18000-C", "index_price": 16795.77, "direction": "sell", "amount": 1.0}, {"trade_seq": 4236, "trade_id": "238265362", "timestamp": 1671984747925, "tick_direction": 1, "price": 0.002, "mark_price": 0.00174797, "iv": 45.08, "instrument_name": "BTC-30DEC22-18000-C", "index_price": 16798.01, "direction": "buy", "amount": 1.0}, {"trade_seq": 4235, "trade_id": "238265322", "timestamp": 1671984644835, "tick_direction": 0, "price": 0.002, "mark_price": 0.00173742, "iv": 45.15, "instrument_name": "BTC-30DEC22-18000-C", "index_price": 16790.75, "direction": "buy", "amount": 1.0}, {"trade_seq": 4234, "trade_id": "238263634", "timestamp": 1671980420757, "tick_direction": 1, "price": 0.0015, "mark_price": 0.00167293, "iv": 40.91, "instrument_name": "BTC-30DEC22-18000-C", "index_price": 16823.46, "direction": "sell", "amount": 1.0}, {"trade_seq": 4233, "trade_id": "238260312", "timestamp": 1671969766467, "tick_direction": 0, "price": 0.0015, "mark_price": 0.0015978, "iv": 40.63, "instrument_name": "BTC-30DEC22-18000-C", "index_price": 16822.15, "direction": "sell", "amount": 1.0}, {"trade_seq": 4232, "trade_id": "238259274", "timestamp": 1671965574675, "tick_direction": 3, "price": 0.001, "mark_price": 0.00144568, "iv": 36.76, "instrument_name": "BTC-30DEC22-18000-C", "index_price": 16824.79, "direction": "sell", "amount": 0.1}, {"trade_seq": 4231, "trade_id": "238258525", "timestamp": 1671963385948, "tick_direction": 3, "price": 0.001, "mark_price": 0.00145441, "iv": 36.59, "instrument_name": "BTC-30DEC22-18000-C", "index_price": 16829.33, "direction": "sell", "amount": 0.8}, {"trade_seq": 4230, "trade_id": "238258236", "timestamp": 1671961700370, "tick_direction": 3, "price": 0.001, "mark_price": 0.00147052, "iv": 36.58, "instrument_name": "BTC-30DEC22-18000-C", "index_price": 16830.02, "direction": "sell", "amount": 0.2}, {"trade_seq": 4229, "trade_id": "238258235", "timestamp": 1671961700370, "tick_direction": 2, "price": 0.001, "mark_price": 0.00147052, "iv": 36.58, "instrument_name": "BTC-30DEC22-18000-C", "index_price": 16830.02, "direction": "sell", "amount": 0.2}, {"trade_seq": 4228, "trade_id": "238258167", "timestamp": 1671960810529, "tick_direction": 1, "price": 0.0015, "mark_price": 0.00154775, "iv": 39.93, "instrument_name": "BTC-30DEC22-18000-C", "index_price": 16830.38, "direction": "sell", "amount": 1.2}, {"trade_seq": 4227, "trade_id": "238257927", "timestamp": 1671957373536, "tick_direction": 0, "price": 0.0015, "mark_price": 0.0016054, "iv": 39.76, "instrument_name": "BTC-30DEC22-18000-C", "index_price": 16832.49, "direction": "sell", "amount": 1.1}, {"trade_seq": 4226, "trade_id": "238257672", "timestamp": 1671955530563, "tick_direction": 3, "price": 0.001, "mark_price": 0.00145572, "iv": 36.4, "instrument_name": "BTC-30DEC22-18000-C", "index_price": 16830.88, "direction": "sell", "amount": 0.1}, {"trade_seq": 4225, "trade_id": "238257567", "timestamp": 1671955249511, "tick_direction": 2, "price": 0.001, "mark_price": 0.00145368, "iv": 36.4, "instrument_name": "BTC-30DEC22-18000-C", "index_price": 16826.24, "direction": "sell", "amount": 0.2}, {"trade_seq": 4224, "trade_id": "238257177", "timestamp": 1671954880943, "tick_direction": 0, "price": 0.0015, "mark_price": 0.00145672, "iv": 39.78, "instrument_name": "BTC-30DEC22-18000-C", "index_price": 16824.14, "direction": "sell", "combo_id": "BTC-CCAL-27JAN23_30DEC22-18000", "block_trade_id": "59592", "amount": 50.0}, {"trade_seq": 4223, "trade_id": "238255109", "timestamp": 1671941768162, "tick_direction": 0, "price": 0.0012, "mark_price": 0.00167556, "iv": 37.16, "instrument_name": "BTC-30DEC22-18000-C", "index_price": 16830.87, "direction": "sell", "combo_id": "BTC-CCAL-27JAN23_30DEC22-18000", "block_trade_id": "59590", "amount": 50.0}, {"trade_seq": 4222, "trade_id": "238254989", "timestamp": 1671940077993, "tick_direction": 2, "price": 0.001, "mark_price": 0.00145357, "iv": 35.63, "instrument_name": "BTC-30DEC22-18000-C", "index_price": 16835.51, "direction": "sell", "amount": 0.2}, {"trade_seq": 4221, "trade_id": "238254224", "timestamp": 1671930844979, "tick_direction": 3, "price": 0.0015, "mark_price": 0.00174906, "iv": 38.19, "instrument_name": "BTC-30DEC22-18000-C", "index_price": 16847.7, "direction": "buy", "amount": 0.4}, {"trade_seq": 4220, "trade_id": "238254223", "timestamp": 1671930844977, "tick_direction": 3, "price": 0.0015, "mark_price": 0.00174906, "iv": 38.19, "instrument_name": "BTC-30DEC22-18000-C", "index_price": 16847.7, "direction": "sell", "amount": 1.9}, {"trade_seq": 4219, "trade_id": "238254220", "timestamp": 1671930828653, "tick_direction": 3, "price": 0.0015, "mark_price": 0.00174916, "iv": 38.2, "instrument_name": "BTC-30DEC22-18000-C", "index_price": 16847.57, "direction": "buy", "amount": 0.2}, {"trade_seq": 4218, "trade_id": "238254219", "timestamp": 1671930828651, "tick_direction": 3, "price": 0.0015, "mark_price": 0.00174916, "iv": 38.2, "instrument_name": "BTC-30DEC22-18000-C", "index_price": 16847.57, "direction": "sell", "amount": 3.4}, {"trade_seq": 4217, "trade_id": "238251425", "timestamp": 1671901061011, "tick_direction": 2, "price": 0.0015, "mark_price": 0.00169851, "iv": 37.29, "instrument_name": "BTC-30DEC22-18000-C", "index_price": 16838.04, "direction": "sell", "amount": 0.9}, {"trade_seq": 4216, "trade_id": "238251309", "timestamp": 1671898627671, "tick_direction": 1, "price": 0.002, "mark_price": 0.00169841, "iv": 40.04, "instrument_name": "BTC-30DEC22-18000-C", "index_price": 16830.13, "direction": "buy", "amount": 0.5}, {"trade_seq": 4215, "trade_id": "238251073", "timestamp": 1671895783687, "tick_direction": 1, "price": 0.002, "mark_price": 0.00155574, "iv": 39.77, "instrument_name": "BTC-30DEC22-18000-C", "index_price": 16835.19, "direction": "buy", "amount": 2.0}, {"trade_seq": 4214, "trade_id": "238251072", "timestamp": 1671895783687, "tick_direction": 1, "price": 0.002, "mark_price": 0.00155574, "iv": 39.77, "instrument_name": "BTC-30DEC22-18000-C", "index_price": 16835.19, "direction": "buy", "amount": 7.9}, {"trade_seq": 4213, "trade_id": "238251071", "timestamp": 1671895783687, "tick_direction": 0, "price": 0.002, "mark_price": 0.00155574, "iv": 39.77, "instrument_name": "BTC-30DEC22-18000-C", "index_price": 16835.19, "direction": "buy", "amount": 0.1}, {"trade_seq": 4212, "trade_id": "238251007", "timestamp": 1671895319009, "tick_direction": 1, "price": 0.0015, "mark_price": 0.00172053, "iv": 37.08, "instrument_name": "BTC-30DEC22-18000-C", "index_price": 16833.28, "direction": "buy", "amount": 0.2}, {"trade_seq": 4211, "trade_id": "238251006", "timestamp": 1671895319007, "tick_direction": 1, "price": 0.0015, "mark_price": 0.00172053, "iv": 37.08, "instrument_name": "BTC-30DEC22-18000-C", "index_price": 16833.28, "direction": "sell", "amount": 1.8}, {"trade_seq": 4210, "trade_id": "238250959", "timestamp": 1671894293961, "tick_direction": 1, "price": 0.0015, "mark_price": 0.00175068, "iv": 37.16, "instrument_name": "BTC-30DEC22-18000-C", "index_price": 16831.44, "direction": "sell", "amount": 1.0}, {"trade_seq": 4209, "trade_id": "238250956", "timestamp": 1671894262922, "tick_direction": 1, "price": 0.0015, "mark_price": 0.0017505, "iv": 37.17, "instrument_name": "BTC-30DEC22-18000-C", "index_price": 16831.54, "direction": "sell", "amount": 0.4}, {"trade_seq": 4208, "trade_id": "238250810", "timestamp": 1671892250462, "tick_direction": 1, "price": 0.0015, "mark_price": 0.00174457, "iv": 37.27, "instrument_name": "BTC-30DEC22-18000-C", "index_price": 16819.39, "direction": "sell", "amount": 0.4}, {"trade_seq": 4207, "trade_id": "238250781", "timestamp": 1671891829212, "tick_direction": 1, "price": 0.0015, "mark_price": 0.00174584, "iv": 37.28, "instrument_name": "BTC-30DEC22-18000-C", "index_price": 16820.7, "direction": "sell", "amount": 0.3}, {"trade_seq": 4206, "trade_id": "238250727", "timestamp": 1671890656020, "tick_direction": 1, "price": 0.0015, "mark_price": 0.00173042, "iv": 37.31, "instrument_name": "BTC-30DEC22-18000-C", "index_price": 16815.01, "direction": "sell", "amount": 0.1}, {"trade_seq": 4205, "trade_id": "238250644", "timestamp": 1671889351335, "tick_direction": 1, "price": 0.0015, "mark_price": 0.00173742, "iv": 37.11, "instrument_name": "BTC-30DEC22-18000-C", "index_price": 16822.55, "direction": "sell", "amount": 0.1}, {"trade_seq": 4204, "trade_id": "238250544", "timestamp": 1671886908768, "tick_direction": 1, "price": 0.0015, "mark_price": 0.00171967, "iv": 37.06, "instrument_name": "BTC-30DEC22-18000-C", "index_price": 16819.64, "direction": "sell", "amount": 0.9}, {"trade_seq": 4203, "trade_id": "238250543", "timestamp": 1671886908768, "tick_direction": 1, "price": 0.0015, "mark_price": 0.00171967, "iv": 37.06, "instrument_name": "BTC-30DEC22-18000-C", "index_price": 16819.64, "direction": "sell", "amount": 0.1}, {"trade_seq": 4202, "trade_id": "238250050", "timestamp": 1671882188918, "tick_direction": 1, "price": 0.0015, "mark_price": 0.0012609, "iv": 36.58, "instrument_name": "BTC-30DEC22-18000-C", "index_price": 16830.07, "direction": "buy", "amount": 1.0}, {"trade_seq": 4201, "trade_id": "238250049", "timestamp": 1671882188918, "tick_direction": 0, "price": 0.0015, "mark_price": 0.0012609, "iv": 36.58, "instrument_name": "BTC-30DEC22-18000-C", "index_price": 16830.07, "direction": "buy", "amount": 1.5}, {"trade_seq": 4200, "trade_id": "238249953", "timestamp": 1671881005189, "tick_direction": 3, "price": 0.001, "mark_price": 0.00133815, "iv": 33.65, "instrument_name": "BTC-30DEC22-18000-C", "index_price": 16822.25, "direction": "sell", "amount": 0.1}, {"trade_seq": 4199, "trade_id": "238249628", "timestamp": 1671877166182, "tick_direction": 3, "price": 0.001, "mark_price": 0.00134031, "iv": 33.4, "instrument_name": "BTC-30DEC22-18000-C", "index_price": 16829.99, "direction": "sell", "amount": 0.1}, {"trade_seq": 4198, "trade_id": "238249399", "timestamp": 1671874988664, "tick_direction": 3, "price": 0.001, "mark_price": 0.00134233, "iv": 33.26, "instrument_name": "BTC-30DEC22-18000-C", "index_price": 16835.37, "direction": "sell", "amount": 0.1}, {"trade_seq": 4197, "trade_id": "238249385", "timestamp": 1671874755901, "tick_direction": 3, "price": 0.001, "mark_price": 0.00133951, "iv": 33.25, "instrument_name": "BTC-30DEC22-18000-C", "index_price": 16834.89, "direction": "sell", "amount": 0.4}, {"trade_seq": 4196, "trade_id": "238249336", "timestamp": 1671874526928, "tick_direction": 2, "price": 0.001, "mark_price": 0.00133888, "iv": 33.21, "instrument_name": "BTC-30DEC22-18000-C", "index_price": 16833.7, "direction": "sell", "amount": 0.3}, {"trade_seq": 4195, "trade_id": "238248413", "timestamp": 1671871935288, "tick_direction": 3, "price": 0.0015, "mark_price": 0.00153415, "iv": 36.19, "instrument_name": "BTC-30DEC22-18000-C", "index_price": 16837.35, "direction": "sell", "amount": 0.2}, {"trade_seq": 4194, "trade_id": "238247730", "timestamp": 1671869099703, "tick_direction": 3, "price": 0.0015, "mark_price": 0.00185724, "iv": 35.88, "instrument_name": "BTC-30DEC22-18000-C", "index_price": 16844.74, "direction": "sell", "amount": 0.2}, {"trade_seq": 4193, "trade_id": "238245931", "timestamp": 1671866335624, "tick_direction": 2, "price": 0.0015, "mark_price": 0.00199761, "iv": 36.54, "instrument_name": "BTC-30DEC22-18000-C", "index_price": 16817.33, "direction": "sell", "amount": 0.1}, {"trade_seq": 4192, "trade_id": "238245867", "timestamp": 1671865382534, "tick_direction": 3, "price": 0.002, "mark_price": 0.00218504, "iv": 39.11, "instrument_name": "BTC-30DEC22-18000-C", "index_price": 16815.81, "direction": "sell", "amount": 0.4}, {"trade_seq": 4191, "trade_id": "238245866", "timestamp": 1671865380501, "tick_direction": 3, "price": 0.002, "mark_price": 0.0021859, "iv": 39.11, "instrument_name": "BTC-30DEC22-18000-C", "index_price": 16815.73, "direction": "sell", "amount": 1.0}, {"trade_seq": 4190, "trade_id": "238245810", "timestamp": 1671864872441, "tick_direction": 3, "price": 0.002, "mark_price": 0.0022273, "iv": 39.12, "instrument_name": "BTC-30DEC22-18000-C", "index_price": 16816.13, "direction": "sell", "amount": 0.1}, {"trade_seq": 4189, "trade_id": "238245808", "timestamp": 1671864855942, "tick_direction": 3, "price": 0.002, "mark_price": 0.00222942, "iv": 39.12, "instrument_name": "BTC-30DEC22-18000-C", "index_price": 16816.14, "direction": "sell", "amount": 0.1}, {"trade_seq": 4188, "trade_id": "238245807", "timestamp": 1671864849903, "tick_direction": 3, "price": 0.002, "mark_price": 0.00223055, "iv": 39.12, "instrument_name": "BTC-30DEC22-18000-C", "index_price": 16816.27, "direction": "sell", "amount": 0.1}, {"trade_seq": 4187, "trade_id": "238245806", "timestamp": 1671864847812, "tick_direction": 3, "price": 0.002, "mark_price": 0.0022306, "iv": 39.12, "instrument_name": "BTC-30DEC22-18000-C", "index_price": 16816.26, "direction": "sell", "amount": 0.1}, {"trade_seq": 4186, "trade_id": "238245805", "timestamp": 1671864837636, "tick_direction": 3, "price": 0.002, "mark_price": 0.00223103, "iv": 39.12, "instrument_name": "BTC-30DEC22-18000-C", "index_price": 16816.32, "direction": "sell", "amount": 0.2}, {"trade_seq": 4185, "trade_id": "238245804", "timestamp": 1671864823402, "tick_direction": 3, "price": 0.002, "mark_price": 0.00223134, "iv": 39.12, "instrument_name": "BTC-30DEC22-18000-C", "index_price": 16816.38, "direction": "sell", "amount": 0.2}, {"trade_seq": 4184, "trade_id": "238245803", "timestamp": 1671864821372, "tick_direction": 3, "price": 0.002, "mark_price": 0.00223211, "iv": 39.11, "instrument_name": "BTC-30DEC22-18000-C", "index_price": 16816.47, "direction": "sell", "amount": 0.2}, {"trade_seq": 4183, "trade_id": "238245791", "timestamp": 1671864638357, "tick_direction": 3, "price": 0.002, "mark_price": 0.002216, "iv": 39.16, "instrument_name": "BTC-30DEC22-18000-C", "index_price": 16812.9, "direction": "sell", "amount": 0.1}, {"trade_seq": 4182, "trade_id": "238245326", "timestamp": 1671859342874, "tick_direction": 3, "price": 0.002, "mark_price": 0.00223409, "iv": 38.71, "instrument_name": "BTC-30DEC22-18000-C", "index_price": 16823.78, "direction": "sell", "amount": 0.1}, {"trade_seq": 4181, "trade_id": "238245064", "timestamp": 1671856555947, "tick_direction": 3, "price": 0.002, "mark_price": 0.00221455, "iv": 38.36, "instrument_name": "BTC-30DEC22-18000-C", "index_price": 16835.47, "direction": "sell", "amount": 0.2}, {"trade_seq": 4180, "trade_id": "238242137", "timestamp": 1671837636512, "tick_direction": 2, "price": 0.002, "mark_price": 0.00225281, "iv": 38.68, "instrument_name": "BTC-30DEC22-18000-C", "index_price": 16782.1, "direction": "sell", "amount": 0.1}, {"trade_seq": 4179, "trade_id": "238240278", "timestamp": 1671831147386, "tick_direction": 1, "price": 0.0025, "mark_price": 0.00224901, "iv": 40.35, "instrument_name": "BTC-30DEC22-18000-C", "index_price": 16800.49, "direction": "buy", "amount": 2.5}, {"trade_seq": 4178, "trade_id": "238240277", "timestamp": 1671831147386, "tick_direction": 1, "price": 0.0025, "mark_price": 0.00224901, "iv": 40.35, "instrument_name": "BTC-30DEC22-18000-C", "index_price": 16800.49, "direction": "buy", "amount": 2.5}, {"trade_seq": 4177, "trade_id": "238240267", "timestamp": 1671831015692, "tick_direction": 0, "price": 0.0025, "mark_price": 0.00222102, "iv": 40.47, "instrument_name": "BTC-30DEC22-18000-C", "index_price": 16799.01, "direction": "buy", "amount": 5.0}, {"trade_seq": 4176, "trade_id": "238237574", "timestamp": 1671825914203, "tick_direction": 2, "price": 0.002, "mark_price": 0.00221898, "iv": 37.0, "instrument_name": "BTC-30DEC22-18000-C", "index_price": 16843.19, "direction": "sell", "amount": 0.1}, {"trade_seq": 4175, "trade_id": "238237417", "timestamp": 1671825465912, "tick_direction": 1, "price": 0.0025, "mark_price": 0.00222789, "iv": 39.13, "instrument_name": "BTC-30DEC22-18000-C", "index_price": 16846.04, "direction": "buy", "amount": 1.8}, {"trade_seq": 4174, "trade_id": "238236654", "timestamp": 1671822810311, "tick_direction": 0, "price": 0.0025, "mark_price": 0.00229984, "iv": 38.95, "instrument_name": "BTC-30DEC22-18000-C", "index_price": 16847.71, "direction": "buy", "amount": 1.0}, {"trade_seq": 4173, "trade_id": "238236219", "timestamp": 1671819981125, "tick_direction": 3, "price": 0.002, "mark_price": 0.00221447, "iv": 36.98, "instrument_name": "BTC-30DEC22-18000-C", "index_price": 16837.96, "direction": "sell", "amount": 1.0}, {"trade_seq": 4172, "trade_id": "238236218", "timestamp": 1671819981125, "tick_direction": 3, "price": 0.002, "mark_price": 0.00221447, "iv": 36.98, "instrument_name": "BTC-30DEC22-18000-C", "index_price": 16837.96, "direction": "sell", "amount": 0.5}, {"trade_seq": 4171, "trade_id": "238236217", "timestamp": 1671819981125, "tick_direction": 3, "price": 0.002, "mark_price": 0.00221447, "iv": 36.98, "instrument_name": "BTC-30DEC22-18000-C", "index_price": 16837.96, "direction": "sell", "amount": 0.5}, {"trade_seq": 4170, "trade_id": "238233382", "timestamp": 1671810240635, "tick_direction": 2, "price": 0.002, "mark_price": 0.00226285, "iv": 35.85, "instrument_name": "BTC-30DEC22-18000-C", "index_price": 16869.15, "direction": "sell", "amount": 0.2}, {"trade_seq": 4169, "trade_id": "238229754", "timestamp": 1671805494457, "tick_direction": 3, "price": 0.0025, "mark_price": 0.00214093, "iv": 39.73, "instrument_name": "BTC-30DEC22-18000-C", "index_price": 16796.23, "direction": "buy", "amount": 1.0}, {"trade_seq": 4168, "trade_id": "238229053", "timestamp": 1671804282552, "tick_direction": 2, "price": 0.0025, "mark_price": 0.0023066, "iv": 39.04, "instrument_name": "BTC-30DEC22-18000-C", "index_price": 16818.58, "direction": "sell", "block_trade_id": "59569", "amount": 25.0}, {"trade_seq": 4167, "trade_id": "238227371", "timestamp": 1671802889362, "tick_direction": 0, "price": 0.0028, "mark_price": 0.00262215, "iv": 38.66, "instrument_name": "BTC-30DEC22-18000-C", "index_price": 16879.52, "direction": "buy", "block_trade_id": "59563", "amount": 50.0}, {"trade_seq": 4166, "trade_id": "238226984", "timestamp": 1671802769921, "tick_direction": 1, "price": 0.0025, "mark_price": 0.00259682, "iv": 37.66, "instrument_name": "BTC-30DEC22-18000-C", "index_price": 16870.8, "direction": "sell", "amount": 0.1}, {"trade_seq": 4165, "trade_id": "238225035", "timestamp": 1671802259997, "tick_direction": 0, "price": 0.0025, "mark_price": 0.00239261, "iv": 37.45, "instrument_name": "BTC-30DEC22-18000-C", "index_price": 16901.51, "direction": "buy", "amount": 25.0}, {"trade_seq": 4164, "trade_id": "238223221", "timestamp": 1671802201767, "tick_direction": 3, "price": 0.002, "mark_price": 0.00210966, "iv": 36.8, "instrument_name": "BTC-30DEC22-18000-C", "index_price": 16822.85, "direction": "sell", "amount": 0.1}, {"trade_seq": 4163, "trade_id": "238222399", "timestamp": 1671801284011, "tick_direction": 2, "price": 0.002, "mark_price": 0.00222275, "iv": 35.74, "instrument_name": "BTC-30DEC22-18000-C", "index_price": 16864.56, "direction": "sell", "amount": 5.0}, {"trade_seq": 4162, "trade_id": "238222052", "timestamp": 1671800447434, "tick_direction": 1, "price": 0.0025, "mark_price": 0.00225406, "iv": 37.73, "instrument_name": "BTC-30DEC22-18000-C", "index_price": 16871.85, "direction": "buy", "amount": 5.5}, {"trade_seq": 4161, "trade_id": "238222051", "timestamp": 1671800447434, "tick_direction": 0, "price": 0.0025, "mark_price": 0.00225406, "iv": 37.73, "instrument_name": "BTC-30DEC22-18000-C", "index_price": 16871.85, "direction": "buy", "amount": 4.5}, {"trade_seq": 4160, "trade_id": "238221220", "timestamp": 1671797360549, "tick_direction": 3, "price": 0.002, "mark_price": 0.00222818, "iv": 36.11, "instrument_name": "BTC-30DEC22-18000-C", "index_price": 16843.86, "direction": "sell", "amount": 0.3}, {"trade_seq": 4159, "trade_id": "238219763", "timestamp": 1671792108400, "tick_direction": 3, "price": 0.002, "mark_price": 0.0023722, "iv": 35.43, "instrument_name": "BTC-30DEC22-18000-C", "index_price": 16864.82, "direction": "sell", "amount": 4.8}, {"trade_seq": 4158, "trade_id": "238219762", "timestamp": 1671792108400, "tick_direction": 3, "price": 0.002, "mark_price": 0.0023722, "iv": 35.43, "instrument_name": "BTC-30DEC22-18000-C", "index_price": 16864.82, "direction": "sell", "amount": 3.0}, {"trade_seq": 4157, "trade_id": "238219761", "timestamp": 1671792108400, "tick_direction": 3, "price": 0.002, "mark_price": 0.0023722, "iv": 35.43, "instrument_name": "BTC-30DEC22-18000-C", "index_price": 16864.82, "direction": "sell", "amount": 0.5}, {"trade_seq": 4156, "trade_id": "238219760", "timestamp": 1671792108400, "tick_direction": 3, "price": 0.002, "mark_price": 0.0023722, "iv": 35.43, "instrument_name": "BTC-30DEC22-18000-C", "index_price": 16864.82, "direction": "sell", "amount": 1.7}, {"trade_seq": 4155, "trade_id": "238219482", "timestamp": 1671791673105, "tick_direction": 2, "price": 0.002, "mark_price": 0.00235006, "iv": 35.2, "instrument_name": "BTC-30DEC22-18000-C", "index_price": 16873.18, "direction": "sell", "amount": 0.3}, {"trade_seq": 4154, "trade_id": "238218991", "timestamp": 1671791163920, "tick_direction": 1, "price": 0.0025, "mark_price": 0.00227506, "iv": 37.67, "instrument_name": "BTC-30DEC22-18000-C", "index_price": 16856.78, "direction": "buy", "block_trade_id": "59550", "amount": 100.0}, {"trade_seq": 4153, "trade_id": "238218989", "timestamp": 1671791136763, "tick_direction": 1, "price": 0.0025, "mark_price": 0.00228597, "iv": 37.62, "instrument_name": "BTC-30DEC22-18000-C", "index_price": 16859.3, "direction": "buy", "amount": 25.0}, {"trade_seq": 4152, "trade_id": "238218987", "timestamp": 1671791135529, "tick_direction": 1, "price": 0.0025, "mark_price": 0.00228529, "iv": 37.63, "instrument_name": "BTC-30DEC22-18000-C", "index_price": 16859.36, "direction": "buy", "block_trade_id": "59549", "amount": 25.0}, {"trade_seq": 4151, "trade_id": "238218856", "timestamp": 1671790993437, "tick_direction": 1, "price": 0.0025, "mark_price": 0.00229498, "iv": 37.6, "instrument_name": "BTC-30DEC22-18000-C", "index_price": 16860.51, "direction": "buy", "amount": 10.0}, {"trade_seq": 4150, "trade_id": "238218855", "timestamp": 1671790993437, "tick_direction": 1, "price": 0.0025, "mark_price": 0.00229498, "iv": 37.6, "instrument_name": "BTC-30DEC22-18000-C", "index_price": 16860.51, "direction": "buy", "amount": 9.7}, {"trade_seq": 4149, "trade_id": "238218854", "timestamp": 1671790993437, "tick_direction": 0, "price": 0.0025, "mark_price": 0.00229498, "iv": 37.6, "instrument_name": "BTC-30DEC22-18000-C", "index_price": 16860.51, "direction": "buy", "amount": 3.8}, {"trade_seq": 4148, "trade_id": "238217858", "timestamp": 1671788781750, "tick_direction": 3, "price": 0.002, "mark_price": 0.00227719, "iv": 35.89, "instrument_name": "BTC-30DEC22-18000-C", "index_price": 16839.37, "direction": "sell", "amount": 0.2}, {"trade_seq": 4147, "trade_id": "238217819", "timestamp": 1671788651310, "tick_direction": 3, "price": 0.002, "mark_price": 0.00227714, "iv": 35.92, "instrument_name": "BTC-30DEC22-18000-C", "index_price": 16840.72, "direction": "sell", "amount": 1.3}, {"trade_seq": 4146, "trade_id": "238217493", "timestamp": 1671787955268, "tick_direction": 2, "price": 0.002, "mark_price": 0.00222879, "iv": 36.27, "instrument_name": "BTC-30DEC22-18000-C", "index_price": 16825.71, "direction": "sell", "amount": 0.4}, {"trade_seq": 4145, "trade_id": "238216997", "timestamp": 1671787111493, "tick_direction": 1, "price": 0.0025, "mark_price": 0.00220847, "iv": 38.32, "instrument_name": "BTC-30DEC22-18000-C", "index_price": 16830.43, "direction": "buy", "amount": 6.8}, {"trade_seq": 4144, "trade_id": "238216996", "timestamp": 1671787111493, "tick_direction": 1, "price": 0.0025, "mark_price": 0.00220847, "iv": 38.32, "instrument_name": "BTC-30DEC22-18000-C", "index_price": 16830.43, "direction": "buy", "amount": 0.1}, {"trade_seq": 4143, "trade_id": "238216995", "timestamp": 1671787111493, "tick_direction": 1, "price": 0.0025, "mark_price": 0.00220847, "iv": 38.32, "instrument_name": "BTC-30DEC22-18000-C", "index_price": 16830.43, "direction": "buy", "amount": 9.7}, {"trade_seq": 4142, "trade_id": "238216994", "timestamp": 1671787111493, "tick_direction": 0, "price": 0.0025, "mark_price": 0.00220847, "iv": 38.32, "instrument_name": "BTC-30DEC22-18000-C", "index_price": 16830.43, "direction": "buy", "amount": 3.4}, {"trade_seq": 4141, "trade_id": "238216794", "timestamp": 1671786865813, "tick_direction": 2, "price": 0.002, "mark_price": 0.00223979, "iv": 35.98, "instrument_name": "BTC-30DEC22-18000-C", "index_price": 16836.0, "direction": "sell", "amount": 0.1}, {"trade_seq": 4140, "trade_id": "238216663", "timestamp": 1671786572408, "tick_direction": 1, "price": 0.0025, "mark_price": 0.00225088, "iv": 38.06, "instrument_name": "BTC-30DEC22-18000-C", "index_price": 16837.84, "direction": "buy", "amount": 0.5}, {"trade_seq": 4139, "trade_id": "238216544", "timestamp": 1671786239400, "tick_direction": 0, "price": 0.0025, "mark_price": 0.00225914, "iv": 38.05, "instrument_name": "BTC-30DEC22-18000-C", "index_price": 16837.16, "direction": "buy", "amount": 0.4}, {"trade_seq": 4138, "trade_id": "238216489", "timestamp": 1671786073556, "tick_direction": 3, "price": 0.002, "mark_price": 0.00224288, "iv": 36.01, "instrument_name": "BTC-30DEC22-18000-C", "index_price": 16837.03, "direction": "sell", "amount": 0.3}, {"trade_seq": 4137, "trade_id": "238216424", "timestamp": 1671785947331, "tick_direction": 2, "price": 0.002, "mark_price": 0.00221694, "iv": 36.11, "instrument_name": "BTC-30DEC22-18000-C", "index_price": 16829.69, "direction": "sell", "amount": 0.6}, {"trade_seq": 4136, "trade_id": "238216264", "timestamp": 1671785496950, "tick_direction": 1, "price": 0.0025, "mark_price": 0.0022385, "iv": 38.1, "instrument_name": "BTC-30DEC22-18000-C", "index_price": 16837.71, "direction": "sell", "amount": 0.9}, {"trade_seq": 4135, "trade_id": "238216263", "timestamp": 1671785496851, "tick_direction": 1, "price": 0.0025, "mark_price": 0.0022385, "iv": 38.1, "instrument_name": "BTC-30DEC22-18000-C", "index_price": 16837.71, "direction": "buy", "amount": 8.0}, {"trade_seq": 4134, "trade_id": "238216262", "timestamp": 1671785496851, "tick_direction": 1, "price": 0.0025, "mark_price": 0.0022385, "iv": 38.1, "instrument_name": "BTC-30DEC22-18000-C", "index_price": 16837.71, "direction": "buy", "amount": 3.0}, {"trade_seq": 4133, "trade_id": "238216261", "timestamp": 1671785496851, "tick_direction": 1, "price": 0.0025, "mark_price": 0.0022385, "iv": 38.1, "instrument_name": "BTC-30DEC22-18000-C", "index_price": 16837.71, "direction": "buy", "amount": 4.0}, {"trade_seq": 4132, "trade_id": "238216260", "timestamp": 1671785496851, "tick_direction": 1, "price": 0.0025, "mark_price": 0.0022385, "iv": 38.1, "instrument_name": "BTC-30DEC22-18000-C", "index_price": 16837.71, "direction": "buy", "amount": 4.3}, {"trade_seq": 4131, "trade_id": "238216259", "timestamp": 1671785496851, "tick_direction": 1, "price": 0.0025, "mark_price": 0.0022385, "iv": 38.1, "instrument_name": "BTC-30DEC22-18000-C", "index_price": 16837.71, "direction": "buy", "amount": 9.4}, {"trade_seq": 4130, "trade_id": "238216191", "timestamp": 1671785327712, "tick_direction": 0, "price": 0.0025, "mark_price": 0.00225996, "iv": 38.03, "instrument_name": "BTC-30DEC22-18000-C", "index_price": 16834.87, "direction": "buy", "amount": 0.3}, {"trade_seq": 4129, "trade_id": "238215967", "timestamp": 1671784854914, "tick_direction": 3, "price": 0.002, "mark_price": 0.00224659, "iv": 36.03, "instrument_name": "BTC-30DEC22-18000-C", "index_price": 16832.43, "direction": "sell", "amount": 0.4}, {"trade_seq": 4128, "trade_id": "238215934", "timestamp": 1671784627098, "tick_direction": 3, "price": 0.002, "mark_price": 0.00224967, "iv": 36.02, "instrument_name": "BTC-30DEC22-18000-C", "index_price": 16830.71, "direction": "sell", "amount": 0.3}, {"trade_seq": 4127, "trade_id": "238215930", "timestamp": 1671784601133, "tick_direction": 3, "price": 0.002, "mark_price": 0.00224983, "iv": 36.03, "instrument_name": "BTC-30DEC22-18000-C", "index_price": 16830.4, "direction": "sell", "amount": 0.1}, {"trade_seq": 4126, "trade_id": "238215879", "timestamp": 1671784431926, "tick_direction": 3, "price": 0.002, "mark_price": 0.00224026, "iv": 36.06, "instrument_name": "BTC-30DEC22-18000-C", "index_price": 16829.47, "direction": "sell", "amount": 0.3}, {"trade_seq": 4125, "trade_id": "238215874", "timestamp": 1671784426088, "tick_direction": 3, "price": 0.002, "mark_price": 0.00224262, "iv": 36.05, "instrument_name": "BTC-30DEC22-18000-C", "index_price": 16829.87, "direction": "sell", "amount": 0.1}, {"trade_seq": 4124, "trade_id": "238215675", "timestamp": 1671784076935, "tick_direction": 3, "price": 0.002, "mark_price": 0.00225298, "iv": 36.02, "instrument_name": "BTC-30DEC22-18000-C", "index_price": 16829.96, "direction": "sell", "amount": 0.1}, {"trade_seq": 4123, "trade_id": "238215395", "timestamp": 1671783528761, "tick_direction": 3, "price": 0.002, "mark_price": 0.00224109, "iv": 36.11, "instrument_name": "BTC-30DEC22-18000-C", "index_price": 16825.72, "direction": "sell", "amount": 0.1}, {"trade_seq": 4122, "trade_id": "238215250", "timestamp": 1671783398829, "tick_direction": 3, "price": 0.002, "mark_price": 0.00227065, "iv": 35.98, "instrument_name": "BTC-30DEC22-18000-C", "index_price": 16829.55, "direction": "sell", "amount": 0.1}, {"trade_seq": 4121, "trade_id": "238215193", "timestamp": 1671783315696, "tick_direction": 3, "price": 0.002, "mark_price": 0.0022827, "iv": 35.96, "instrument_name": "BTC-30DEC22-18000-C", "index_price": 16830.93, "direction": "sell", "amount": 0.2}, {"trade_seq": 4120, "trade_id": "238215108", "timestamp": 1671783211670, "tick_direction": 3, "price": 0.002, "mark_price": 0.00226782, "iv": 36.05, "instrument_name": "BTC-30DEC22-18000-C", "index_price": 16827.84, "direction": "sell", "amount": 0.1}, {"trade_seq": 4119, "trade_id": "238215083", "timestamp": 1671783147639, "tick_direction": 3, "price": 0.002, "mark_price": 0.00226827, "iv": 36.07, "instrument_name": "BTC-30DEC22-18000-C", "index_price": 16824.77, "direction": "sell", "amount": 0.1}, {"trade_seq": 4118, "trade_id": "238214838", "timestamp": 1671782897569, "tick_direction": 3, "price": 0.002, "mark_price": 0.00228899, "iv": 36.03, "instrument_name": "BTC-30DEC22-18000-C", "index_price": 16828.4, "direction": "sell", "amount": 0.1}, {"trade_seq": 4117, "trade_id": "238214760", "timestamp": 1671782844564, "tick_direction": 3, "price": 0.002, "mark_price": 0.00235747, "iv": 35.8, "instrument_name": "BTC-30DEC22-18000-C", "index_price": 16835.66, "direction": "sell", "amount": 0.3}, {"trade_seq": 4116, "trade_id": "238214672", "timestamp": 1671782809050, "tick_direction": 2, "price": 0.002, "mark_price": 0.00239886, "iv": 35.71, "instrument_name": "BTC-30DEC22-18000-C", "index_price": 16840.86, "direction": "sell", "amount": 1.0}, {"trade_seq": 4115, "trade_id": "238214523", "timestamp": 1671782742545, "tick_direction": 1, "price": 0.0025, "mark_price": 0.00249597, "iv": 37.57, "instrument_name": "BTC-30DEC22-18000-C", "index_price": 16849.18, "direction": "buy", "amount": 2.0}, {"trade_seq": 4114, "trade_id": "238214474", "timestamp": 1671782703918, "tick_direction": 0, "price": 0.0025, "mark_price": 0.00275652, "iv": 37.53, "instrument_name": "BTC-30DEC22-18000-C", "index_price": 16851.05, "direction": "buy", "amount": 0.1}, {"trade_seq": 4113, "trade_id": "238214473", "timestamp": 1671782702524, "tick_direction": 3, "price": 0.002, "mark_price": 0.00275748, "iv": 35.41, "instrument_name": "BTC-30DEC22-18000-C", "index_price": 16851.07, "direction": "sell", "amount": 0.3}, {"trade_seq": 4112, "trade_id": "238214468", "timestamp": 1671782700540, "tick_direction": 3, "price": 0.002, "mark_price": 0.00275951, "iv": 35.41, "instrument_name": "BTC-30DEC22-18000-C", "index_price": 16851.08, "direction": "sell", "amount": 0.1}, {"trade_seq": 4111, "trade_id": "238214465", "timestamp": 1671782699567, "tick_direction": 3, "price": 0.002, "mark_price": 0.00276009, "iv": 35.41, "instrument_name": "BTC-30DEC22-18000-C", "index_price": 16851.08, "direction": "sell", "amount": 0.1}, {"trade_seq": 4110, "trade_id": "238214463", "timestamp": 1671782698548, "tick_direction": 3, "price": 0.002, "mark_price": 0.00276194, "iv": 35.41, "instrument_name": "BTC-30DEC22-18000-C", "index_price": 16851.12, "direction": "sell", "amount": 0.5}, {"trade_seq": 4109, "trade_id": "238214462", "timestamp": 1671782697537, "tick_direction": 3, "price": 0.002, "mark_price": 0.00276297, "iv": 35.4, "instrument_name": "BTC-30DEC22-18000-C", "index_price": 16851.23, "direction": "sell", "amount": 0.2}, {"trade_seq": 4108, "trade_id": "238214459", "timestamp": 1671782696758, "tick_direction": 3, "price": 0.002, "mark_price": 0.00276362, "iv": 35.4, "instrument_name": "BTC-30DEC22-18000-C", "index_price": 16851.18, "direction": "sell", "amount": 0.1}, {"trade_seq": 4107, "trade_id": "238214458", "timestamp": 1671782696578, "tick_direction": 3, "price": 0.002, "mark_price": 0.00276362, "iv": 35.4, "instrument_name": "BTC-30DEC22-18000-C", "index_price": 16851.18, "direction": "sell", "amount": 0.1}, {"trade_seq": 4106, "trade_id": "238214453", "timestamp": 1671782695536, "tick_direction": 3, "price": 0.002, "mark_price": 0.00276465, "iv": 35.4, "instrument_name": "BTC-30DEC22-18000-C", "index_price": 16851.1, "direction": "sell", "amount": 0.1}, {"trade_seq": 4105, "trade_id": "238214451", "timestamp": 1671782693541, "tick_direction": 3, "price": 0.002, "mark_price": 0.00276697, "iv": 35.4, "instrument_name": "BTC-30DEC22-18000-C", "index_price": 16851.21, "direction": "sell", "amount": 1.0}, {"trade_seq": 4104, "trade_id": "238214446", "timestamp": 1671782691565, "tick_direction": 3, "price": 0.002, "mark_price": 0.00276861, "iv": 35.39, "instrument_name": "BTC-30DEC22-18000-C", "index_price": 16851.12, "direction": "sell", "amount": 0.5}, {"trade_seq": 4103, "trade_id": "238214439", "timestamp": 1671782689539, "tick_direction": 3, "price": 0.002, "mark_price": 0.00277038, "iv": 35.39, "instrument_name": "BTC-30DEC22-18000-C", "index_price": 16851.1, "direction": "sell", "amount": 0.1}, {"trade_seq": 4102, "trade_id": "238214438", "timestamp": 1671782688557, "tick_direction": 3, "price": 0.002, "mark_price": 0.00277136, "iv": 35.39, "instrument_name": "BTC-30DEC22-18000-C", "index_price": 16851.09, "direction": "sell", "amount": 0.1}, {"trade_seq": 4101, "trade_id": "238214435", "timestamp": 1671782687615, "tick_direction": 3, "price": 0.002, "mark_price": 0.00277234, "iv": 35.39, "instrument_name": "BTC-30DEC22-18000-C", "index_price": 16851.08, "direction": "sell", "amount": 0.2}, {"trade_seq": 4100, "trade_id": "238214432", "timestamp": 1671782685558, "tick_direction": 3, "price": 0.002, "mark_price": 0.00277355, "iv": 35.39, "instrument_name": "BTC-30DEC22-18000-C", "index_price": 16850.68, "direction": "sell", "amount": 0.2}, {"trade_seq": 4099, "trade_id": "238214429", "timestamp": 1671782683692, "tick_direction": 3, "price": 0.002, "mark_price": 0.00277598, "iv": 35.39, "instrument_name": "BTC-30DEC22-18000-C", "index_price": 16851.33, "direction": "sell", "amount": 0.3}, {"trade_seq": 4098, "trade_id": "238214406", "timestamp": 1671782680545, "tick_direction": 3, "price": 0.002, "mark_price": 0.00277909, "iv": 35.38, "instrument_name": "BTC-30DEC22-18000-C", "index_price": 16851.8, "direction": "sell", "amount": 0.3}, {"trade_seq": 4097, "trade_id": "238214403", "timestamp": 1671782678541, "tick_direction": 3, "price": 0.002, "mark_price": 0.00278116, "iv": 35.38, "instrument_name": "BTC-30DEC22-18000-C", "index_price": 16852.07, "direction": "sell", "amount": 0.1}, {"trade_seq": 4096, "trade_id": "238214388", "timestamp": 1671782677548, "tick_direction": 3, "price": 0.002, "mark_price": 0.00278223, "iv": 35.38, "instrument_name": "BTC-30DEC22-18000-C", "index_price": 16852.02, "direction": "sell", "amount": 0.1}, {"trade_seq": 4095, "trade_id": "238214385", "timestamp": 1671782676533, "tick_direction": 3, "price": 0.002, "mark_price": 0.00278241, "iv": 35.36, "instrument_name": "BTC-30DEC22-18000-C", "index_price": 16852.21, "direction": "sell", "amount": 0.2}, {"trade_seq": 4094, "trade_id": "238214375", "timestamp": 1671782675532, "tick_direction": 3, "price": 0.002, "mark_price": 0.00278636, "iv": 35.37, "instrument_name": "BTC-30DEC22-18000-C", "index_price": 16852.75, "direction": "sell", "amount": 0.3}, {"trade_seq": 4093, "trade_id": "238214373", "timestamp": 1671782674605, "tick_direction": 3, "price": 0.002, "mark_price": 0.00278744, "iv": 35.36, "instrument_name": "BTC-30DEC22-18000-C", "index_price": 16852.85, "direction": "sell", "amount": 2.3}, {"trade_seq": 4092, "trade_id": "238214370", "timestamp": 1671782672558, "tick_direction": 3, "price": 0.002, "mark_price": 0.00278858, "iv": 35.36, "instrument_name": "BTC-30DEC22-18000-C", "index_price": 16852.9, "direction": "sell", "amount": 0.1}, {"trade_seq": 4091, "trade_id": "238214368", "timestamp": 1671782671176, "tick_direction": 3, "price": 0.002, "mark_price": 0.00278889, "iv": 35.37, "instrument_name": "BTC-30DEC22-18000-C", "index_price": 16852.85, "direction": "sell", "amount": 0.1}, {"trade_seq": 4090, "trade_id": "238214367", "timestamp": 1671782670999, "tick_direction": 3, "price": 0.002, "mark_price": 0.00278889, "iv": 35.37, "instrument_name": "BTC-30DEC22-18000-C", "index_price": 16852.85, "direction": "sell", "amount": 0.1}, {"trade_seq": 4089, "trade_id": "238214366", "timestamp": 1671782670837, "tick_direction": 3, "price": 0.002, "mark_price": 0.00278934, "iv": 35.37, "instrument_name": "BTC-30DEC22-18000-C", "index_price": 16852.85, "direction": "sell", "amount": 1.1}, {"trade_seq": 4088, "trade_id": "238214364", "timestamp": 1671782670534, "tick_direction": 3, "price": 0.002, "mark_price": 0.00278934, "iv": 35.36, "instrument_name": "BTC-30DEC22-18000-C", "index_price": 16852.8, "direction": "sell", "amount": 0.1}, {"trade_seq": 4087, "trade_id": "238214359", "timestamp": 1671782669529, "tick_direction": 3, "price": 0.002, "mark_price": 0.00279043, "iv": 35.36, "instrument_name": "BTC-30DEC22-18000-C", "index_price": 16852.87, "direction": "sell", "amount": 0.1}, {"trade_seq": 4086, "trade_id": "238214358", "timestamp": 1671782668528, "tick_direction": 3, "price": 0.002, "mark_price": 0.00279088, "iv": 35.36, "instrument_name": "BTC-30DEC22-18000-C", "index_price": 16852.91, "direction": "sell", "amount": 0.2}, {"trade_seq": 4085, "trade_id": "238214356", "timestamp": 1671782667519, "tick_direction": 3, "price": 0.002, "mark_price": 0.00279178, "iv": 35.36, "instrument_name": "BTC-30DEC22-18000-C", "index_price": 16852.98, "direction": "sell", "amount": 0.1}, {"trade_seq": 4084, "trade_id": "238214346", "timestamp": 1671782665536, "tick_direction": 3, "price": 0.002, "mark_price": 0.00279282, "iv": 35.36, "instrument_name": "BTC-30DEC22-18000-C", "index_price": 16853.0, "direction": "sell", "amount": 0.1}, {"trade_seq": 4083, "trade_id": "238214345", "timestamp": 1671782664510, "tick_direction": 3, "price": 0.002, "mark_price": 0.0027927, "iv": 35.37, "instrument_name": "BTC-30DEC22-18000-C", "index_price": 16853.02, "direction": "sell", "amount": 0.3}, {"trade_seq": 4082, "trade_id": "238214342", "timestamp": 1671782662516, "tick_direction": 3, "price": 0.002, "mark_price": 0.00279303, "iv": 35.37, "instrument_name": "BTC-30DEC22-18000-C", "index_price": 16852.86, "direction": "sell", "amount": 0.1}, {"trade_seq": 4081, "trade_id": "238214337", "timestamp": 1671782660513, "tick_direction": 3, "price": 0.002, "mark_price": 0.00279574, "iv": 35.37, "instrument_name": "BTC-30DEC22-18000-C", "index_price": 16852.91, "direction": "sell", "amount": 0.1}, {"trade_seq": 4080, "trade_id": "238214324", "timestamp": 1671782657817, "tick_direction": 3, "price": 0.002, "mark_price": 0.00279892, "iv": 35.36, "instrument_name": "BTC-30DEC22-18000-C", "index_price": 16853.35, "direction": "sell", "amount": 0.1}, {"trade_seq": 4079, "trade_id": "238214315", "timestamp": 1671782657527, "tick_direction": 3, "price": 0.002, "mark_price": 0.00279892, "iv": 35.36, "instrument_name": "BTC-30DEC22-18000-C", "index_price": 16853.47, "direction": "sell", "amount": 0.1}, {"trade_seq": 4078, "trade_id": "238214311", "timestamp": 1671782656537, "tick_direction": 3, "price": 0.002, "mark_price": 0.00279926, "iv": 35.36, "instrument_name": "BTC-30DEC22-18000-C", "index_price": 16853.47, "direction": "sell", "amount": 0.1}, {"trade_seq": 4077, "trade_id": "238214308", "timestamp": 1671782654520, "tick_direction": 3, "price": 0.002, "mark_price": 0.00280059, "iv": 35.36, "instrument_name": "BTC-30DEC22-18000-C", "index_price": 16853.5, "direction": "sell", "amount": 0.1}, {"trade_seq": 4076, "trade_id": "238214307", "timestamp": 1671782653513, "tick_direction": 3, "price": 0.002, "mark_price": 0.00279978, "iv": 35.36, "instrument_name": "BTC-30DEC22-18000-C", "index_price": 16853.5, "direction": "sell", "amount": 0.1}, {"trade_seq": 4075, "trade_id": "238214305", "timestamp": 1671782652797, "tick_direction": 3, "price": 0.002, "mark_price": 0.00280018, "iv": 35.37, "instrument_name": "BTC-30DEC22-18000-C", "index_price": 16853.45, "direction": "sell", "amount": 0.1}, {"trade_seq": 4074, "trade_id": "238214303", "timestamp": 1671782652510, "tick_direction": 3, "price": 0.002, "mark_price": 0.00280018, "iv": 35.37, "instrument_name": "BTC-30DEC22-18000-C", "index_price": 16853.45, "direction": "sell", "amount": 0.1}, {"trade_seq": 4073, "trade_id": "238214300", "timestamp": 1671782651773, "tick_direction": 3, "price": 0.002, "mark_price": 0.00280232, "iv": 35.37, "instrument_name": "BTC-30DEC22-18000-C", "index_price": 16853.31, "direction": "sell", "amount": 0.1}, {"trade_seq": 4072, "trade_id": "238214299", "timestamp": 1671782651605, "tick_direction": 3, "price": 0.002, "mark_price": 0.00280232, "iv": 35.37, "instrument_name": "BTC-30DEC22-18000-C", "index_price": 16853.31, "direction": "sell", "amount": 0.1}, {"trade_seq": 4071, "trade_id": "238214292", "timestamp": 1671782648793, "tick_direction": 3, "price": 0.002, "mark_price": 0.00280619, "iv": 35.37, "instrument_name": "BTC-30DEC22-18000-C", "index_price": 16853.54, "direction": "sell", "amount": 0.1}, {"trade_seq": 4070, "trade_id": "238214291", "timestamp": 1671782648617, "tick_direction": 3, "price": 0.002, "mark_price": 0.00280619, "iv": 35.37, "instrument_name": "BTC-30DEC22-18000-C", "index_price": 16853.54, "direction": "sell", "amount": 0.1}, {"trade_seq": 4069, "trade_id": "238214288", "timestamp": 1671782646504, "tick_direction": 3, "price": 0.002, "mark_price": 0.00280735, "iv": 35.36, "instrument_name": "BTC-30DEC22-18000-C", "index_price": 16853.96, "direction": "sell", "amount": 0.4}, {"trade_seq": 4068, "trade_id": "238214285", "timestamp": 1671782645501, "tick_direction": 3, "price": 0.002, "mark_price": 0.00280803, "iv": 35.36, "instrument_name": "BTC-30DEC22-18000-C", "index_price": 16853.97, "direction": "sell", "amount": 0.1}, {"trade_seq": 4067, "trade_id": "238214282", "timestamp": 1671782643501, "tick_direction": 3, "price": 0.002, "mark_price": 0.00280952, "iv": 35.36, "instrument_name": "BTC-30DEC22-18000-C", "index_price": 16854.06, "direction": "sell", "amount": 0.1}, {"trade_seq": 4066, "trade_id": "238214280", "timestamp": 1671782642498, "tick_direction": 3, "price": 0.002, "mark_price": 0.00281084, "iv": 35.36, "instrument_name": "BTC-30DEC22-18000-C", "index_price": 16854.01, "direction": "sell", "amount": 0.1}, {"trade_seq": 4065, "trade_id": "238214267", "timestamp": 1671782641519, "tick_direction": 3, "price": 0.002, "mark_price": 0.0028114, "iv": 35.36, "instrument_name": "BTC-30DEC22-18000-C", "index_price": 16854.04, "direction": "sell", "amount": 0.1}, {"trade_seq": 4064, "trade_id": "238214250", "timestamp": 1671782640506, "tick_direction": 3, "price": 0.002, "mark_price": 0.00281202, "iv": 35.36, "instrument_name": "BTC-30DEC22-18000-C", "index_price": 16854.12, "direction": "sell", "amount": 0.1}, {"trade_seq": 4063, "trade_id": "238214235", "timestamp": 1671782639077, "tick_direction": 3, "price": 0.002, "mark_price": 0.00281413, "iv": 35.35, "instrument_name": "BTC-30DEC22-18000-C", "index_price": 16854.31, "direction": "sell", "amount": 0.1}, {"trade_seq": 4062, "trade_id": "238214234", "timestamp": 1671782638890, "tick_direction": 3, "price": 0.002, "mark_price": 0.00281482, "iv": 35.35, "instrument_name": "BTC-30DEC22-18000-C", "index_price": 16854.31, "direction": "sell", "amount": 0.1}, {"trade_seq": 4061, "trade_id": "238214233", "timestamp": 1671782638729, "tick_direction": 3, "price": 0.002, "mark_price": 0.00281482, "iv": 35.35, "instrument_name": "BTC-30DEC22-18000-C", "index_price": 16854.31, "direction": "sell", "amount": 0.1}, {"trade_seq": 4060, "trade_id": "238214232", "timestamp": 1671782638517, "tick_direction": 3, "price": 0.002, "mark_price": 0.00281482, "iv": 35.35, "instrument_name": "BTC-30DEC22-18000-C", "index_price": 16854.31, "direction": "sell", "amount": 0.2}, {"trade_seq": 4059, "trade_id": "238214214", "timestamp": 1671782636911, "tick_direction": 3, "price": 0.002, "mark_price": 0.00281468, "iv": 35.35, "instrument_name": "BTC-30DEC22-18000-C", "index_price": 16854.18, "direction": "sell", "amount": 0.1}, {"trade_seq": 4058, "trade_id": "238214213", "timestamp": 1671782636717, "tick_direction": 3, "price": 0.002, "mark_price": 0.00281511, "iv": 35.35, "instrument_name": "BTC-30DEC22-18000-C", "index_price": 16854.18, "direction": "sell", "amount": 0.1}, {"trade_seq": 4057, "trade_id": "238214200", "timestamp": 1671782635503, "tick_direction": 3, "price": 0.002, "mark_price": 0.00281542, "iv": 35.35, "instrument_name": "BTC-30DEC22-18000-C", "index_price": 16854.14, "direction": "sell", "amount": 0.1}, {"trade_seq": 4056, "trade_id": "238214181", "timestamp": 1671782633494, "tick_direction": 3, "price": 0.002, "mark_price": 0.0028163, "iv": 35.36, "instrument_name": "BTC-30DEC22-18000-C", "index_price": 16854.06, "direction": "sell", "amount": 0.2}, {"trade_seq": 4055, "trade_id": "238214153", "timestamp": 1671782632055, "tick_direction": 3, "price": 0.002, "mark_price": 0.00281719, "iv": 35.36, "instrument_name": "BTC-30DEC22-18000-C", "index_price": 16854.07, "direction": "sell", "amount": 0.1}, {"trade_seq": 4054, "trade_id": "238214150", "timestamp": 1671782628494, "tick_direction": 3, "price": 0.002, "mark_price": 0.00281607, "iv": 35.37, "instrument_name": "BTC-30DEC22-18000-C", "index_price": 16853.74, "direction": "sell", "amount": 0.1}, {"trade_seq": 4053, "trade_id": "238214148", "timestamp": 1671782627495, "tick_direction": 3, "price": 0.002, "mark_price": 0.00281676, "iv": 35.37, "instrument_name": "BTC-30DEC22-18000-C", "index_price": 16853.67, "direction": "sell", "amount": 0.1}, {"trade_seq": 4052, "trade_id": "238214145", "timestamp": 1671782625845, "tick_direction": 3, "price": 0.002, "mark_price": 0.00281784, "iv": 35.37, "instrument_name": "BTC-30DEC22-18000-C", "index_price": 16853.62, "direction": "sell", "amount": 0.1}, {"trade_seq": 4051, "trade_id": "238214144", "timestamp": 1671782625672, "tick_direction": 3, "price": 0.002, "mark_price": 0.00281784, "iv": 35.37, "instrument_name": "BTC-30DEC22-18000-C", "index_price": 16853.62, "direction": "sell", "amount": 0.1}, {"trade_seq": 4050, "trade_id": "238214143", "timestamp": 1671782625494, "tick_direction": 3, "price": 0.002, "mark_price": 0.00281784, "iv": 35.37, "instrument_name": "BTC-30DEC22-18000-C", "index_price": 16853.62, "direction": "sell", "amount": 0.7}, {"trade_seq": 4049, "trade_id": "238214141", "timestamp": 1671782624503, "tick_direction": 3, "price": 0.002, "mark_price": 0.00281886, "iv": 35.37, "instrument_name": "BTC-30DEC22-18000-C", "index_price": 16853.68, "direction": "sell", "amount": 0.1}, {"trade_seq": 4048, "trade_id": "238214139", "timestamp": 1671782622487, "tick_direction": 3, "price": 0.002, "mark_price": 0.0028193, "iv": 35.37, "instrument_name": "BTC-30DEC22-18000-C", "index_price": 16853.69, "direction": "sell", "amount": 0.1}, {"trade_seq": 4047, "trade_id": "238214137", "timestamp": 1671782621755, "tick_direction": 3, "price": 0.002, "mark_price": 0.00282039, "iv": 35.37, "instrument_name": "BTC-30DEC22-18000-C", "index_price": 16853.75, "direction": "sell", "amount": 0.1}, {"trade_seq": 4046, "trade_id": "238214136", "timestamp": 1671782621540, "tick_direction": 3, "price": 0.002, "mark_price": 0.00282039, "iv": 35.37, "instrument_name": "BTC-30DEC22-18000-C", "index_price": 16853.75, "direction": "sell", "amount": 0.1}, {"trade_seq": 4045, "trade_id": "238214129", "timestamp": 1671782619492, "tick_direction": 3, "price": 0.002, "mark_price": 0.00282078, "iv": 35.38, "instrument_name": "BTC-30DEC22-18000-C", "index_price": 16853.89, "direction": "sell", "amount": 0.1}, {"trade_seq": 4044, "trade_id": "238214127", "timestamp": 1671782618476, "tick_direction": 3, "price": 0.002, "mark_price": 0.00282303, "iv": 35.37, "instrument_name": "BTC-30DEC22-18000-C", "index_price": 16853.83, "direction": "sell", "amount": 0.4}, {"trade_seq": 4043, "trade_id": "238214122", "timestamp": 1671782616481, "tick_direction": 3, "price": 0.002, "mark_price": 0.00282407, "iv": 35.37, "instrument_name": "BTC-30DEC22-18000-C", "index_price": 16854.17, "direction": "sell", "amount": 0.2}, {"trade_seq": 4042, "trade_id": "238214121", "timestamp": 1671782615871, "tick_direction": 3, "price": 0.002, "mark_price": 0.00282407, "iv": 35.37, "instrument_name": "BTC-30DEC22-18000-C", "index_price": 16854.16, "direction": "sell", "amount": 0.1}, {"trade_seq": 4041, "trade_id": "238214120", "timestamp": 1671782615704, "tick_direction": 3, "price": 0.002, "mark_price": 0.00282736, "iv": 35.37, "instrument_name": "BTC-30DEC22-18000-C", "index_price": 16854.16, "direction": "sell", "amount": 0.1}, {"trade_seq": 4040, "trade_id": "238214119", "timestamp": 1671782615501, "tick_direction": 3, "price": 0.002, "mark_price": 0.00282736, "iv": 35.37, "instrument_name": "BTC-30DEC22-18000-C", "index_price": 16854.16, "direction": "sell", "amount": 0.1}, {"trade_seq": 4039, "trade_id": "238214110", "timestamp": 1671782614494, "tick_direction": 3, "price": 0.002, "mark_price": 0.00282743, "iv": 35.36, "instrument_name": "BTC-30DEC22-18000-C", "index_price": 16854.59, "direction": "sell", "amount": 0.2}, {"trade_seq": 4038, "trade_id": "238214098", "timestamp": 1671782612660, "tick_direction": 3, "price": 0.002, "mark_price": 0.00283075, "iv": 35.37, "instrument_name": "BTC-30DEC22-18000-C", "index_price": 16854.6, "direction": "sell", "amount": 0.1}, {"trade_seq": 4037, "trade_id": "238214092", "timestamp": 1671782611481, "tick_direction": 3, "price": 0.002, "mark_price": 0.00283185, "iv": 35.36, "instrument_name": "BTC-30DEC22-18000-C", "index_price": 16854.68, "direction": "sell", "amount": 0.1}, {"trade_seq": 4036, "trade_id": "238214088", "timestamp": 1671782609489, "tick_direction": 3, "price": 0.002, "mark_price": 0.00283299, "iv": 35.36, "instrument_name": "BTC-30DEC22-18000-C", "index_price": 16854.89, "direction": "sell", "amount": 0.1}, {"trade_seq": 4035, "trade_id": "238214087", "timestamp": 1671782607002, "tick_direction": 3, "price": 0.002, "mark_price": 0.00283465, "iv": 35.36, "instrument_name": "BTC-30DEC22-18000-C", "index_price": 16854.9, "direction": "sell", "amount": 0.1}, {"trade_seq": 4034, "trade_id": "238214086", "timestamp": 1671782606827, "tick_direction": 3, "price": 0.002, "mark_price": 0.00283465, "iv": 35.36, "instrument_name": "BTC-30DEC22-18000-C", "index_price": 16854.9, "direction": "sell", "amount": 0.1}, {"trade_seq": 4033, "trade_id": "238214085", "timestamp": 1671782606617, "tick_direction": 2, "price": 0.002, "mark_price": 0.00283397, "iv": 35.36, "instrument_name": "BTC-30DEC22-18000-C", "index_price": 16854.9, "direction": "sell", "amount": 0.7}, {"trade_seq": 4032, "trade_id": "238214070", "timestamp": 1671782602592, "tick_direction": 3, "price": 0.0025, "mark_price": 0.00283724, "iv": 37.47, "instrument_name": "BTC-30DEC22-18000-C", "index_price": 16854.9, "direction": "sell", "amount": 0.4}, {"trade_seq": 4031, "trade_id": "238214066", "timestamp": 1671782601471, "tick_direction": 3, "price": 0.0025, "mark_price": 0.00283671, "iv": 37.47, "instrument_name": "BTC-30DEC22-18000-C", "index_price": 16854.92, "direction": "sell", "amount": 0.1}, {"trade_seq": 4030, "trade_id": "238214060", "timestamp": 1671782599494, "tick_direction": 3, "price": 0.0025, "mark_price": 0.00283837, "iv": 37.48, "instrument_name": "BTC-30DEC22-18000-C", "index_price": 16854.78, "direction": "sell", "amount": 0.1}, {"trade_seq": 4029, "trade_id": "238214055", "timestamp": 1671782597532, "tick_direction": 3, "price": 0.0025, "mark_price": 0.00283733, "iv": 37.47, "instrument_name": "BTC-30DEC22-18000-C", "index_price": 16855.19, "direction": "sell", "amount": 0.1}, {"trade_seq": 4028, "trade_id": "238214051", "timestamp": 1671782595466, "tick_direction": 3, "price": 0.0025, "mark_price": 0.00283854, "iv": 37.47, "instrument_name": "BTC-30DEC22-18000-C", "index_price": 16855.17, "direction": "sell", "amount": 0.1}, {"trade_seq": 4027, "trade_id": "238214050", "timestamp": 1671782594479, "tick_direction": 3, "price": 0.0025, "mark_price": 0.00283873, "iv": 37.47, "instrument_name": "BTC-30DEC22-18000-C", "index_price": 16855.17, "direction": "sell", "amount": 0.1}, {"trade_seq": 4026, "trade_id": "238214049", "timestamp": 1671782593501, "tick_direction": 3, "price": 0.0025, "mark_price": 0.00283912, "iv": 37.47, "instrument_name": "BTC-30DEC22-18000-C", "index_price": 16855.17, "direction": "sell", "amount": 0.1}, {"trade_seq": 4025, "trade_id": "238214044", "timestamp": 1671782592292, "tick_direction": 3, "price": 0.0025, "mark_price": 0.00283931, "iv": 37.47, "instrument_name": "BTC-30DEC22-18000-C", "index_price": 16855.26, "direction": "sell", "amount": 0.1}, {"trade_seq": 4024, "trade_id": "238214042", "timestamp": 1671782591987, "tick_direction": 3, "price": 0.0025, "mark_price": 0.00283931, "iv": 37.47, "instrument_name": "BTC-30DEC22-18000-C", "index_price": 16855.26, "direction": "sell", "amount": 0.1}, {"trade_seq": 4023, "trade_id": "238214040", "timestamp": 1671782591467, "tick_direction": 3, "price": 0.0025, "mark_price": 0.00283969, "iv": 37.47, "instrument_name": "BTC-30DEC22-18000-C", "index_price": 16855.26, "direction": "sell", "amount": 0.1}, {"trade_seq": 4022, "trade_id": "238214036", "timestamp": 1671782590460, "tick_direction": 3, "price": 0.0025, "mark_price": 0.00284001, "iv": 37.47, "instrument_name": "BTC-30DEC22-18000-C", "index_price": 16855.31, "direction": "sell", "amount": 0.1}, {"trade_seq": 4021, "trade_id": "238214033", "timestamp": 1671782589471, "tick_direction": 3, "price": 0.0025, "mark_price": 0.0028404, "iv": 37.47, "instrument_name": "BTC-30DEC22-18000-C", "index_price": 16855.36, "direction": "sell", "amount": 0.3}