{"trades": [{"trade_seq": 126, "trade_id": "239635498", "timestamp": 1674157945651, "tick_direction": 2, "price": 0.0001, "mark_price": 4.074e-05, "iv": 128.66, "instrument_name": "BTC-31MAR23-150000-C", "index_price": 21093.44, "direction": "buy", "combo_id": "BTC-CS-31MAR23-120000_150000", "block_trade_id": "61799", "amount": 23.4}, {"trade_seq": 125, "trade_id": "237667969", "timestamp": 1670952256213, "tick_direction": 3, "price": 0.0005, "mark_price": 0.00028592, "iv": 126.83, "instrument_name": "BTC-31MAR23-150000-C", "index_price": 17719.34, "direction": "buy", "amount": 4.9}, {"trade_seq": 124, "trade_id": "233871751", "timestamp": 1667830981571, "tick_direction": 3, "price": 0.0005, "mark_price": 0.00016983, "iv": 102.58, "instrument_name": "BTC-31MAR23-150000-C", "index_price": 20732.4, "direction": "sell", "amount": 2.0}, {"trade_seq": 123, "trade_id": "231089098", "timestamp": 1664883754071, "tick_direction": 2, "price": 0.0005, "mark_price": 0.00053059, "iv": 93.81, "instrument_name": "BTC-31MAR23-150000-C", "index_price": 19951.01, "direction": "sell", "amount": 1.0}, {"trade_seq": 122, "trade_id": "230993056", "timestamp": 1664802019106, "tick_direction": 1, "price": 0.001, "mark_price": 0.00048004, "iv": 100.9, "instrument_name": "BTC-31MAR23-150000-C", "index_price": 19258.11, "direction": "buy", "amount": 0.6}, {"trade_seq": 121, "trade_id": "230988729", "timestamp": 1664797631575, "tick_direction": 0, "price": 0.001, "mark_price": 0.00047725, "iv": 100.95, "instrument_name": "BTC-31MAR23-150000-C", "index_price": 19226.1, "direction": "buy", "amount": 1.0}, {"trade_seq": 120, "trade_id": "230368247", "timestamp": 1664294897288, "tick_direction": 3, "price": 0.0005, "mark_price": 0.0006676, "iv": 92.36, "instrument_name": "BTC-31MAR23-150000-C", "index_price": 19817.13, "direction": "buy", "amount": 0.4}, {"trade_seq": 119, "trade_id": "230368246", "timestamp": 1664294897273, "tick_direction": 2, "price": 0.0005, "mark_price": 0.0006676, "iv": 92.36, "instrument_name": "BTC-31MAR23-150000-C", "index_price": 19817.13, "direction": "sell", "amount": 0.6}, {"trade_seq": 118, "trade_id": "229405737", "timestamp": 1663513205214, "tick_direction": 3, "price": 0.0005, "mark_price": 0.00105523, "iv": 90.2, "instrument_name": "BTC-31MAR23-150000-C", "index_price": 19804.41, "direction": "sell", "amount": 5.0}, {"trade_seq": 117, "trade_id": "229405736", "timestamp": 1663513205214, "tick_direction": 3, "price": 0.0005, "mark_price": 0.00105523, "iv": 90.2, "instrument_name": "BTC-31MAR23-150000-C", "index_price": 19804.41, "direction": "sell", "amount": 0.1}, {"trade_seq": 116, "trade_id": "229405735", "timestamp": 1663513205214, "tick_direction": 2, "price": 0.0005, "mark_price": 0.00105523, "iv": 90.2, "instrument_name": "BTC-31MAR23-150000-C", "index_price": 19804.41, "direction": "sell", "amount": 1.0}, {"trade_seq": 115, "trade_id": "228318265", "timestamp": 1662448889505, "tick_direction": 3, "price": 0.0015, "mark_price": 0.00108827, "iv": 96.35, "instrument_name": "BTC-31MAR23-150000-C", "index_price": 19922.61, "direction": "sell", "amount": 2.5}, {"trade_seq": 114, "trade_id": "228318264", "timestamp": 1662448887668, "tick_direction": 3, "price": 0.0015, "mark_price": 0.0010884, "iv": 96.35, "instrument_name": "BTC-31MAR23-150000-C", "index_price": 19922.72, "direction": "sell", "amount": 2.5}, {"trade_seq": 113, "trade_id": "228245153", "timestamp": 1662344914799, "tick_direction": 2, "price": 0.0015, "mark_price": 0.00163354, "iv": 96.3, "instrument_name": "BTC-31MAR23-150000-C", "index_price": 19823.9, "direction": "sell", "amount": 1.0}, {"trade_seq": 112, "trade_id": "228242441", "timestamp": 1662338893829, "tick_direction": 3, "price": 0.002, "mark_price": 0.00123608, "iv": 98.91, "instrument_name": "BTC-31MAR23-150000-C", "index_price": 19904.43, "direction": "sell", "amount": 0.5}, {"trade_seq": 111, "trade_id": "228242440", "timestamp": 1662338886787, "tick_direction": 3, "price": 0.002, "mark_price": 0.00123603, "iv": 98.91, "instrument_name": "BTC-31MAR23-150000-C", "index_price": 19904.07, "direction": "sell", "amount": 0.5}, {"trade_seq": 110, "trade_id": "227915856", "timestamp": 1661906961507, "tick_direction": 3, "price": 0.002, "mark_price": 0.00224576, "iv": 97.63, "instrument_name": "BTC-31MAR23-150000-C", "index_price": 19962.37, "direction": "sell", "amount": 0.1}, {"trade_seq": 109, "trade_id": "227781029", "timestamp": 1661774542199, "tick_direction": 2, "price": 0.002, "mark_price": 0.00235986, "iv": 97.63, "instrument_name": "BTC-31MAR23-150000-C", "index_price": 19814.94, "direction": "sell", "amount": 19.6}, {"trade_seq": 108, "trade_id": "226715469", "timestamp": 1660688090685, "tick_direction": 0, "price": 0.011, "mark_price": 0.00350863, "iv": 107.75, "instrument_name": "BTC-31MAR23-150000-C", "index_price": 23910.54, "direction": "buy", "amount": 0.5}, {"trade_seq": 107, "trade_id": "226715468", "timestamp": 1660688090685, "tick_direction": 0, "price": 0.0075, "mark_price": 0.00350863, "iv": 102.16, "instrument_name": "BTC-31MAR23-150000-C", "index_price": 23910.54, "direction": "buy", "amount": 0.3}, {"trade_seq": 106, "trade_id": "226715467", "timestamp": 1660688090685, "tick_direction": 0, "price": 0.004, "mark_price": 0.00350863, "iv": 94.38, "instrument_name": "BTC-31MAR23-150000-C", "index_price": 23910.54, "direction": "buy", "amount": 1.0}, {"trade_seq": 105, "trade_id": "226461606", "timestamp": 1660364971641, "tick_direction": 1, "price": 0.003, "mark_price": 0.00279417, "iv": 89.02, "instrument_name": "BTC-31MAR23-150000-C", "index_price": 24793.92, "direction": "buy", "amount": 1.0}, {"trade_seq": 104, "trade_id": "226461605", "timestamp": 1660364971641, "tick_direction": 0, "price": 0.003, "mark_price": 0.00279417, "iv": 89.02, "instrument_name": "BTC-31MAR23-150000-C", "index_price": 24793.92, "direction": "buy", "amount": 7.1}, {"trade_seq": 103, "trade_id": "226285151", "timestamp": 1660200157338, "tick_direction": 3, "price": 0.0025, "mark_price": 0.00287921, "iv": 87.31, "instrument_name": "BTC-31MAR23-150000-C", "index_price": 24531.02, "direction": "sell", "amount": 9.0}, {"trade_seq": 102, "trade_id": "226285150", "timestamp": 1660200157338, "tick_direction": 2, "price": 0.0025, "mark_price": 0.00287921, "iv": 87.31, "instrument_name": "BTC-31MAR23-150000-C", "index_price": 24531.02, "direction": "sell", "amount": 1.0}, {"trade_seq": 101, "trade_id": "224004244", "timestamp": 1658418281107, "tick_direction": 0, "price": 0.0045, "mark_price": 0.00384117, "iv": 92.69, "instrument_name": "BTC-31MAR23-150000-C", "index_price": 22632.9, "direction": "sell", "amount": 1.0}, {"trade_seq": 100, "trade_id": "222708602", "timestamp": 1657655055623, "tick_direction": 2, "price": 0.0035, "mark_price": 0.00381454, "iv": 94.19, "instrument_name": "BTC-31MAR23-150000-C", "index_price": 19381.55, "direction": "buy", "amount": 0.2}, {"trade_seq": 99, "trade_id": "221239215", "timestamp": 1656463453625, "tick_direction": 0, "price": 0.0045, "mark_price": 0.0039792, "iv": 92.86, "instrument_name": "BTC-31MAR23-150000-C", "index_price": 20283.89, "direction": "buy", "amount": 0.2}, {"trade_seq": 98, "trade_id": "220835194", "timestamp": 1656055692988, "tick_direction": 2, "price": 0.0035, "mark_price": 0.00463368, "iv": 88.76, "instrument_name": "BTC-31MAR23-150000-C", "index_price": 20796.26, "direction": "sell", "amount": 0.1}, {"trade_seq": 97, "trade_id": "220430913", "timestamp": 1655820119405, "tick_direction": 3, "price": 0.005, "mark_price": 0.00448168, "iv": 90.72, "instrument_name": "BTC-31MAR23-150000-C", "index_price": 21540.25, "direction": "sell", "amount": 0.1}, {"trade_seq": 96, "trade_id": "218983588", "timestamp": 1655297213087, "tick_direction": 2, "price": 0.005, "mark_price": 0.00547224, "iv": 89.95, "instrument_name": "BTC-31MAR23-150000-C", "index_price": 21225.22, "direction": "sell", "amount": 0.5}, {"trade_seq": 95, "trade_id": "218220920", "timestamp": 1655136551339, "tick_direction": 1, "price": 0.006, "mark_price": 0.00302533, "iv": 87.78, "instrument_name": "BTC-31MAR23-150000-C", "index_price": 23540.85, "direction": "buy", "amount": 0.7}, {"trade_seq": 94, "trade_id": "218220919", "timestamp": 1655136551339, "tick_direction": 0, "price": 0.006, "mark_price": 0.00302533, "iv": 87.78, "instrument_name": "BTC-31MAR23-150000-C", "index_price": 23540.85, "direction": "buy", "amount": 0.3}, {"trade_seq": 93, "trade_id": "218151647", "timestamp": 1655128275425, "tick_direction": 2, "price": 0.003, "mark_price": 0.0029876, "iv": 80.46, "instrument_name": "BTC-31MAR23-150000-C", "index_price": 23720.57, "direction": "sell", "amount": 1.0}, {"trade_seq": 92, "trade_id": "216530628", "timestamp": 1654121002370, "tick_direction": 3, "price": 0.0055, "mark_price": 0.00510072, "iv": 76.47, "instrument_name": "BTC-31MAR23-150000-C", "index_price": 29519.48, "direction": "sell", "amount": 3.0}, {"trade_seq": 91, "trade_id": "216507142", "timestamp": 1654110668643, "tick_direction": 3, "price": 0.0055, "mark_price": 0.00540249, "iv": 75.71, "instrument_name": "BTC-31MAR23-150000-C", "index_price": 30109.45, "direction": "sell", "amount": 1.0}, {"trade_seq": 90, "trade_id": "216507141", "timestamp": 1654110667694, "tick_direction": 3, "price": 0.0055, "mark_price": 0.005405, "iv": 75.71, "instrument_name": "BTC-31MAR23-150000-C", "index_price": 30109.57, "direction": "sell", "amount": 1.0}, {"trade_seq": 89, "trade_id": "216505023", "timestamp": 1654109557444, "tick_direction": 3, "price": 0.0055, "mark_price": 0.00579057, "iv": 75.48, "instrument_name": "BTC-31MAR23-150000-C", "index_price": 30290.5, "direction": "sell", "amount": 1.0}, {"trade_seq": 88, "trade_id": "216505022", "timestamp": 1654109555990, "tick_direction": 3, "price": 0.0055, "mark_price": 0.00578985, "iv": 75.48, "instrument_name": "BTC-31MAR23-150000-C", "index_price": 30290.24, "direction": "sell", "amount": 1.0}, {"trade_seq": 87, "trade_id": "216505004", "timestamp": 1654109540667, "tick_direction": 3, "price": 0.0055, "mark_price": 0.00579259, "iv": 75.49, "instrument_name": "BTC-31MAR23-150000-C", "index_price": 30273.79, "direction": "sell", "amount": 1.0}, {"trade_seq": 86, "trade_id": "216504216", "timestamp": 1654108853577, "tick_direction": 3, "price": 0.0055, "mark_price": 0.00603944, "iv": 75.45, "instrument_name": "BTC-31MAR23-150000-C", "index_price": 30329.67, "direction": "sell", "amount": 1.0}, {"trade_seq": 85, "trade_id": "216504215", "timestamp": 1654108851837, "tick_direction": 3, "price": 0.0055, "mark_price": 0.00603911, "iv": 75.45, "instrument_name": "BTC-31MAR23-150000-C", "index_price": 30329.87, "direction": "sell", "amount": 1.0}, {"trade_seq": 84, "trade_id": "216504213", "timestamp": 1654108834845, "tick_direction": 3, "price": 0.0055, "mark_price": 0.0060352, "iv": 75.45, "instrument_name": "BTC-31MAR23-150000-C", "index_price": 30330.75, "direction": "sell", "amount": 1.0}, {"trade_seq": 83, "trade_id": "216504197", "timestamp": 1654108825832, "tick_direction": 3, "price": 0.0055, "mark_price": 0.00603394, "iv": 75.45, "instrument_name": "BTC-31MAR23-150000-C", "index_price": 30333.81, "direction": "sell", "amount": 1.0}, {"trade_seq": 82, "trade_id": "216504196", "timestamp": 1654108824229, "tick_direction": 3, "price": 0.0055, "mark_price": 0.0060334, "iv": 75.45, "instrument_name": "BTC-31MAR23-150000-C", "index_price": 30333.64, "direction": "sell", "amount": 1.0}, {"trade_seq": 81, "trade_id": "216498340", "timestamp": 1654105750643, "tick_direction": 3, "price": 0.0055, "mark_price": 0.00600449, "iv": 75.72, "instrument_name": "BTC-31MAR23-150000-C", "index_price": 30129.92, "direction": "sell", "amount": 1.0}, {"trade_seq": 80, "trade_id": "216498338", "timestamp": 1654105749265, "tick_direction": 2, "price": 0.0055, "mark_price": 0.0060059, "iv": 75.71, "instrument_name": "BTC-31MAR23-150000-C", "index_price": 30131.39, "direction": "sell", "amount": 1.0}, {"trade_seq": 79, "trade_id": "215947141", "timestamp": 1653681722678, "tick_direction": 0, "price": 0.0065, "mark_price": 0.00642699, "iv": 78.62, "instrument_name": "BTC-31MAR23-150000-C", "index_price": 28816.91, "direction": "buy", "amount": 0.8}, {"trade_seq": 78, "trade_id": "215947140", "timestamp": 1653681722678, "tick_direction": 3, "price": 0.006, "mark_price": 0.00642699, "iv": 77.78, "instrument_name": "BTC-31MAR23-150000-C", "index_price": 28816.91, "direction": "buy", "amount": 0.2}, {"trade_seq": 77, "trade_id": "215737077", "timestamp": 1653572411275, "tick_direction": 3, "price": 0.006, "mark_price": 0.00696217, "iv": 78.32, "instrument_name": "BTC-31MAR23-150000-C", "index_price": 28325.12, "direction": "buy", "amount": 0.1}, {"trade_seq": 76, "trade_id": "215737075", "timestamp": 1653572410988, "tick_direction": 3, "price": 0.006, "mark_price": 0.00696479, "iv": 78.32, "instrument_name": "BTC-31MAR23-150000-C", "index_price": 28325.12, "direction": "sell", "amount": 0.9}, {"trade_seq": 75, "trade_id": "215466940", "timestamp": 1653361856139, "tick_direction": 2, "price": 0.006, "mark_price": 0.00628516, "iv": 76.7, "instrument_name": "BTC-31MAR23-150000-C", "index_price": 29268.79, "direction": "sell", "amount": 1.0}, {"trade_seq": 74, "trade_id": "215092163", "timestamp": 1653019068327, "tick_direction": 1, "price": 0.007, "mark_price": 0.00679946, "iv": 76.69, "instrument_name": "BTC-31MAR23-150000-C", "index_price": 30139.08, "direction": "sell", "amount": 0.2}, {"trade_seq": 73, "trade_id": "215092162", "timestamp": 1653019068324, "tick_direction": 0, "price": 0.007, "mark_price": 0.00679946, "iv": 76.69, "instrument_name": "BTC-31MAR23-150000-C", "index_price": 30139.08, "direction": "buy", "amount": 0.8}, {"trade_seq": 72, "trade_id": "214980911", "timestamp": 1652956058096, "tick_direction": 2, "price": 0.0065, "mark_price": 0.00657794, "iv": 77.28, "instrument_name": "BTC-31MAR23-150000-C", "index_price": 29020.39, "direction": "sell", "amount": 1.0}, {"trade_seq": 71, "trade_id": "214557974", "timestamp": 1652646625684, "tick_direction": 2, "price": 0.0085, "mark_price": 0.00835466, "iv": 77.31, "instrument_name": "BTC-31MAR23-150000-C", "index_price": 30909.42, "direction": "sell", "amount": 2.0}, {"trade_seq": 70, "trade_id": "214498189", "timestamp": 1652572041391, "tick_direction": 0, "price": 0.0095, "mark_price": 0.00857411, "iv": 79.58, "instrument_name": "BTC-31MAR23-150000-C", "index_price": 30047.17, "direction": "sell", "amount": 0.1}, {"trade_seq": 69, "trade_id": "214365989", "timestamp": 1652462561192, "tick_direction": 3, "price": 0.009, "mark_price": 0.00818114, "iv": 78.87, "instrument_name": "BTC-31MAR23-150000-C", "index_price": 30050.09, "direction": "sell", "amount": 1.0}, {"trade_seq": 68, "trade_id": "212380297", "timestamp": 1651885285100, "tick_direction": 2, "price": 0.009, "mark_price": 0.00891968, "iv": 70.91, "instrument_name": "BTC-31MAR23-150000-C", "index_price": 35981.82, "direction": "sell", "amount": 0.1}, {"trade_seq": 67, "trade_id": "211917840", "timestamp": 1651686030283, "tick_direction": 1, "price": 0.011, "mark_price": 0.01059941, "iv": 69.72, "instrument_name": "BTC-31MAR23-150000-C", "index_price": 38915.18, "direction": "buy", "amount": 1.0}, {"trade_seq": 66, "trade_id": "211874341", "timestamp": 1651652533533, "tick_direction": 0, "price": 0.011, "mark_price": 0.0107024, "iv": 69.78, "instrument_name": "BTC-31MAR23-150000-C", "index_price": 38756.52, "direction": "buy", "amount": 1.0}, {"trade_seq": 65, "trade_id": "211803710", "timestamp": 1651584753445, "tick_direction": 3, "price": 0.0105, "mark_price": 0.01096145, "iv": 69.62, "instrument_name": "BTC-31MAR23-150000-C", "index_price": 38305.58, "direction": "buy", "amount": 0.5}, {"trade_seq": 64, "trade_id": "211803709", "timestamp": 1651584753438, "tick_direction": 3, "price": 0.0105, "mark_price": 0.01096145, "iv": 69.62, "instrument_name": "BTC-31MAR23-150000-C", "index_price": 38305.58, "direction": "sell", "amount": 7.5}, {"trade_seq": 63, "trade_id": "211799761", "timestamp": 1651580606592, "tick_direction": 2, "price": 0.0105, "mark_price": 0.01110823, "iv": 69.43, "instrument_name": "BTC-31MAR23-150000-C", "index_price": 38489.3, "direction": "sell", "amount": 1.0}, {"trade_seq": 62, "trade_id": "211698195", "timestamp": 1651480340940, "tick_direction": 1, "price": 0.011, "mark_price": 0.01159651, "iv": 69.49, "instrument_name": "BTC-31MAR23-150000-C", "index_price": 38867.27, "direction": "sell", "amount": 1.0}, {"trade_seq": 61, "trade_id": "211686040", "timestamp": 1651465263175, "tick_direction": 0, "price": 0.011, "mark_price": 0.01148417, "iv": 69.67, "instrument_name": "BTC-31MAR23-150000-C", "index_price": 38618.49, "direction": "sell", "amount": 0.9}, {"trade_seq": 60, "trade_id": "211603473", "timestamp": 1651363655827, "tick_direction": 3, "price": 0.01, "mark_price": 0.01017838, "iv": 69.51, "instrument_name": "BTC-31MAR23-150000-C", "index_price": 37752.27, "direction": "sell", "amount": 1.3}, {"trade_seq": 59, "trade_id": "211586453", "timestamp": 1651341227195, "tick_direction": 2, "price": 0.01, "mark_price": 0.01117262, "iv": 68.83, "instrument_name": "BTC-31MAR23-150000-C", "index_price": 38263.87, "direction": "sell", "amount": 0.1}, {"trade_seq": 58, "trade_id": "211558343", "timestamp": 1651285181194, "tick_direction": 3, "price": 0.011, "mark_price": 0.01165534, "iv": 69.4, "instrument_name": "BTC-31MAR23-150000-C", "index_price": 38716.81, "direction": "sell", "amount": 0.8}, {"trade_seq": 57, "trade_id": "211506170", "timestamp": 1651237297454, "tick_direction": 3, "price": 0.011, "mark_price": 0.01172806, "iv": 69.11, "instrument_name": "BTC-31MAR23-150000-C", "index_price": 38951.14, "direction": "sell", "amount": 0.2}, {"trade_seq": 56, "trade_id": "211506169", "timestamp": 1651237297454, "tick_direction": 2, "price": 0.011, "mark_price": 0.01172806, "iv": 69.11, "instrument_name": "BTC-31MAR23-150000-C", "index_price": 38951.14, "direction": "sell", "amount": 0.8}, {"trade_seq": 55, "trade_id": "211476531", "timestamp": 1651217899049, "tick_direction": 1, "price": 0.012, "mark_price": 0.01178462, "iv": 69.39, "instrument_name": "BTC-31MAR23-150000-C", "index_price": 39578.81, "direction": "buy", "amount": 1.0}, {"trade_seq": 54, "trade_id": "211435129", "timestamp": 1651173579651, "tick_direction": 1, "price": 0.012, "mark_price": 0.0118456, "iv": 68.76, "instrument_name": "BTC-31MAR23-150000-C", "index_price": 40123.24, "direction": "buy", "amount": 1.0}, {"trade_seq": 53, "trade_id": "211332083", "timestamp": 1651096682966, "tick_direction": 0, "price": 0.012, "mark_price": 0.01223337, "iv": 69.56, "instrument_name": "BTC-31MAR23-150000-C", "index_price": 39209.46, "direction": "sell", "amount": 0.1}, {"trade_seq": 52, "trade_id": "211311754", "timestamp": 1651076189161, "tick_direction": 3, "price": 0.0115, "mark_price": 0.01173404, "iv": 69.12, "instrument_name": "BTC-31MAR23-150000-C", "index_price": 39163.92, "direction": "buy", "amount": 3.0}, {"trade_seq": 51, "trade_id": "211309021", "timestamp": 1651074497058, "tick_direction": 2, "price": 0.0115, "mark_price": 0.01201971, "iv": 69.31, "instrument_name": "BTC-31MAR23-150000-C", "index_price": 38998.02, "direction": "buy", "amount": 2.0}, {"trade_seq": 50, "trade_id": "211214552", "timestamp": 1651004180986, "tick_direction": 1, "price": 0.0125, "mark_price": 0.01180795, "iv": 71.23, "instrument_name": "BTC-31MAR23-150000-C", "index_price": 37977.61, "direction": "sell", "amount": 1.0}, {"trade_seq": 49, "trade_id": "211199536", "timestamp": 1651000510462, "tick_direction": 0, "price": 0.0125, "mark_price": 0.0117492, "iv": 70.8, "instrument_name": "BTC-31MAR23-150000-C", "index_price": 38429.22, "direction": "sell", "amount": 1.0}, {"trade_seq": 48, "trade_id": "211179828", "timestamp": 1650992225101, "tick_direction": 2, "price": 0.011, "mark_price": 0.01193718, "iv": 69.13, "instrument_name": "BTC-31MAR23-150000-C", "index_price": 38608.33, "direction": "buy", "amount": 0.6}, {"trade_seq": 47, "trade_id": "211162410", "timestamp": 1650986921948, "tick_direction": 2, "price": 0.012, "mark_price": 0.01224678, "iv": 69.36, "instrument_name": "BTC-31MAR23-150000-C", "index_price": 39206.31, "direction": "buy", "amount": 1.0}, {"trade_seq": 46, "trade_id": "210693714", "timestamp": 1650553565025, "tick_direction": 0, "price": 0.017, "mark_price": 0.01668309, "iv": 69.57, "instrument_name": "BTC-31MAR23-150000-C", "index_price": 42520.84, "direction": "buy", "amount": 0.1}, {"trade_seq": 45, "trade_id": "210561441", "timestamp": 1650415498203, "tick_direction": 1, "price": 0.0155, "mark_price": 0.01638539, "iv": 69.44, "instrument_name": "BTC-31MAR23-150000-C", "index_price": 41351.2, "direction": "buy", "amount": 1.0}, {"trade_seq": 44, "trade_id": "210561440", "timestamp": 1650415496264, "tick_direction": 0, "price": 0.0155, "mark_price": 0.01638663, "iv": 69.44, "instrument_name": "BTC-31MAR23-150000-C", "index_price": 41351.4, "direction": "sell", "amount": 1.0}, {"trade_seq": 43, "trade_id": "210512712", "timestamp": 1650357408299, "tick_direction": 2, "price": 0.015, "mark_price": 0.01483118, "iv": 69.63, "instrument_name": "BTC-31MAR23-150000-C", "index_price": 40818.69, "direction": "sell", "amount": 3.0}, {"trade_seq": 42, "trade_id": "209696211", "timestamp": 1649568994292, "tick_direction": 3, "price": 0.0215, "mark_price": 0.02459657, "iv": 71.09, "instrument_name": "BTC-31MAR23-150000-C", "index_price": 42710.82, "direction": "sell", "amount": 4.8}, {"trade_seq": 41, "trade_id": "209672990", "timestamp": 1649502085343, "tick_direction": 2, "price": 0.0215, "mark_price": 0.02217431, "iv": 71.26, "instrument_name": "BTC-31MAR23-150000-C", "index_price": 42459.5, "direction": "sell", "amount": 0.2}, {"trade_seq": 40, "trade_id": "209534768", "timestamp": 1649349620264, "tick_direction": 0, "price": 0.027, "mark_price": 0.02394668, "iv": 73.24, "instrument_name": "BTC-31MAR23-150000-C", "index_price": 43435.69, "direction": "buy", "amount": 5.0}, {"trade_seq": 39, "trade_id": "209504448", "timestamp": 1649326829721, "tick_direction": 2, "price": 0.022, "mark_price": 0.0234663, "iv": 70.35, "instrument_name": "BTC-31MAR23-150000-C", "index_price": 43413.74, "direction": "sell", "amount": 3.0}, {"trade_seq": 38, "trade_id": "209504447", "timestamp": 1649326823515, "tick_direction": 3, "price": 0.0225, "mark_price": 0.02347347, "iv": 70.66, "instrument_name": "BTC-31MAR23-150000-C", "index_price": 43413.1, "direction": "buy", "amount": 1.0}, {"trade_seq": 37, "trade_id": "209504410", "timestamp": 1649326794937, "tick_direction": 2, "price": 0.0225, "mark_price": 0.02350376, "iv": 70.66, "instrument_name": "BTC-31MAR23-150000-C", "index_price": 43414.78, "direction": "buy", "amount": 1.0}, {"trade_seq": 36, "trade_id": "209499138", "timestamp": 1649320110884, "tick_direction": 2, "price": 0.023, "mark_price": 0.0242879, "iv": 70.87, "instrument_name": "BTC-31MAR23-150000-C", "index_price": 43508.01, "direction": "buy", "amount": 0.5}, {"trade_seq": 35, "trade_id": "209457304", "timestamp": 1649286913381, "tick_direction": 2, "price": 0.0247, "mark_price": 0.02557214, "iv": 71.89, "instrument_name": "BTC-31MAR23-150000-C", "index_price": 43406.94, "direction": "sell", "block_trade_id": "36023", "amount": 150.0}, {"trade_seq": 34, "trade_id": "209260474", "timestamp": 1649162629681, "tick_direction": 0, "price": 0.028, "mark_price": 0.02793558, "iv": 70.19, "instrument_name": "BTC-31MAR23-150000-C", "index_price": 46941.8, "direction": "buy", "amount": 1.5}, {"trade_seq": 33, "trade_id": "208879699", "timestamp": 1648778539636, "tick_direction": 3, "price": 0.0255, "mark_price": 0.02521496, "iv": 70.45, "instrument_name": "BTC-31MAR23-150000-C", "index_price": 44894.52, "direction": "sell", "amount": 0.7}, {"trade_seq": 32, "trade_id": "208828070", "timestamp": 1648742689324, "tick_direction": 2, "price": 0.0255, "mark_price": 0.02590335, "iv": 68.9, "instrument_name": "BTC-31MAR23-150000-C", "index_price": 46378.23, "direction": "sell", "amount": 0.3}, {"trade_seq": 31, "trade_id": "208709158", "timestamp": 1648604584544, "tick_direction": 1, "price": 0.0275, "mark_price": 0.0275214, "iv": 69.37, "instrument_name": "BTC-31MAR23-150000-C", "index_price": 46860.01, "direction": "sell", "amount": 3.0}, {"trade_seq": 30, "trade_id": "208691769", "timestamp": 1648585525686, "tick_direction": 0, "price": 0.0275, "mark_price": 0.02697943, "iv": 68.68, "instrument_name": "BTC-31MAR23-150000-C", "index_price": 47674.41, "direction": "buy", "amount": 0.3}, {"trade_seq": 29, "trade_id": "208679240", "timestamp": 1648572797433, "tick_direction": 2, "price": 0.026, "mark_price": 0.02651391, "iv": 67.95, "instrument_name": "BTC-31MAR23-150000-C", "index_price": 47491.75, "direction": "buy", "amount": 0.3}, {"trade_seq": 28, "trade_id": "208675244", "timestamp": 1648570016055, "tick_direction": 0, "price": 0.027, "mark_price": 0.02594644, "iv": 68.62, "instrument_name": "BTC-31MAR23-150000-C", "index_price": 47326.48, "direction": "buy", "amount": 1.2}, {"trade_seq": 27, "trade_id": "208659729", "timestamp": 1648560673937, "tick_direction": 1, "price": 0.026, "mark_price": 0.02657203, "iv": 67.62, "instrument_name": "BTC-31MAR23-150000-C", "index_price": 47847.68, "direction": "buy", "amount": 1.0}, {"trade_seq": 26, "trade_id": "208637779", "timestamp": 1648535214047, "tick_direction": 1, "price": 0.026, "mark_price": 0.02595496, "iv": 67.72, "instrument_name": "BTC-31MAR23-150000-C", "index_price": 47732.05, "direction": "buy", "amount": 0.5}, {"trade_seq": 25, "trade_id": "208633901", "timestamp": 1648528955267, "tick_direction": 0, "price": 0.026, "mark_price": 0.0259144, "iv": 67.8, "instrument_name": "BTC-31MAR23-150000-C", "index_price": 47597.54, "direction": "buy", "amount": 0.5}, {"trade_seq": 24, "trade_id": "208625608", "timestamp": 1648518670361, "tick_direction": 2, "price": 0.0245, "mark_price": 0.02637379, "iv": 67.02, "instrument_name": "BTC-31MAR23-150000-C", "index_price": 47619.18, "direction": "sell", "amount": 4.4}, {"trade_seq": 23, "trade_id": "208607135", "timestamp": 1648501839663, "tick_direction": 1, "price": 0.026, "mark_price": 0.02665292, "iv": 67.47, "instrument_name": "BTC-31MAR23-150000-C", "index_price": 48028.16, "direction": "buy", "amount": 1.0}, {"trade_seq": 22, "trade_id": "208607134", "timestamp": 1648501839660, "tick_direction": 0, "price": 0.026, "mark_price": 0.02665292, "iv": 67.47, "instrument_name": "BTC-31MAR23-150000-C", "index_price": 48028.16, "direction": "sell", "amount": 1.0}, {"trade_seq": 21, "trade_id": "208531626", "timestamp": 1648432535469, "tick_direction": 3, "price": 0.0253, "mark_price": 0.02521496, "iv": 67.97, "instrument_name": "BTC-31MAR23-150000-C", "index_price": 46843.83, "direction": "sell", "block_trade_id": "35056", "amount": 30.0}, {"trade_seq": 20, "trade_id": "208531542", "timestamp": 1648432305660, "tick_direction": 2, "price": 0.0253, "mark_price": 0.02527285, "iv": 67.96, "instrument_name": "BTC-31MAR23-150000-C", "index_price": 46854.88, "direction": "sell", "block_trade_id": "35053", "amount": 120.0}, {"trade_seq": 19, "trade_id": "208526214", "timestamp": 1648428202764, "tick_direction": 0, "price": 0.0255, "mark_price": 0.02499305, "iv": 67.79, "instrument_name": "BTC-31MAR23-150000-C", "index_price": 47186.13, "direction": "buy", "amount": 10.0}, {"trade_seq": 18, "trade_id": "208480035", "timestamp": 1648413526626, "tick_direction": 1, "price": 0.023, "mark_price": 0.02375164, "iv": 67.06, "instrument_name": "BTC-31MAR23-150000-C", "index_price": 46488.68, "direction": "buy", "amount": 3.3}, {"trade_seq": 17, "trade_id": "208473149", "timestamp": 1648413362021, "tick_direction": 0, "price": 0.023, "mark_price": 0.02276331, "iv": 67.98, "instrument_name": "BTC-31MAR23-150000-C", "index_price": 45416.57, "direction": "buy", "amount": 3.6}, {"trade_seq": 16, "trade_id": "208472463", "timestamp": 1648413345034, "tick_direction": 2, "price": 0.0225, "mark_price": 0.02272235, "iv": 67.72, "instrument_name": "BTC-31MAR23-150000-C", "index_price": 45347.07, "direction": "buy", "amount": 0.5}, {"trade_seq": 15, "trade_id": "208414823", "timestamp": 1648294117159, "tick_direction": 3, "price": 0.023, "mark_price": 0.02277762, "iv": 68.66, "instrument_name": "BTC-31MAR23-150000-C", "index_price": 44467.96, "direction": "buy", "amount": 2.1}, {"trade_seq": 14, "trade_id": "208411865", "timestamp": 1648283660794, "tick_direction": 2, "price": 0.023, "mark_price": 0.022499, "iv": 68.64, "instrument_name": "BTC-31MAR23-150000-C", "index_price": 44501.4, "direction": "buy", "amount": 1.0}, {"trade_seq": 13, "trade_id": "208352822", "timestamp": 1648217308847, "tick_direction": 0, "price": 0.024, "mark_price": 0.02296706, "iv": 69.09, "instrument_name": "BTC-31MAR23-150000-C", "index_price": 44987.77, "direction": "buy", "amount": 0.5}, {"trade_seq": 12, "trade_id": "208329009", "timestamp": 1648204444562, "tick_direction": 3, "price": 0.023, "mark_price": 0.02351329, "iv": 69.11, "instrument_name": "BTC-31MAR23-150000-C", "index_price": 44185.51, "direction": "sell", "amount": 2.0}, {"trade_seq": 11, "trade_id": "208296322", "timestamp": 1648177635094, "tick_direction": 2, "price": 0.023, "mark_price": 0.02390216, "iv": 69.45, "instrument_name": "BTC-31MAR23-150000-C", "index_price": 43969.87, "direction": "sell", "amount": 1.0}, {"trade_seq": 10, "trade_id": "208294865", "timestamp": 1648175433926, "tick_direction": 3, "price": 0.024, "mark_price": 0.02418855, "iv": 69.95, "instrument_name": "BTC-31MAR23-150000-C", "index_price": 44023.04, "direction": "buy", "amount": 0.1}, {"trade_seq": 9, "trade_id": "208267222", "timestamp": 1648146928357, "tick_direction": 2, "price": 0.024, "mark_price": 0.02431262, "iv": 69.96, "instrument_name": "BTC-31MAR23-150000-C", "index_price": 43904.78, "direction": "buy", "amount": 1.0}, {"trade_seq": 8, "trade_id": "208255166", "timestamp": 1648141787233, "tick_direction": 1, "price": 0.0255, "mark_price": 0.02455334, "iv": 70.65, "instrument_name": "BTC-31MAR23-150000-C", "index_price": 44062.69, "direction": "buy", "amount": 10.0}, {"trade_seq": 7, "trade_id": "208253880", "timestamp": 1648141557331, "tick_direction": 0, "price": 0.0255, "mark_price": 0.02433473, "iv": 70.73, "instrument_name": "BTC-31MAR23-150000-C", "index_price": 44035.68, "direction": "buy", "amount": 10.0}, {"trade_seq": 6, "trade_id": "208252776", "timestamp": 1648141044784, "tick_direction": 2, "price": 0.0245, "mark_price": 0.02501919, "iv": 70.14, "instrument_name": "BTC-31MAR23-150000-C", "index_price": 44042.07, "direction": "sell", "amount": 1.0}, {"trade_seq": 5, "trade_id": "208239022", "timestamp": 1648137874307, "tick_direction": 1, "price": 0.0255, "mark_price": 0.02489754, "iv": 70.76, "instrument_name": "BTC-31MAR23-150000-C", "index_price": 43935.42, "direction": "buy", "amount": 0.3}, {"trade_seq": 4, "trade_id": "208239020", "timestamp": 1648137874100, "tick_direction": 1, "price": 0.0255, "mark_price": 0.02489754, "iv": 70.76, "instrument_name": "BTC-31MAR23-150000-C", "index_price": 43935.42, "direction": "buy", "amount": 0.1}, {"trade_seq": 3, "trade_id": "208239008", "timestamp": 1648137872615, "tick_direction": 1, "price": 0.0255, "mark_price": 0.02490405, "iv": 70.76, "instrument_name": "BTC-31MAR23-150000-C", "index_price": 43942.1, "direction": "buy", "amount": 4.1}, {"trade_seq": 2, "trade_id": "208238971", "timestamp": 1648137865786, "tick_direction": 0, "price": 0.0255, "mark_price": 0.02492673, "iv": 70.76, "instrument_name": "BTC-31MAR23-150000-C", "index_price": 43943.05, "direction": "buy", "amount": 5.5}, {"trade_seq": 1, "trade_id": "208181274", "timestamp": 1648123958212, "tick_direction": 1, "price": 0.024, "mark_price": 0.02415815, "iv": 70.82, "instrument_name": "BTC-31MAR23-150000-C", "index_price": 42983.28, "direction": "buy", "amount": 0.1}], "has_more": false}