{"trades": [{"trade_seq": 1041, "trade_id": "247973933", "timestamp": 1679655694926, "tick_direction": 2, "price": 0.0005, "mark_price": 0.0007196, "iv": 94.36, "instrument_name": "BTC-31MAR23-38000-C", "index_price": 28064.45, "direction": "sell", "amount": 5.0}, {"trade_seq": 1040, "trade_id": "247901818", "timestamp": 1679617691436, "tick_direction": 2, "price": 0.001, "mark_price": 0.00121508, "iv": 97.48, "instrument_name": "BTC-31MAR23-38000-C", "index_price": 28376.72, "direction": "sell", "amount": 5.0}, {"trade_seq": 1039, "trade_id": "247772212", "timestamp": 1679585061746, "tick_direction": 0, "price": 0.0015, "mark_price": 0.00127512, "iv": 100.15, "instrument_name": "BTC-31MAR23-38000-C", "index_price": 28467.4, "direction": "buy", "amount": 0.2}, {"trade_seq": 1038, "trade_id": "247562778", "timestamp": 1679521195252, "tick_direction": 3, "price": 0.0005, "mark_price": 0.00066308, "iv": 92.83, "instrument_name": "BTC-31MAR23-38000-C", "index_price": 27215.1, "direction": "sell", "amount": 14.0}, {"trade_seq": 1037, "trade_id": "247562777", "timestamp": 1679521195252, "tick_direction": 3, "price": 0.0005, "mark_price": 0.00066308, "iv": 92.83, "instrument_name": "BTC-31MAR23-38000-C", "index_price": 27215.1, "direction": "sell", "amount": 0.5}, {"trade_seq": 1036, "trade_id": "247562776", "timestamp": 1679521195252, "tick_direction": 2, "price": 0.0005, "mark_price": 0.00066308, "iv": 92.83, "instrument_name": "BTC-31MAR23-38000-C", "index_price": 27215.1, "direction": "sell", "amount": 0.6}, {"trade_seq": 1035, "trade_id": "247351251", "timestamp": 1679498001683, "tick_direction": 3, "price": 0.002, "mark_price": 0.00220303, "iv": 96.51, "instrument_name": "BTC-31MAR23-38000-C", "index_price": 28673.32, "direction": "sell", "amount": 2.0}, {"trade_seq": 1034, "trade_id": "247301296", "timestamp": 1679476319331, "tick_direction": 2, "price": 0.002, "mark_price": 0.00244238, "iv": 100.31, "instrument_name": "BTC-31MAR23-38000-C", "index_price": 28166.26, "direction": "sell", "amount": 1.0}, {"trade_seq": 1033, "trade_id": "247123057", "timestamp": 1679403418637, "tick_direction": 1, "price": 0.0025, "mark_price": 0.00241207, "iv": 98.56, "instrument_name": "BTC-31MAR23-38000-C", "index_price": 28274.79, "direction": "sell", "amount": 8.1}, {"trade_seq": 1032, "trade_id": "247120448", "timestamp": 1679402970718, "tick_direction": 1, "price": 0.0025, "mark_price": 0.00222505, "iv": 99.56, "instrument_name": "BTC-31MAR23-38000-C", "index_price": 28158.16, "direction": "buy", "amount": 0.9}, {"trade_seq": 1031, "trade_id": "247120447", "timestamp": 1679402970718, "tick_direction": 0, "price": 0.0025, "mark_price": 0.00222505, "iv": 99.56, "instrument_name": "BTC-31MAR23-38000-C", "index_price": 28158.16, "direction": "buy", "amount": 0.1}, {"trade_seq": 1030, "trade_id": "247117302", "timestamp": 1679401748978, "tick_direction": 1, "price": 0.002, "mark_price": 0.00178148, "iv": 96.86, "instrument_name": "BTC-31MAR23-38000-C", "index_price": 28050.77, "direction": "buy", "amount": 2.4}, {"trade_seq": 1029, "trade_id": "247103559", "timestamp": 1679395506238, "tick_direction": 1, "price": 0.002, "mark_price": 0.00173816, "iv": 95.86, "instrument_name": "BTC-31MAR23-38000-C", "index_price": 28127.39, "direction": "buy", "amount": 1.0}, {"trade_seq": 1028, "trade_id": "247103546", "timestamp": 1679395499781, "tick_direction": 1, "price": 0.002, "mark_price": 0.00172835, "iv": 95.94, "instrument_name": "BTC-31MAR23-38000-C", "index_price": 28117.04, "direction": "buy", "amount": 1.0}, {"trade_seq": 1027, "trade_id": "247100340", "timestamp": 1679394467917, "tick_direction": 0, "price": 0.002, "mark_price": 0.00173982, "iv": 95.27, "instrument_name": "BTC-31MAR23-38000-C", "index_price": 28176.91, "direction": "buy", "amount": 0.3}, {"trade_seq": 1026, "trade_id": "247073075", "timestamp": 1679386447909, "tick_direction": 3, "price": 0.0015, "mark_price": 0.00171063, "iv": 95.87, "instrument_name": "BTC-31MAR23-38000-C", "index_price": 27590.63, "direction": "sell", "amount": 3.0}, {"trade_seq": 1025, "trade_id": "247061774", "timestamp": 1679383688146, "tick_direction": 2, "price": 0.0015, "mark_price": 0.00167837, "iv": 95.88, "instrument_name": "BTC-31MAR23-38000-C", "index_price": 27558.59, "direction": "sell", "amount": 1.0}, {"trade_seq": 1024, "trade_id": "246986657", "timestamp": 1679352196674, "tick_direction": 3, "price": 0.002, "mark_price": 0.00178595, "iv": 93.62, "instrument_name": "BTC-31MAR23-38000-C", "index_price": 28084.47, "direction": "buy", "amount": 0.2}, {"trade_seq": 1023, "trade_id": "246986656", "timestamp": 1679352196674, "tick_direction": 3, "price": 0.002, "mark_price": 0.00178595, "iv": 93.62, "instrument_name": "BTC-31MAR23-38000-C", "index_price": 28084.47, "direction": "buy", "amount": 2.8}, {"trade_seq": 1022, "trade_id": "246986655", "timestamp": 1679352196674, "tick_direction": 3, "price": 0.002, "mark_price": 0.00178595, "iv": 93.62, "instrument_name": "BTC-31MAR23-38000-C", "index_price": 28084.47, "direction": "buy", "amount": 20.0}, {"trade_seq": 1021, "trade_id": "246921903", "timestamp": 1679333570034, "tick_direction": 2, "price": 0.002, "mark_price": 0.00179091, "iv": 95.32, "instrument_name": "BTC-31MAR23-38000-C", "index_price": 27809.25, "direction": "buy", "amount": 4.2}, {"trade_seq": 1020, "trade_id": "246871413", "timestamp": 1679322639390, "tick_direction": 3, "price": 0.0025, "mark_price": 0.00228657, "iv": 96.1, "instrument_name": "BTC-31MAR23-38000-C", "index_price": 28046.65, "direction": "buy", "amount": 3.9}, {"trade_seq": 1019, "trade_id": "246871412", "timestamp": 1679322639390, "tick_direction": 2, "price": 0.0025, "mark_price": 0.00228657, "iv": 96.1, "instrument_name": "BTC-31MAR23-38000-C", "index_price": 28046.65, "direction": "buy", "amount": 1.0}, {"trade_seq": 1018, "trade_id": "246852545", "timestamp": 1679318178345, "tick_direction": 3, "price": 0.003, "mark_price": 0.00290544, "iv": 97.93, "instrument_name": "BTC-31MAR23-38000-C", "index_price": 28190.69, "direction": "buy", "amount": 8.4}, {"trade_seq": 1017, "trade_id": "246852329", "timestamp": 1679318057646, "tick_direction": 3, "price": 0.003, "mark_price": 0.00297119, "iv": 97.43, "instrument_name": "BTC-31MAR23-38000-C", "index_price": 28242.89, "direction": "buy", "amount": 8.4}, {"trade_seq": 1016, "trade_id": "246845282", "timestamp": 1679313595911, "tick_direction": 2, "price": 0.003, "mark_price": 0.00332341, "iv": 96.63, "instrument_name": "BTC-31MAR23-38000-C", "index_price": 28294.39, "direction": "sell", "amount": 0.2}, {"trade_seq": 1015, "trade_id": "246841799", "timestamp": 1679311881446, "tick_direction": 1, "price": 0.0035, "mark_price": 0.00342669, "iv": 98.92, "instrument_name": "BTC-31MAR23-38000-C", "index_price": 28351.17, "direction": "sell", "amount": 1.0}, {"trade_seq": 1014, "trade_id": "246822693", "timestamp": 1679304999073, "tick_direction": 1, "price": 0.0035, "mark_price": 0.00356808, "iv": 99.88, "instrument_name": "BTC-31MAR23-38000-C", "index_price": 28227.6, "direction": "buy", "amount": 6.2}, {"trade_seq": 1013, "trade_id": "246822692", "timestamp": 1679304999072, "tick_direction": 1, "price": 0.0035, "mark_price": 0.00356808, "iv": 99.88, "instrument_name": "BTC-31MAR23-38000-C", "index_price": 28227.6, "direction": "buy", "amount": 8.0}, {"trade_seq": 1012, "trade_id": "246821392", "timestamp": 1679304667675, "tick_direction": 0, "price": 0.0035, "mark_price": 0.00383033, "iv": 98.68, "instrument_name": "BTC-31MAR23-38000-C", "index_price": 28351.02, "direction": "sell", "amount": 0.2}, {"trade_seq": 1011, "trade_id": "246783498", "timestamp": 1679298523207, "tick_direction": 3, "price": 0.003, "mark_price": 0.00332634, "iv": 96.27, "instrument_name": "BTC-31MAR23-38000-C", "index_price": 28272.83, "direction": "sell", "amount": 1.0}, {"trade_seq": 1010, "trade_id": "246698900", "timestamp": 1679277155130, "tick_direction": 3, "price": 0.003, "mark_price": 0.00317051, "iv": 99.84, "instrument_name": "BTC-31MAR23-38000-C", "index_price": 27744.34, "direction": "buy", "amount": 5.6}, {"trade_seq": 1009, "trade_id": "246698899", "timestamp": 1679277155053, "tick_direction": 2, "price": 0.003, "mark_price": 0.00317051, "iv": 99.84, "instrument_name": "BTC-31MAR23-38000-C", "index_price": 27744.34, "direction": "buy", "amount": 3.4}, {"trade_seq": 1008, "trade_id": "246664139", "timestamp": 1679268025044, "tick_direction": 3, "price": 0.0045, "mark_price": 0.00491486, "iv": 101.67, "instrument_name": "BTC-31MAR23-38000-C", "index_price": 28328.05, "direction": "sell", "amount": 0.3}, {"trade_seq": 1007, "trade_id": "246664128", "timestamp": 1679268021048, "tick_direction": 3, "price": 0.0045, "mark_price": 0.0049301, "iv": 101.58, "instrument_name": "BTC-31MAR23-38000-C", "index_price": 28335.09, "direction": "sell", "amount": 0.1}, {"trade_seq": 1006, "trade_id": "246663784", "timestamp": 1679267993561, "tick_direction": 3, "price": 0.0045, "mark_price": 0.00489644, "iv": 101.85, "instrument_name": "BTC-31MAR23-38000-C", "index_price": 28310.22, "direction": "sell", "amount": 0.1}, {"trade_seq": 1005, "trade_id": "246663780", "timestamp": 1679267992170, "tick_direction": 2, "price": 0.0045, "mark_price": 0.0048976, "iv": 101.84, "instrument_name": "BTC-31MAR23-38000-C", "index_price": 28311.27, "direction": "sell", "amount": 0.1}, {"trade_seq": 1004, "trade_id": "246647948", "timestamp": 1679262946778, "tick_direction": 0, "price": 0.005, "mark_price": 0.00430389, "iv": 106.11, "instrument_name": "BTC-31MAR23-38000-C", "index_price": 28063.61, "direction": "buy", "amount": 2.0}, {"trade_seq": 1003, "trade_id": "246645237", "timestamp": 1679262066068, "tick_direction": 1, "price": 0.0045, "mark_price": 0.00411027, "iv": 103.39, "instrument_name": "BTC-31MAR23-38000-C", "index_price": 28111.31, "direction": "buy", "amount": 0.1}, {"trade_seq": 1002, "trade_id": "246616871", "timestamp": 1679256186343, "tick_direction": 1, "price": 0.0045, "mark_price": 0.00465596, "iv": 100.31, "instrument_name": "BTC-31MAR23-38000-C", "index_price": 28403.71, "direction": "buy", "amount": 0.7}, {"trade_seq": 1001, "trade_id": "246616818", "timestamp": 1679256171576, "tick_direction": 1, "price": 0.0045, "mark_price": 0.00464961, "iv": 100.41, "instrument_name": "BTC-31MAR23-38000-C", "index_price": 28392.59, "direction": "buy", "amount": 1.3}, {"trade_seq": 1000, "trade_id": "246606243", "timestamp": 1679253126751, "tick_direction": 0, "price": 0.0045, "mark_price": 0.00468158, "iv": 99.9, "instrument_name": "BTC-31MAR23-38000-C", "index_price": 28410.42, "direction": "sell", "amount": 0.5}, {"trade_seq": 999, "trade_id": "246457279", "timestamp": 1679208456006, "tick_direction": 2, "price": 0.002, "mark_price": 0.00217595, "iv": 96.2, "instrument_name": "BTC-31MAR23-38000-C", "index_price": 26984.13, "direction": "sell", "amount": 1.0}, {"trade_seq": 998, "trade_id": "246441539", "timestamp": 1679194905867, "tick_direction": 1, "price": 0.0025, "mark_price": 0.00273279, "iv": 97.55, "instrument_name": "BTC-31MAR23-38000-C", "index_price": 27177.76, "direction": "sell", "amount": 1.3}, {"trade_seq": 997, "trade_id": "246441096", "timestamp": 1679194249457, "tick_direction": 1, "price": 0.0025, "mark_price": 0.00270301, "iv": 97.55, "instrument_name": "BTC-31MAR23-38000-C", "index_price": 27180.89, "direction": "sell", "amount": 1.0}, {"trade_seq": 996, "trade_id": "246437844", "timestamp": 1679190436458, "tick_direction": 1, "price": 0.0025, "mark_price": 0.0022137, "iv": 97.29, "instrument_name": "BTC-31MAR23-38000-C", "index_price": 27181.42, "direction": "buy", "amount": 1.7}, {"trade_seq": 995, "trade_id": "246321822", "timestamp": 1679143712587, "tick_direction": 1, "price": 0.0025, "mark_price": 0.00231563, "iv": 91.25, "instrument_name": "BTC-31MAR23-38000-C", "index_price": 27648.81, "direction": "buy", "amount": 0.1}, {"trade_seq": 994, "trade_id": "246321821", "timestamp": 1679143712556, "tick_direction": 1, "price": 0.0025, "mark_price": 0.00231563, "iv": 91.25, "instrument_name": "BTC-31MAR23-38000-C", "index_price": 27648.81, "direction": "buy", "amount": 0.1}, {"trade_seq": 993, "trade_id": "246321820", "timestamp": 1679143712539, "tick_direction": 1, "price": 0.0025, "mark_price": 0.00231563, "iv": 91.25, "instrument_name": "BTC-31MAR23-38000-C", "index_price": 27648.81, "direction": "buy", "amount": 0.1}, {"trade_seq": 992, "trade_id": "246321814", "timestamp": 1679143711039, "tick_direction": 1, "price": 0.0025, "mark_price": 0.00231285, "iv": 91.26, "instrument_name": "BTC-31MAR23-38000-C", "index_price": 27647.07, "direction": "buy", "amount": 0.1}, {"trade_seq": 991, "trade_id": "246321813", "timestamp": 1679143710422, "tick_direction": 1, "price": 0.0025, "mark_price": 0.00231665, "iv": 91.28, "instrument_name": "BTC-31MAR23-38000-C", "index_price": 27647.07, "direction": "buy", "amount": 0.1}, {"trade_seq": 990, "trade_id": "246321789", "timestamp": 1679143702662, "tick_direction": 1, "price": 0.0025, "mark_price": 0.0023111, "iv": 91.27, "instrument_name": "BTC-31MAR23-38000-C", "index_price": 27650.05, "direction": "buy", "amount": 0.1}, {"trade_seq": 989, "trade_id": "246321787", "timestamp": 1679143701701, "tick_direction": 1, "price": 0.0025, "mark_price": 0.00231609, "iv": 91.3, "instrument_name": "BTC-31MAR23-38000-C", "index_price": 27647.94, "direction": "buy", "amount": 0.1}, {"trade_seq": 988, "trade_id": "246321470", "timestamp": 1679143664454, "tick_direction": 1, "price": 0.0025, "mark_price": 0.00238174, "iv": 90.94, "instrument_name": "BTC-31MAR23-38000-C", "index_price": 27688.71, "direction": "buy", "amount": 0.1}, {"trade_seq": 987, "trade_id": "246321468", "timestamp": 1679143663999, "tick_direction": 1, "price": 0.0025, "mark_price": 0.00238174, "iv": 90.94, "instrument_name": "BTC-31MAR23-38000-C", "index_price": 27688.71, "direction": "buy", "amount": 0.1}, {"trade_seq": 986, "trade_id": "246321467", "timestamp": 1679143663983, "tick_direction": 1, "price": 0.0025, "mark_price": 0.00238174, "iv": 90.94, "instrument_name": "BTC-31MAR23-38000-C", "index_price": 27688.71, "direction": "buy", "amount": 0.1}, {"trade_seq": 985, "trade_id": "246321461", "timestamp": 1679143663923, "tick_direction": 1, "price": 0.0025, "mark_price": 0.00238174, "iv": 90.94, "instrument_name": "BTC-31MAR23-38000-C", "index_price": 27688.71, "direction": "buy", "amount": 0.1}, {"trade_seq": 984, "trade_id": "246321460", "timestamp": 1679143663915, "tick_direction": 1, "price": 0.0025, "mark_price": 0.00238174, "iv": 90.94, "instrument_name": "BTC-31MAR23-38000-C", "index_price": 27688.71, "direction": "buy", "amount": 0.1}, {"trade_seq": 983, "trade_id": "246321458", "timestamp": 1679143663607, "tick_direction": 1, "price": 0.0025, "mark_price": 0.0023832, "iv": 90.94, "instrument_name": "BTC-31MAR23-38000-C", "index_price": 27691.85, "direction": "buy", "amount": 0.1}, {"trade_seq": 982, "trade_id": "246321456", "timestamp": 1679143663364, "tick_direction": 1, "price": 0.0025, "mark_price": 0.0023832, "iv": 90.94, "instrument_name": "BTC-31MAR23-38000-C", "index_price": 27691.85, "direction": "buy", "amount": 0.3}, {"trade_seq": 981, "trade_id": "246321455", "timestamp": 1679143663287, "tick_direction": 1, "price": 0.0025, "mark_price": 0.0023832, "iv": 90.94, "instrument_name": "BTC-31MAR23-38000-C", "index_price": 27691.85, "direction": "buy", "amount": 0.4}, {"trade_seq": 980, "trade_id": "246321424", "timestamp": 1679143661106, "tick_direction": 1, "price": 0.0025, "mark_price": 0.00238291, "iv": 90.89, "instrument_name": "BTC-31MAR23-38000-C", "index_price": 27698.58, "direction": "buy", "amount": 1.5}, {"trade_seq": 979, "trade_id": "246321171", "timestamp": 1679143651087, "tick_direction": 1, "price": 0.0025, "mark_price": 0.00234593, "iv": 91.16, "instrument_name": "BTC-31MAR23-38000-C", "index_price": 27668.54, "direction": "buy", "amount": 0.1}, {"trade_seq": 978, "trade_id": "246321168", "timestamp": 1679143651051, "tick_direction": 1, "price": 0.0025, "mark_price": 0.00234593, "iv": 91.16, "instrument_name": "BTC-31MAR23-38000-C", "index_price": 27668.54, "direction": "buy", "amount": 0.1}, {"trade_seq": 977, "trade_id": "246321164", "timestamp": 1679143650979, "tick_direction": 1, "price": 0.0025, "mark_price": 0.00234593, "iv": 91.16, "instrument_name": "BTC-31MAR23-38000-C", "index_price": 27668.54, "direction": "buy", "amount": 0.2}, {"trade_seq": 976, "trade_id": "246321162", "timestamp": 1679143650193, "tick_direction": 1, "price": 0.0025, "mark_price": 0.00234124, "iv": 91.25, "instrument_name": "BTC-31MAR23-38000-C", "index_price": 27661.82, "direction": "buy", "amount": 0.2}, {"trade_seq": 975, "trade_id": "246321154", "timestamp": 1679143649924, "tick_direction": 1, "price": 0.0025, "mark_price": 0.00234124, "iv": 91.25, "instrument_name": "BTC-31MAR23-38000-C", "index_price": 27661.82, "direction": "buy", "amount": 0.1}, {"trade_seq": 974, "trade_id": "246321116", "timestamp": 1679143647736, "tick_direction": 1, "price": 0.0025, "mark_price": 0.00232475, "iv": 91.35, "instrument_name": "BTC-31MAR23-38000-C", "index_price": 27656.93, "direction": "buy", "amount": 0.2}, {"trade_seq": 973, "trade_id": "246321113", "timestamp": 1679143647509, "tick_direction": 1, "price": 0.0025, "mark_price": 0.00232475, "iv": 91.36, "instrument_name": "BTC-31MAR23-38000-C", "index_price": 27645.45, "direction": "buy", "amount": 0.1}, {"trade_seq": 972, "trade_id": "246321043", "timestamp": 1679143637178, "tick_direction": 1, "price": 0.0025, "mark_price": 0.00233621, "iv": 91.29, "instrument_name": "BTC-31MAR23-38000-C", "index_price": 27651.62, "direction": "buy", "amount": 0.1}, {"trade_seq": 971, "trade_id": "246321041", "timestamp": 1679143637118, "tick_direction": 1, "price": 0.0025, "mark_price": 0.00233621, "iv": 91.29, "instrument_name": "BTC-31MAR23-38000-C", "index_price": 27651.62, "direction": "buy", "amount": 0.1}, {"trade_seq": 970, "trade_id": "246320973", "timestamp": 1679143631101, "tick_direction": 1, "price": 0.0025, "mark_price": 0.00233719, "iv": 91.3, "instrument_name": "BTC-31MAR23-38000-C", "index_price": 27658.49, "direction": "buy", "amount": 1.6}, {"trade_seq": 969, "trade_id": "246312933", "timestamp": 1679138672293, "tick_direction": 0, "price": 0.0025, "mark_price": 0.00224038, "iv": 92.26, "instrument_name": "BTC-31MAR23-38000-C", "index_price": 27508.29, "direction": "buy", "amount": 1.0}, {"trade_seq": 968, "trade_id": "246267911", "timestamp": 1679119899065, "tick_direction": 2, "price": 0.002, "mark_price": 0.00240853, "iv": 87.06, "instrument_name": "BTC-31MAR23-38000-C", "index_price": 27606.46, "direction": "sell", "amount": 0.2}, {"trade_seq": 967, "trade_id": "246160641", "timestamp": 1679093205134, "tick_direction": 0, "price": 0.004, "mark_price": 0.00404673, "iv": 96.04, "instrument_name": "BTC-31MAR23-38000-C", "index_price": 27759.14, "direction": "sell", "amount": 29.0}, {"trade_seq": 966, "trade_id": "246146232", "timestamp": 1679092267282, "tick_direction": 1, "price": 0.003, "mark_price": 0.00271074, "iv": 93.92, "instrument_name": "BTC-31MAR23-38000-C", "index_price": 27424.72, "direction": "buy", "amount": 0.8}, {"trade_seq": 965, "trade_id": "246146022", "timestamp": 1679092262153, "tick_direction": 1, "price": 0.003, "mark_price": 0.00270948, "iv": 93.98, "instrument_name": "BTC-31MAR23-38000-C", "index_price": 27404.82, "direction": "buy", "amount": 2.0}, {"trade_seq": 964, "trade_id": "246145853", "timestamp": 1679092248768, "tick_direction": 1, "price": 0.003, "mark_price": 0.00270963, "iv": 93.85, "instrument_name": "BTC-31MAR23-38000-C", "index_price": 27424.11, "direction": "buy", "amount": 0.2}, {"trade_seq": 963, "trade_id": "246145852", "timestamp": 1679092248768, "tick_direction": 0, "price": 0.003, "mark_price": 0.00270963, "iv": 93.85, "instrument_name": "BTC-31MAR23-38000-C", "index_price": 27424.11, "direction": "buy", "amount": 0.6}, {"trade_seq": 962, "trade_id": "246127460", "timestamp": 1679090495216, "tick_direction": 0, "price": 0.002, "mark_price": 0.00178932, "iv": 89.0, "instrument_name": "BTC-31MAR23-38000-C", "index_price": 27225.15, "direction": "buy", "amount": 0.1}, {"trade_seq": 961, "trade_id": "246054084", "timestamp": 1679073446504, "tick_direction": 1, "price": 0.001, "mark_price": 0.00094368, "iv": 83.85, "instrument_name": "BTC-31MAR23-38000-C", "index_price": 26654.22, "direction": "buy", "amount": 18.8}, {"trade_seq": 960, "trade_id": "245916079", "timestamp": 1679047040423, "tick_direction": 1, "price": 0.001, "mark_price": 0.00154349, "iv": 85.4, "instrument_name": "BTC-31MAR23-38000-C", "index_price": 26374.5, "direction": "sell", "amount": 9.0}, {"trade_seq": 959, "trade_id": "245916078", "timestamp": 1679047040423, "tick_direction": 0, "price": 0.001, "mark_price": 0.00154349, "iv": 85.4, "instrument_name": "BTC-31MAR23-38000-C", "index_price": 26374.5, "direction": "sell", "amount": 1.0}, {"trade_seq": 958, "trade_id": "245553857", "timestamp": 1678935522986, "tick_direction": 2, "price": 0.0005, "mark_price": 0.00071073, "iv": 87.84, "instrument_name": "BTC-31MAR23-38000-C", "index_price": 24455.54, "direction": "sell", "amount": 5.0}, {"trade_seq": 957, "trade_id": "245356267", "timestamp": 1678885529686, "tick_direction": 1, "price": 0.0015, "mark_price": 0.00116686, "iv": 95.58, "instrument_name": "BTC-31MAR23-38000-C", "index_price": 24936.05, "direction": "buy", "amount": 30.0}, {"trade_seq": 956, "trade_id": "245356266", "timestamp": 1678885529686, "tick_direction": 0, "price": 0.0015, "mark_price": 0.00116686, "iv": 95.58, "instrument_name": "BTC-31MAR23-38000-C", "index_price": 24936.05, "direction": "buy", "amount": 4.2}, {"trade_seq": 955, "trade_id": "245174811", "timestamp": 1678821345288, "tick_direction": 3, "price": 0.001, "mark_price": 0.0009871, "iv": 92.36, "instrument_name": "BTC-31MAR23-38000-C", "index_price": 24352.81, "direction": "sell", "amount": 17.6}, {"trade_seq": 954, "trade_id": "245125486", "timestamp": 1678808452547, "tick_direction": 3, "price": 0.001, "mark_price": 0.001305, "iv": 80.64, "instrument_name": "BTC-31MAR23-38000-C", "index_price": 25944.7, "direction": "sell", "amount": 1.1}, {"trade_seq": 953, "trade_id": "245114639", "timestamp": 1678805394933, "tick_direction": 2, "price": 0.001, "mark_price": 0.00092328, "iv": 80.16, "instrument_name": "BTC-31MAR23-38000-C", "index_price": 26008.92, "direction": "sell", "amount": 6.3}, {"trade_seq": 952, "trade_id": "245085720", "timestamp": 1678800210165, "tick_direction": 2, "price": 0.0015, "mark_price": 0.00197885, "iv": 84.66, "instrument_name": "BTC-31MAR23-38000-C", "index_price": 25971.32, "direction": "sell", "amount": 2.5}, {"trade_seq": 951, "trade_id": "245081150", "timestamp": 1678799826115, "tick_direction": 3, "price": 0.0025, "mark_price": 0.00253424, "iv": 89.82, "instrument_name": "BTC-31MAR23-38000-C", "index_price": 26248.43, "direction": "buy", "amount": 1.5}, {"trade_seq": 950, "trade_id": "245080931", "timestamp": 1678799820579, "tick_direction": 3, "price": 0.0025, "mark_price": 0.00258979, "iv": 89.96, "instrument_name": "BTC-31MAR23-38000-C", "index_price": 26226.98, "direction": "buy", "amount": 0.1}, {"trade_seq": 949, "trade_id": "245080930", "timestamp": 1678799820570, "tick_direction": 2, "price": 0.0025, "mark_price": 0.00258979, "iv": 89.96, "instrument_name": "BTC-31MAR23-38000-C", "index_price": 26226.98, "direction": "buy", "amount": 0.9}, {"trade_seq": 948, "trade_id": "245068307", "timestamp": 1678799046091, "tick_direction": 1, "price": 0.003, "mark_price": 0.00302161, "iv": 91.34, "instrument_name": "BTC-31MAR23-38000-C", "index_price": 26395.79, "direction": "sell", "amount": 3.7}, {"trade_seq": 947, "trade_id": "245064116", "timestamp": 1678798915490, "tick_direction": 0, "price": 0.003, "mark_price": 0.00273473, "iv": 92.31, "instrument_name": "BTC-31MAR23-38000-C", "index_price": 26298.14, "direction": "sell", "amount": 2.8}, {"trade_seq": 946, "trade_id": "244831766", "timestamp": 1678724937554, "tick_direction": 1, "price": 0.001, "mark_price": 0.00136823, "iv": 91.07, "instrument_name": "BTC-31MAR23-38000-C", "index_price": 24131.26, "direction": "sell", "amount": 0.7}, {"trade_seq": 945, "trade_id": "244831765", "timestamp": 1678724937535, "tick_direction": 1, "price": 0.001, "mark_price": 0.00136823, "iv": 91.07, "instrument_name": "BTC-31MAR23-38000-C", "index_price": 24131.26, "direction": "sell", "amount": 0.8}, {"trade_seq": 944, "trade_id": "244831764", "timestamp": 1678724937526, "tick_direction": 1, "price": 0.001, "mark_price": 0.00136823, "iv": 91.07, "instrument_name": "BTC-31MAR23-38000-C", "index_price": 24131.26, "direction": "sell", "amount": 0.8}, {"trade_seq": 943, "trade_id": "244831763", "timestamp": 1678724937515, "tick_direction": 1, "price": 0.001, "mark_price": 0.00136823, "iv": 91.07, "instrument_name": "BTC-31MAR23-38000-C", "index_price": 24131.26, "direction": "sell", "amount": 0.8}, {"trade_seq": 942, "trade_id": "244831762", "timestamp": 1678724937507, "tick_direction": 1, "price": 0.001, "mark_price": 0.00136823, "iv": 91.07, "instrument_name": "BTC-31MAR23-38000-C", "index_price": 24131.26, "direction": "sell", "amount": 0.8}, {"trade_seq": 941, "trade_id": "244769176", "timestamp": 1678719342012, "tick_direction": 0, "price": 0.001, "mark_price": 0.00123525, "iv": 95.09, "instrument_name": "BTC-31MAR23-38000-C", "index_price": 23612.33, "direction": "sell", "amount": 4.2}, {"trade_seq": 940, "trade_id": "244714051", "timestamp": 1678714030866, "tick_direction": 3, "price": 0.0005, "mark_price": 0.00040625, "iv": 94.12, "instrument_name": "BTC-31MAR23-38000-C", "index_price": 22537.94, "direction": "buy", "amount": 3.0}, {"trade_seq": 939, "trade_id": "243510495", "timestamp": 1678098051472, "tick_direction": 3, "price": 0.0005, "mark_price": 0.0002388, "iv": 79.88, "instrument_name": "BTC-31MAR23-38000-C", "index_price": 22397.5, "direction": "buy", "amount": 2.0}, {"trade_seq": 938, "trade_id": "243455324", "timestamp": 1677979909894, "tick_direction": 3, "price": 0.0005, "mark_price": 0.00037383, "iv": 76.59, "instrument_name": "BTC-31MAR23-38000-C", "index_price": 22596.33, "direction": "buy", "amount": 10.0}, {"trade_seq": 937, "trade_id": "243395796", "timestamp": 1677856007836, "tick_direction": 2, "price": 0.0005, "mark_price": 0.00045231, "iv": 76.19, "instrument_name": "BTC-31MAR23-38000-C", "index_price": 22299.66, "direction": "buy", "amount": 22.0}, {"trade_seq": 936, "trade_id": "243383715", "timestamp": 1677849101109, "tick_direction": 1, "price": 0.001, "mark_price": 0.00062299, "iv": 82.43, "instrument_name": "BTC-31MAR23-38000-C", "index_price": 22335.06, "direction": "buy", "amount": 3.1}, {"trade_seq": 935, "trade_id": "243383714", "timestamp": 1677849101109, "tick_direction": 0, "price": 0.001, "mark_price": 0.00062299, "iv": 82.43, "instrument_name": "BTC-31MAR23-38000-C", "index_price": 22335.06, "direction": "buy", "amount": 21.9}, {"trade_seq": 934, "trade_id": "243365324", "timestamp": 1677829837675, "tick_direction": 3, "price": 0.0005, "mark_price": 0.0007201, "iv": 75.36, "instrument_name": "BTC-31MAR23-38000-C", "index_price": 22393.91, "direction": "buy", "amount": 0.8}, {"trade_seq": 933, "trade_id": "243365323", "timestamp": 1677829837661, "tick_direction": 3, "price": 0.0005, "mark_price": 0.0007201, "iv": 75.36, "instrument_name": "BTC-31MAR23-38000-C", "index_price": 22393.91, "direction": "sell", "amount": 1.0}, {"trade_seq": 932, "trade_id": "243365322", "timestamp": 1677829837661, "tick_direction": 3, "price": 0.0005, "mark_price": 0.0007201, "iv": 75.36, "instrument_name": "BTC-31MAR23-38000-C", "index_price": 22393.91, "direction": "sell", "amount": 0.2}, {"trade_seq": 931, "trade_id": "243341406", "timestamp": 1677810010827, "tick_direction": 3, "price": 0.0005, "mark_price": 0.00073719, "iv": 75.17, "instrument_name": "BTC-31MAR23-38000-C", "index_price": 22346.06, "direction": "sell", "amount": 4.3}, {"trade_seq": 930, "trade_id": "243341405", "timestamp": 1677810010827, "tick_direction": 3, "price": 0.0005, "mark_price": 0.00073719, "iv": 75.17, "instrument_name": "BTC-31MAR23-38000-C", "index_price": 22346.06, "direction": "sell", "amount": 30.0}, {"trade_seq": 929, "trade_id": "243341404", "timestamp": 1677810010827, "tick_direction": 2, "price": 0.0005, "mark_price": 0.00073719, "iv": 75.17, "instrument_name": "BTC-31MAR23-38000-C", "index_price": 22346.06, "direction": "sell", "amount": 0.2}, {"trade_seq": 928, "trade_id": "243223853", "timestamp": 1677717525599, "tick_direction": 1, "price": 0.001, "mark_price": 0.00070518, "iv": 72.57, "instrument_name": "BTC-31MAR23-38000-C", "index_price": 23667.95, "direction": "buy", "amount": 0.1}, {"trade_seq": 927, "trade_id": "243174827", "timestamp": 1677672691602, "tick_direction": 1, "price": 0.001, "mark_price": 0.00117195, "iv": 71.6, "instrument_name": "BTC-31MAR23-38000-C", "index_price": 23725.94, "direction": "sell", "amount": 10.0}, {"trade_seq": 926, "trade_id": "243174754", "timestamp": 1677672566073, "tick_direction": 1, "price": 0.001, "mark_price": 0.00121225, "iv": 71.45, "instrument_name": "BTC-31MAR23-38000-C", "index_price": 23748.25, "direction": "buy", "amount": 10.0}, {"trade_seq": 925, "trade_id": "243174753", "timestamp": 1677672566050, "tick_direction": 1, "price": 0.001, "mark_price": 0.00121225, "iv": 71.45, "instrument_name": "BTC-31MAR23-38000-C", "index_price": 23748.25, "direction": "sell", "amount": 10.0}, {"trade_seq": 924, "trade_id": "243159952", "timestamp": 1677658330572, "tick_direction": 1, "price": 0.001, "mark_price": 0.00113056, "iv": 71.2, "instrument_name": "BTC-31MAR23-38000-C", "index_price": 23753.65, "direction": "sell", "amount": 13.1}, {"trade_seq": 923, "trade_id": "243159219", "timestamp": 1677657995591, "tick_direction": 1, "price": 0.001, "mark_price": 0.00083997, "iv": 71.28, "instrument_name": "BTC-31MAR23-38000-C", "index_price": 23737.21, "direction": "buy", "amount": 5.0}, {"trade_seq": 922, "trade_id": "243159218", "timestamp": 1677657995591, "tick_direction": 0, "price": 0.001, "mark_price": 0.00083997, "iv": 71.28, "instrument_name": "BTC-31MAR23-38000-C", "index_price": 23737.21, "direction": "buy", "amount": 1.3}, {"trade_seq": 921, "trade_id": "243096055", "timestamp": 1677595378636, "tick_direction": 2, "price": 0.0005, "mark_price": 0.00072674, "iv": 65.99, "instrument_name": "BTC-31MAR23-38000-C", "index_price": 23507.38, "direction": "sell", "amount": 1.0}, {"trade_seq": 920, "trade_id": "243086652", "timestamp": 1677583078721, "tick_direction": 1, "price": 0.001, "mark_price": 0.00071996, "iv": 72.46, "instrument_name": "BTC-31MAR23-38000-C", "index_price": 23361.2, "direction": "buy", "amount": 1.0}, {"trade_seq": 919, "trade_id": "243016023", "timestamp": 1677507890848, "tick_direction": 0, "price": 0.001, "mark_price": 0.00073639, "iv": 68.9, "instrument_name": "BTC-31MAR23-38000-C", "index_price": 23819.9, "direction": "buy", "amount": 20.0}, {"trade_seq": 918, "trade_id": "243000873", "timestamp": 1677489547007, "tick_direction": 3, "price": 0.0005, "mark_price": 0.00072676, "iv": 65.22, "instrument_name": "BTC-31MAR23-38000-C", "index_price": 23386.81, "direction": "sell", "amount": 0.9}, {"trade_seq": 917, "trade_id": "243000872", "timestamp": 1677489547007, "tick_direction": 2, "price": 0.0005, "mark_price": 0.00072676, "iv": 65.22, "instrument_name": "BTC-31MAR23-38000-C", "index_price": 23386.81, "direction": "sell", "amount": 0.1}, {"trade_seq": 916, "trade_id": "242985944", "timestamp": 1677464100180, "tick_direction": 1, "price": 0.001, "mark_price": 0.00097234, "iv": 69.65, "instrument_name": "BTC-31MAR23-38000-C", "index_price": 23568.49, "direction": "sell", "amount": 1.0}, {"trade_seq": 915, "trade_id": "242957992", "timestamp": 1677434452214, "tick_direction": 1, "price": 0.001, "mark_price": 0.00074411, "iv": 70.93, "instrument_name": "BTC-31MAR23-38000-C", "index_price": 23266.98, "direction": "buy", "amount": 11.0}, {"trade_seq": 914, "trade_id": "242957991", "timestamp": 1677434449047, "tick_direction": 0, "price": 0.001, "mark_price": 0.00074452, "iv": 70.93, "instrument_name": "BTC-31MAR23-38000-C", "index_price": 23267.04, "direction": "buy", "amount": 12.0}, {"trade_seq": 913, "trade_id": "242934331", "timestamp": 1677377360798, "tick_direction": 2, "price": 0.0007, "mark_price": 0.00070804, "iv": 68.1, "instrument_name": "BTC-31MAR23-38000-C", "index_price": 23079.8, "direction": "sell", "block_trade_id": "66147", "amount": 12.4}, {"trade_seq": 912, "trade_id": "242914633", "timestamp": 1677336227387, "tick_direction": 0, "price": 0.001, "mark_price": 0.00070859, "iv": 71.12, "instrument_name": "BTC-31MAR23-38000-C", "index_price": 22990.16, "direction": "buy", "amount": 0.6}, {"trade_seq": 911, "trade_id": "242914624", "timestamp": 1677336181239, "tick_direction": 3, "price": 0.0005, "mark_price": 0.00070702, "iv": 65.39, "instrument_name": "BTC-31MAR23-38000-C", "index_price": 22991.02, "direction": "sell", "amount": 6.3}, {"trade_seq": 910, "trade_id": "242914623", "timestamp": 1677336181239, "tick_direction": 2, "price": 0.0005, "mark_price": 0.00070702, "iv": 65.39, "instrument_name": "BTC-31MAR23-38000-C", "index_price": 22991.02, "direction": "sell", "amount": 9.0}, {"trade_seq": 909, "trade_id": "242889660", "timestamp": 1677295196818, "tick_direction": 3, "price": 0.001, "mark_price": 0.00124808, "iv": 69.99, "instrument_name": "BTC-31MAR23-38000-C", "index_price": 23120.51, "direction": "sell", "amount": 7.2}, {"trade_seq": 908, "trade_id": "242889659", "timestamp": 1677295193454, "tick_direction": 3, "price": 0.001, "mark_price": 0.00124781, "iv": 69.99, "instrument_name": "BTC-31MAR23-38000-C", "index_price": 23119.89, "direction": "sell", "amount": 0.8}, {"trade_seq": 907, "trade_id": "242889658", "timestamp": 1677295193454, "tick_direction": 2, "price": 0.001, "mark_price": 0.00124781, "iv": 69.99, "instrument_name": "BTC-31MAR23-38000-C", "index_price": 23119.89, "direction": "sell", "amount": 0.2}, {"trade_seq": 906, "trade_id": "242706157", "timestamp": 1677154020355, "tick_direction": 2, "price": 0.002, "mark_price": 0.00214002, "iv": 72.33, "instrument_name": "BTC-31MAR23-38000-C", "index_price": 23644.69, "direction": "sell", "amount": 4.4}, {"trade_seq": 905, "trade_id": "242645518", "timestamp": 1677111003071, "tick_direction": 3, "price": 0.0025, "mark_price": 0.00266793, "iv": 71.44, "instrument_name": "BTC-31MAR23-38000-C", "index_price": 24171.82, "direction": "sell", "amount": 2.0}, {"trade_seq": 904, "trade_id": "242643976", "timestamp": 1677109073358, "tick_direction": 2, "price": 0.0025, "mark_price": 0.00273104, "iv": 71.63, "instrument_name": "BTC-31MAR23-38000-C", "index_price": 24135.11, "direction": "sell", "amount": 5.2}, {"trade_seq": 903, "trade_id": "242568920", "timestamp": 1677059522603, "tick_direction": 3, "price": 0.003, "mark_price": 0.00327048, "iv": 73.12, "instrument_name": "BTC-31MAR23-38000-C", "index_price": 24117.03, "direction": "sell", "amount": 1.0}, {"trade_seq": 902, "trade_id": "242552612", "timestamp": 1677050037710, "tick_direction": 2, "price": 0.003, "mark_price": 0.00354163, "iv": 73.67, "instrument_name": "BTC-31MAR23-38000-C", "index_price": 24014.49, "direction": "sell", "amount": 1.0}, {"trade_seq": 901, "trade_id": "242526148", "timestamp": 1677031383418, "tick_direction": 2, "price": 0.0035, "mark_price": 0.00351233, "iv": 75.25, "instrument_name": "BTC-31MAR23-38000-C", "index_price": 24025.05, "direction": "sell", "amount": 2.0}, {"trade_seq": 900, "trade_id": "242482903", "timestamp": 1677002473965, "tick_direction": 1, "price": 0.0045, "mark_price": 0.00440512, "iv": 74.68, "instrument_name": "BTC-31MAR23-38000-C", "index_price": 24652.78, "direction": "buy", "amount": 0.2}, {"trade_seq": 899, "trade_id": "242482902", "timestamp": 1677002473965, "tick_direction": 1, "price": 0.0045, "mark_price": 0.00440512, "iv": 74.68, "instrument_name": "BTC-31MAR23-38000-C", "index_price": 24652.78, "direction": "buy", "amount": 2.4}, {"trade_seq": 898, "trade_id": "242482712", "timestamp": 1677002401188, "tick_direction": 1, "price": 0.0045, "mark_price": 0.00444197, "iv": 74.64, "instrument_name": "BTC-31MAR23-38000-C", "index_price": 24659.58, "direction": "buy", "amount": 0.1}, {"trade_seq": 897, "trade_id": "242482709", "timestamp": 1677002401101, "tick_direction": 1, "price": 0.0045, "mark_price": 0.00444197, "iv": 74.64, "instrument_name": "BTC-31MAR23-38000-C", "index_price": 24659.58, "direction": "buy", "amount": 0.1}, {"trade_seq": 896, "trade_id": "242482707", "timestamp": 1677002400945, "tick_direction": 1, "price": 0.0045, "mark_price": 0.00444493, "iv": 74.64, "instrument_name": "BTC-31MAR23-38000-C", "index_price": 24659.58, "direction": "buy", "amount": 0.3}, {"trade_seq": 895, "trade_id": "242482182", "timestamp": 1677002290973, "tick_direction": 1, "price": 0.0045, "mark_price": 0.00445493, "iv": 74.73, "instrument_name": "BTC-31MAR23-38000-C", "index_price": 24647.36, "direction": "buy", "amount": 0.4}, {"trade_seq": 894, "trade_id": "242481827", "timestamp": 1677002235870, "tick_direction": 1, "price": 0.0045, "mark_price": 0.00438218, "iv": 75.02, "instrument_name": "BTC-31MAR23-38000-C", "index_price": 24614.25, "direction": "buy", "amount": 0.1}, {"trade_seq": 893, "trade_id": "242481798", "timestamp": 1677002234599, "tick_direction": 1, "price": 0.0045, "mark_price": 0.00438245, "iv": 75.02, "instrument_name": "BTC-31MAR23-38000-C", "index_price": 24602.52, "direction": "buy", "amount": 0.2}, {"trade_seq": 892, "trade_id": "242481731", "timestamp": 1677002234192, "tick_direction": 1, "price": 0.0045, "mark_price": 0.00438, "iv": 75.02, "instrument_name": "BTC-31MAR23-38000-C", "index_price": 24602.52, "direction": "buy", "amount": 0.1}, {"trade_seq": 891, "trade_id": "242481702", "timestamp": 1677002233694, "tick_direction": 1, "price": 0.0045, "mark_price": 0.00438, "iv": 75.03, "instrument_name": "BTC-31MAR23-38000-C", "index_price": 24600.74, "direction": "buy", "amount": 0.2}, {"trade_seq": 890, "trade_id": "242481701", "timestamp": 1677002233416, "tick_direction": 0, "price": 0.0045, "mark_price": 0.00438, "iv": 75.03, "instrument_name": "BTC-31MAR23-38000-C", "index_price": 24600.74, "direction": "buy", "amount": 0.1}, {"trade_seq": 889, "trade_id": "242477712", "timestamp": 1676999554361, "tick_direction": 0, "price": 0.004, "mark_price": 0.00421194, "iv": 74.54, "instrument_name": "BTC-31MAR23-38000-C", "index_price": 24408.14, "direction": "sell", "amount": 0.2}, {"trade_seq": 888, "trade_id": "242476048", "timestamp": 1676998133930, "tick_direction": 3, "price": 0.0035, "mark_price": 0.00314172, "iv": 72.67, "instrument_name": "BTC-31MAR23-38000-C", "index_price": 24430.53, "direction": "buy", "amount": 3.3}, {"trade_seq": 887, "trade_id": "242476024", "timestamp": 1676998124113, "tick_direction": 3, "price": 0.0035, "mark_price": 0.00309232, "iv": 72.66, "instrument_name": "BTC-31MAR23-38000-C", "index_price": 24430.9, "direction": "sell", "amount": 37.0}, {"trade_seq": 886, "trade_id": "242475996", "timestamp": 1676998120841, "tick_direction": 3, "price": 0.0035, "mark_price": 0.00307859, "iv": 72.63, "instrument_name": "BTC-31MAR23-38000-C", "index_price": 24438.91, "direction": "buy", "amount": 15.0}, {"trade_seq": 885, "trade_id": "242475995", "timestamp": 1676998120841, "tick_direction": 2, "price": 0.0035, "mark_price": 0.00307859, "iv": 72.63, "instrument_name": "BTC-31MAR23-38000-C", "index_price": 24438.91, "direction": "buy", "amount": 2.8}, {"trade_seq": 884, "trade_id": "242440432", "timestamp": 1676975993691, "tick_direction": 2, "price": 0.004, "mark_price": 0.00375392, "iv": 72.42, "instrument_name": "BTC-31MAR23-38000-C", "index_price": 24746.75, "direction": "buy", "amount": 0.1}, {"trade_seq": 883, "trade_id": "242437596", "timestamp": 1676972685100, "tick_direction": 2, "price": 0.0045, "mark_price": 0.00396937, "iv": 73.6, "instrument_name": "BTC-31MAR23-38000-C", "index_price": 24797.88, "direction": "buy", "amount": 0.4}, {"trade_seq": 882, "trade_id": "242364432", "timestamp": 1676907798495, "tick_direction": 1, "price": 0.005, "mark_price": 0.00505245, "iv": 73.19, "instrument_name": "BTC-31MAR23-38000-C", "index_price": 24997.53, "direction": "sell", "amount": 1.0}, {"trade_seq": 881, "trade_id": "242354155", "timestamp": 1676903100722, "tick_direction": 0, "price": 0.005, "mark_price": 0.00489014, "iv": 73.18, "instrument_name": "BTC-31MAR23-38000-C", "index_price": 24981.45, "direction": "buy", "amount": 7.5}, {"trade_seq": 880, "trade_id": "242227195", "timestamp": 1676798636516, "tick_direction": 2, "price": 0.003, "mark_price": 0.00348208, "iv": 67.78, "instrument_name": "BTC-31MAR23-38000-C", "index_price": 24609.15, "direction": "sell", "amount": 1.0}, {"trade_seq": 879, "trade_id": "242208930", "timestamp": 1676778461601, "tick_direction": 3, "price": 0.0035, "mark_price": 0.00397786, "iv": 68.95, "instrument_name": "BTC-31MAR23-38000-C", "index_price": 24683.74, "direction": "sell", "amount": 1.0}, {"trade_seq": 878, "trade_id": "242208929", "timestamp": 1676778459598, "tick_direction": 3, "price": 0.0035, "mark_price": 0.00397785, "iv": 68.95, "instrument_name": "BTC-31MAR23-38000-C", "index_price": 24683.74, "direction": "sell", "amount": 1.0}, {"trade_seq": 877, "trade_id": "242208927", "timestamp": 1676778455554, "tick_direction": 3, "price": 0.0035, "mark_price": 0.00397798, "iv": 68.94, "instrument_name": "BTC-31MAR23-38000-C", "index_price": 24683.95, "direction": "sell", "amount": 1.0}, {"trade_seq": 876, "trade_id": "242208926", "timestamp": 1676778454091, "tick_direction": 2, "price": 0.0035, "mark_price": 0.00397782, "iv": 68.95, "instrument_name": "BTC-31MAR23-38000-C", "index_price": 24683.82, "direction": "sell", "amount": 1.0}, {"trade_seq": 875, "trade_id": "242170204", "timestamp": 1676712872832, "tick_direction": 2, "price": 0.004, "mark_price": 0.00431763, "iv": 70.58, "instrument_name": "BTC-31MAR23-38000-C", "index_price": 24572.78, "direction": "sell", "amount": 0.1}, {"trade_seq": 874, "trade_id": "242111672", "timestamp": 1676664652341, "tick_direction": 1, "price": 0.0055, "mark_price": 0.00542399, "iv": 72.88, "instrument_name": "BTC-31MAR23-38000-C", "index_price": 24860.14, "direction": "buy", "amount": 0.3}, {"trade_seq": 873, "trade_id": "242111642", "timestamp": 1676664648718, "tick_direction": 1, "price": 0.0055, "mark_price": 0.00541937, "iv": 72.86, "instrument_name": "BTC-31MAR23-38000-C", "index_price": 24864.4, "direction": "buy", "amount": 0.2}, {"trade_seq": 872, "trade_id": "242111641", "timestamp": 1676664648390, "tick_direction": 1, "price": 0.0055, "mark_price": 0.00541937, "iv": 72.86, "instrument_name": "BTC-31MAR23-38000-C", "index_price": 24864.4, "direction": "buy", "amount": 0.4}, {"trade_seq": 871, "trade_id": "242111550", "timestamp": 1676664629033, "tick_direction": 1, "price": 0.0055, "mark_price": 0.00541828, "iv": 72.88, "instrument_name": "BTC-31MAR23-38000-C", "index_price": 24856.64, "direction": "buy", "amount": 0.1}, {"trade_seq": 870, "trade_id": "242110660", "timestamp": 1676664554332, "tick_direction": 1, "price": 0.0055, "mark_price": 0.00542826, "iv": 72.64, "instrument_name": "BTC-31MAR23-38000-C", "index_price": 24901.86, "direction": "buy", "amount": 1.0}, {"trade_seq": 869, "trade_id": "242110659", "timestamp": 1676664554332, "tick_direction": 1, "price": 0.0055, "mark_price": 0.00542826, "iv": 72.64, "instrument_name": "BTC-31MAR23-38000-C", "index_price": 24901.86, "direction": "buy", "amount": 1.0}, {"trade_seq": 868, "trade_id": "242110658", "timestamp": 1676664554332, "tick_direction": 0, "price": 0.0055, "mark_price": 0.00542826, "iv": 72.64, "instrument_name": "BTC-31MAR23-38000-C", "index_price": 24901.86, "direction": "buy", "amount": 1.0}, {"trade_seq": 867, "trade_id": "242108476", "timestamp": 1676664358941, "tick_direction": 0, "price": 0.005, "mark_price": 0.00508182, "iv": 72.43, "instrument_name": "BTC-31MAR23-38000-C", "index_price": 24699.39, "direction": "buy", "amount": 1.0}, {"trade_seq": 866, "trade_id": "242098489", "timestamp": 1676659516756, "tick_direction": 0, "price": 0.0045, "mark_price": 0.00477277, "iv": 73.01, "instrument_name": "BTC-31MAR23-38000-C", "index_price": 24326.31, "direction": "sell", "amount": 0.4}, {"trade_seq": 865, "trade_id": "242060797", "timestamp": 1676646861306, "tick_direction": 1, "price": 0.003, "mark_price": 0.00301124, "iv": 69.22, "instrument_name": "BTC-31MAR23-38000-C", "index_price": 24069.9, "direction": "sell", "amount": 0.1}, {"trade_seq": 864, "trade_id": "242060778", "timestamp": 1676646859389, "tick_direction": 0, "price": 0.003, "mark_price": 0.00301271, "iv": 69.21, "instrument_name": "BTC-31MAR23-38000-C", "index_price": 24071.46, "direction": "sell", "amount": 0.2}, {"trade_seq": 863, "trade_id": "242050516", "timestamp": 1676645160944, "tick_direction": 3, "price": 0.0025, "mark_price": 0.00255629, "iv": 67.02, "instrument_name": "BTC-31MAR23-38000-C", "index_price": 24123.36, "direction": "sell", "amount": 2.7}, {"trade_seq": 862, "trade_id": "241971836", "timestamp": 1676591271002, "tick_direction": 3, "price": 0.0025, "mark_price": 0.00277749, "iv": 68.82, "instrument_name": "BTC-31MAR23-38000-C", "index_price": 23669.89, "direction": "sell", "amount": 0.1}, {"trade_seq": 861, "trade_id": "241971828", "timestamp": 1676591270633, "tick_direction": 3, "price": 0.0025, "mark_price": 0.00277749, "iv": 68.81, "instrument_name": "BTC-31MAR23-38000-C", "index_price": 23672.58, "direction": "sell", "amount": 0.1}, {"trade_seq": 860, "trade_id": "241971822", "timestamp": 1676591269636, "tick_direction": 3, "price": 0.0025, "mark_price": 0.00277691, "iv": 68.77, "instrument_name": "BTC-31MAR23-38000-C", "index_price": 23680.68, "direction": "sell", "amount": 0.1}, {"trade_seq": 859, "trade_id": "241971821", "timestamp": 1676591269133, "tick_direction": 2, "price": 0.0025, "mark_price": 0.00277691, "iv": 68.77, "instrument_name": "BTC-31MAR23-38000-C", "index_price": 23680.68, "direction": "sell", "amount": 0.2}, {"trade_seq": 858, "trade_id": "241924895", "timestamp": 1676575262325, "tick_direction": 1, "price": 0.004, "mark_price": 0.00418036, "iv": 67.61, "instrument_name": "BTC-31MAR23-38000-C", "index_price": 24907.68, "direction": "sell", "amount": 0.1}, {"trade_seq": 857, "trade_id": "241924894", "timestamp": 1676575262318, "tick_direction": 1, "price": 0.004, "mark_price": 0.00418036, "iv": 67.61, "instrument_name": "BTC-31MAR23-38000-C", "index_price": 24907.68, "direction": "sell", "amount": 0.1}, {"trade_seq": 856, "trade_id": "241924891", "timestamp": 1676575262179, "tick_direction": 1, "price": 0.004, "mark_price": 0.00418036, "iv": 67.59, "instrument_name": "BTC-31MAR23-38000-C", "index_price": 24910.02, "direction": "sell", "amount": 0.1}, {"trade_seq": 855, "trade_id": "241924711", "timestamp": 1676575202989, "tick_direction": 1, "price": 0.004, "mark_price": 0.00421107, "iv": 67.49, "instrument_name": "BTC-31MAR23-38000-C", "index_price": 24934.42, "direction": "sell", "amount": 0.1}, {"trade_seq": 854, "trade_id": "241924597", "timestamp": 1676575124723, "tick_direction": 1, "price": 0.004, "mark_price": 0.00421895, "iv": 67.45, "instrument_name": "BTC-31MAR23-38000-C", "index_price": 24943.06, "direction": "sell", "amount": 0.1}, {"trade_seq": 853, "trade_id": "241924582", "timestamp": 1676575110965, "tick_direction": 1, "price": 0.004, "mark_price": 0.00421461, "iv": 67.46, "instrument_name": "BTC-31MAR23-38000-C", "index_price": 24940.9, "direction": "sell", "amount": 0.1}, {"trade_seq": 852, "trade_id": "241924280", "timestamp": 1676574981177, "tick_direction": 1, "price": 0.004, "mark_price": 0.00419614, "iv": 67.51, "instrument_name": "BTC-31MAR23-38000-C", "index_price": 24929.58, "direction": "sell", "amount": 0.2}, {"trade_seq": 851, "trade_id": "241918978", "timestamp": 1676572185322, "tick_direction": 1, "price": 0.004, "mark_price": 0.00419327, "iv": 67.74, "instrument_name": "BTC-31MAR23-38000-C", "index_price": 24881.91, "direction": "sell", "amount": 0.3}, {"trade_seq": 850, "trade_id": "241918971", "timestamp": 1676572166974, "tick_direction": 1, "price": 0.004, "mark_price": 0.00420102, "iv": 67.72, "instrument_name": "BTC-31MAR23-38000-C", "index_price": 24886.42, "direction": "sell", "amount": 0.1}, {"trade_seq": 849, "trade_id": "241918970", "timestamp": 1676572165783, "tick_direction": 1, "price": 0.004, "mark_price": 0.00420105, "iv": 67.71, "instrument_name": "BTC-31MAR23-38000-C", "index_price": 24887.9, "direction": "sell", "amount": 0.2}, {"trade_seq": 848, "trade_id": "241914934", "timestamp": 1676568923256, "tick_direction": 0, "price": 0.004, "mark_price": 0.00394057, "iv": 67.45, "instrument_name": "BTC-31MAR23-38000-C", "index_price": 24928.78, "direction": "buy", "amount": 1.0}, {"trade_seq": 847, "trade_id": "241907466", "timestamp": 1676565818191, "tick_direction": 0, "price": 0.0035, "mark_price": 0.0034811, "iv": 66.03, "instrument_name": "BTC-31MAR23-38000-C", "index_price": 24890.56, "direction": "sell", "amount": 1.0}, {"trade_seq": 846, "trade_id": "241882526", "timestamp": 1676562520828, "tick_direction": 0, "price": 0.003, "mark_price": 0.00277155, "iv": 64.38, "instrument_name": "BTC-31MAR23-38000-C", "index_price": 24866.96, "direction": "buy", "amount": 1.0}, {"trade_seq": 845, "trade_id": "241878694", "timestamp": 1676562298290, "tick_direction": 0, "price": 0.0025, "mark_price": 0.00257023, "iv": 63.05, "instrument_name": "BTC-31MAR23-38000-C", "index_price": 24764.69, "direction": "buy", "amount": 0.2}, {"trade_seq": 844, "trade_id": "241826661", "timestamp": 1676526715356, "tick_direction": 2, "price": 0.002, "mark_price": 0.00222646, "iv": 61.12, "instrument_name": "BTC-31MAR23-38000-C", "index_price": 24669.99, "direction": "sell", "amount": 0.1}, {"trade_seq": 843, "trade_id": "241809810", "timestamp": 1676509847295, "tick_direction": 2, "price": 0.0025, "mark_price": 0.00275411, "iv": 63.18, "instrument_name": "BTC-31MAR23-38000-C", "index_price": 24662.86, "direction": "sell", "amount": 3.0}, {"trade_seq": 842, "trade_id": "241803262", "timestamp": 1676507059291, "tick_direction": 1, "price": 0.003, "mark_price": 0.00291995, "iv": 64.32, "instrument_name": "BTC-31MAR23-38000-C", "index_price": 24812.25, "direction": "buy", "amount": 0.1}, {"trade_seq": 841, "trade_id": "241803260", "timestamp": 1676507059057, "tick_direction": 1, "price": 0.003, "mark_price": 0.00291995, "iv": 64.32, "instrument_name": "BTC-31MAR23-38000-C", "index_price": 24812.25, "direction": "buy", "amount": 0.1}, {"trade_seq": 840, "trade_id": "241803259", "timestamp": 1676507058816, "tick_direction": 1, "price": 0.003, "mark_price": 0.00291995, "iv": 64.32, "instrument_name": "BTC-31MAR23-38000-C", "index_price": 24812.25, "direction": "buy", "amount": 0.1}, {"trade_seq": 839, "trade_id": "241802360", "timestamp": 1676506921739, "tick_direction": 1, "price": 0.003, "mark_price": 0.00294551, "iv": 64.32, "instrument_name": "BTC-31MAR23-38000-C", "index_price": 24849.44, "direction": "buy", "amount": 0.1}, {"trade_seq": 838, "trade_id": "241802359", "timestamp": 1676506921734, "tick_direction": 1, "price": 0.003, "mark_price": 0.00294551, "iv": 64.32, "instrument_name": "BTC-31MAR23-38000-C", "index_price": 24849.44, "direction": "buy", "amount": 0.1}, {"trade_seq": 837, "trade_id": "241802345", "timestamp": 1676506921676, "tick_direction": 1, "price": 0.003, "mark_price": 0.00294551, "iv": 64.32, "instrument_name": "BTC-31MAR23-38000-C", "index_price": 24849.44, "direction": "buy", "amount": 0.1}, {"trade_seq": 836, "trade_id": "241802339", "timestamp": 1676506921596, "tick_direction": 1, "price": 0.003, "mark_price": 0.00294812, "iv": 64.32, "instrument_name": "BTC-31MAR23-38000-C", "index_price": 24849.44, "direction": "buy", "amount": 0.1}, {"trade_seq": 835, "trade_id": "241802322", "timestamp": 1676506921469, "tick_direction": 1, "price": 0.003, "mark_price": 0.00294812, "iv": 64.32, "instrument_name": "BTC-31MAR23-38000-C", "index_price": 24834.13, "direction": "buy", "amount": 0.1}, {"trade_seq": 834, "trade_id": "241802276", "timestamp": 1676506919055, "tick_direction": 1, "price": 0.003, "mark_price": 0.0029382, "iv": 64.35, "instrument_name": "BTC-31MAR23-38000-C", "index_price": 24826.79, "direction": "buy", "amount": 0.1}, {"trade_seq": 833, "trade_id": "241802273", "timestamp": 1676506918866, "tick_direction": 1, "price": 0.003, "mark_price": 0.0029382, "iv": 64.35, "instrument_name": "BTC-31MAR23-38000-C", "index_price": 24826.79, "direction": "buy", "amount": 0.1}, {"trade_seq": 832, "trade_id": "241802272", "timestamp": 1676506918863, "tick_direction": 1, "price": 0.003, "mark_price": 0.0029382, "iv": 64.35, "instrument_name": "BTC-31MAR23-38000-C", "index_price": 24826.79, "direction": "buy", "amount": 0.1}, {"trade_seq": 831, "trade_id": "241802271", "timestamp": 1676506918520, "tick_direction": 1, "price": 0.003, "mark_price": 0.0029355, "iv": 64.35, "instrument_name": "BTC-31MAR23-38000-C", "index_price": 24826.79, "direction": "buy", "amount": 0.1}, {"trade_seq": 830, "trade_id": "241802261", "timestamp": 1676506915298, "tick_direction": 1, "price": 0.003, "mark_price": 0.00293086, "iv": 64.39, "instrument_name": "BTC-31MAR23-38000-C", "index_price": 24820.0, "direction": "buy", "amount": 0.1}, {"trade_seq": 829, "trade_id": "241802260", "timestamp": 1676506915213, "tick_direction": 1, "price": 0.003, "mark_price": 0.00293086, "iv": 64.39, "instrument_name": "BTC-31MAR23-38000-C", "index_price": 24820.0, "direction": "buy", "amount": 0.1}, {"trade_seq": 828, "trade_id": "241802258", "timestamp": 1676506914648, "tick_direction": 1, "price": 0.003, "mark_price": 0.00293086, "iv": 64.39, "instrument_name": "BTC-31MAR23-38000-C", "index_price": 24820.0, "direction": "buy", "amount": 0.1}, {"trade_seq": 827, "trade_id": "241802257", "timestamp": 1676506914638, "tick_direction": 1, "price": 0.003, "mark_price": 0.00293086, "iv": 64.39, "instrument_name": "BTC-31MAR23-38000-C", "index_price": 24820.0, "direction": "buy", "amount": 0.1}, {"trade_seq": 826, "trade_id": "241802244", "timestamp": 1676506914184, "tick_direction": 1, "price": 0.003, "mark_price": 0.00292618, "iv": 64.4, "instrument_name": "BTC-31MAR23-38000-C", "index_price": 24816.11, "direction": "buy", "amount": 0.1}, {"trade_seq": 825, "trade_id": "241802242", "timestamp": 1676506913425, "tick_direction": 1, "price": 0.003, "mark_price": 0.00292491, "iv": 64.4, "instrument_name": "BTC-31MAR23-38000-C", "index_price": 24816.11, "direction": "buy", "amount": 0.1}, {"trade_seq": 824, "trade_id": "241802241", "timestamp": 1676506913406, "tick_direction": 1, "price": 0.003, "mark_price": 0.00292491, "iv": 64.4, "instrument_name": "BTC-31MAR23-38000-C", "index_price": 24816.11, "direction": "buy", "amount": 0.3}, {"trade_seq": 823, "trade_id": "241802240", "timestamp": 1676506913391, "tick_direction": 0, "price": 0.003, "mark_price": 0.00292491, "iv": 64.41, "instrument_name": "BTC-31MAR23-38000-C", "index_price": 24814.38, "direction": "buy", "amount": 0.1}, {"trade_seq": 822, "trade_id": "241786056", "timestamp": 1676501471787, "tick_direction": 0, "price": 0.0025, "mark_price": 0.00275709, "iv": 64.93, "instrument_name": "BTC-31MAR23-38000-C", "index_price": 24296.89, "direction": "sell", "amount": 1.0}, {"trade_seq": 821, "trade_id": "241756731", "timestamp": 1676492995741, "tick_direction": 1, "price": 0.0015, "mark_price": 0.00139019, "iv": 62.49, "instrument_name": "BTC-31MAR23-38000-C", "index_price": 23807.5, "direction": "buy", "amount": 0.5}, {"trade_seq": 820, "trade_id": "241756730", "timestamp": 1676492995741, "tick_direction": 1, "price": 0.0015, "mark_price": 0.00139019, "iv": 62.49, "instrument_name": "BTC-31MAR23-38000-C", "index_price": 23807.5, "direction": "buy", "amount": 0.3}, {"trade_seq": 819, "trade_id": "241756729", "timestamp": 1676492995741, "tick_direction": 0, "price": 0.0015, "mark_price": 0.00139019, "iv": 62.49, "instrument_name": "BTC-31MAR23-38000-C", "index_price": 23807.5, "direction": "buy", "amount": 0.1}, {"trade_seq": 818, "trade_id": "241753888", "timestamp": 1676492422441, "tick_direction": 3, "price": 0.001, "mark_price": 0.0013758, "iv": 59.31, "instrument_name": "BTC-31MAR23-38000-C", "index_price": 23756.92, "direction": "sell", "amount": 0.1}, {"trade_seq": 817, "trade_id": "241650825", "timestamp": 1676408972860, "tick_direction": 3, "price": 0.001, "mark_price": 0.00083757, "iv": 66.03, "instrument_name": "BTC-31MAR23-38000-C", "index_price": 22151.95, "direction": "sell", "amount": 2.3}, {"trade_seq": 816, "trade_id": "241650821", "timestamp": 1676408969364, "tick_direction": 3, "price": 0.001, "mark_price": 0.00081687, "iv": 66.04, "instrument_name": "BTC-31MAR23-38000-C", "index_price": 22151.18, "direction": "sell", "amount": 2.4}, {"trade_seq": 815, "trade_id": "241650422", "timestamp": 1676408866523, "tick_direction": 3, "price": 0.001, "mark_price": 0.0007482, "iv": 65.99, "instrument_name": "BTC-31MAR23-38000-C", "index_price": 22162.25, "direction": "buy", "amount": 0.1}, {"trade_seq": 814, "trade_id": "241559923", "timestamp": 1676332086958, "tick_direction": 3, "price": 0.001, "mark_price": 0.00072734, "iv": 67.04, "instrument_name": "BTC-31MAR23-38000-C", "index_price": 21812.99, "direction": "buy", "amount": 4.0}, {"trade_seq": 813, "trade_id": "241557580", "timestamp": 1676330632776, "tick_direction": 2, "price": 0.001, "mark_price": 0.00124019, "iv": 67.28, "instrument_name": "BTC-31MAR23-38000-C", "index_price": 21761.94, "direction": "sell", "amount": 5.0}, {"trade_seq": 812, "trade_id": "241424752", "timestamp": 1676155319293, "tick_direction": 3, "price": 0.0015, "mark_price": 0.00125813, "iv": 68.87, "instrument_name": "BTC-31MAR23-38000-C", "index_price": 21864.55, "direction": "buy", "amount": 3.0}, {"trade_seq": 811, "trade_id": "241401102", "timestamp": 1676093163970, "tick_direction": 3, "price": 0.0015, "mark_price": 0.00174587, "iv": 68.98, "instrument_name": "BTC-31MAR23-38000-C", "index_price": 21706.37, "direction": "sell", "amount": 0.1}, {"trade_seq": 810, "trade_id": "241400987", "timestamp": 1676092861351, "tick_direction": 3, "price": 0.0015, "mark_price": 0.00173776, "iv": 69.03, "instrument_name": "BTC-31MAR23-38000-C", "index_price": 21690.93, "direction": "sell", "amount": 0.1}, {"trade_seq": 809, "trade_id": "241400954", "timestamp": 1676092501837, "tick_direction": 2, "price": 0.0015, "mark_price": 0.00173716, "iv": 69.03, "instrument_name": "BTC-31MAR23-38000-C", "index_price": 21687.27, "direction": "sell", "amount": 0.1}, {"trade_seq": 808, "trade_id": "241294630", "timestamp": 1675990385063, "tick_direction": 2, "price": 0.002, "mark_price": 0.00208107, "iv": 70.24, "instrument_name": "BTC-31MAR23-38000-C", "index_price": 21832.48, "direction": "sell", "amount": 3.7}, {"trade_seq": 807, "trade_id": "241198394", "timestamp": 1675922784326, "tick_direction": 3, "price": 0.0025, "mark_price": 0.00245362, "iv": 68.4, "instrument_name": "BTC-31MAR23-38000-C", "index_price": 22586.29, "direction": "sell", "amount": 2.0}, {"trade_seq": 806, "trade_id": "241198393", "timestamp": 1675922777408, "tick_direction": 3, "price": 0.0025, "mark_price": 0.00245325, "iv": 68.4, "instrument_name": "BTC-31MAR23-38000-C", "index_price": 22586.59, "direction": "sell", "amount": 2.2}, {"trade_seq": 805, "trade_id": "241193520", "timestamp": 1675916765501, "tick_direction": 2, "price": 0.0025, "mark_price": 0.00226461, "iv": 68.56, "instrument_name": "BTC-31MAR23-38000-C", "index_price": 22540.26, "direction": "buy", "amount": 0.1}, {"trade_seq": 804, "trade_id": "241141763", "timestamp": 1675868443795, "tick_direction": 3, "price": 0.003, "mark_price": 0.00283524, "iv": 67.76, "instrument_name": "BTC-31MAR23-38000-C", "index_price": 23022.36, "direction": "buy", "amount": 7.5}, {"trade_seq": 803, "trade_id": "241086162", "timestamp": 1675795764087, "tick_direction": 3, "price": 0.003, "mark_price": 0.00319526, "iv": 68.01, "instrument_name": "BTC-31MAR23-38000-C", "index_price": 22849.75, "direction": "sell", "amount": 0.1}, {"trade_seq": 802, "trade_id": "241064600", "timestamp": 1675788427478, "tick_direction": 3, "price": 0.003, "mark_price": 0.00327991, "iv": 67.24, "instrument_name": "BTC-31MAR23-38000-C", "index_price": 22989.81, "direction": "sell", "amount": 1.0}, {"trade_seq": 801, "trade_id": "241042306", "timestamp": 1675763751628, "tick_direction": 3, "price": 0.003, "mark_price": 0.00279732, "iv": 66.94, "instrument_name": "BTC-31MAR23-38000-C", "index_price": 23013.1, "direction": "buy", "amount": 2.2}, {"trade_seq": 800, "trade_id": "241042305", "timestamp": 1675763751628, "tick_direction": 3, "price": 0.003, "mark_price": 0.00279732, "iv": 66.94, "instrument_name": "BTC-31MAR23-38000-C", "index_price": 23013.1, "direction": "buy", "amount": 2.4}, {"trade_seq": 799, "trade_id": "241041118", "timestamp": 1675763112755, "tick_direction": 3, "price": 0.003, "mark_price": 0.00275766, "iv": 67.22, "instrument_name": "BTC-31MAR23-38000-C", "index_price": 22959.12, "direction": "buy", "amount": 10.0}, {"trade_seq": 798, "trade_id": "241017446", "timestamp": 1675724910908, "tick_direction": 3, "price": 0.003, "mark_price": 0.00317438, "iv": 67.58, "instrument_name": "BTC-31MAR23-38000-C", "index_price": 22812.57, "direction": "sell", "amount": 0.2}, {"trade_seq": 797, "trade_id": "241017442", "timestamp": 1675724908569, "tick_direction": 2, "price": 0.003, "mark_price": 0.00317282, "iv": 67.59, "instrument_name": "BTC-31MAR23-38000-C", "index_price": 22811.79, "direction": "sell", "amount": 0.1}, {"trade_seq": 796, "trade_id": "241005946", "timestamp": 1675707971004, "tick_direction": 1, "price": 0.0035, "mark_price": 0.00325356, "iv": 67.92, "instrument_name": "BTC-31MAR23-38000-C", "index_price": 23068.32, "direction": "buy", "amount": 2.1}, {"trade_seq": 795, "trade_id": "240982364", "timestamp": 1675687284084, "tick_direction": 1, "price": 0.0035, "mark_price": 0.00328688, "iv": 68.56, "instrument_name": "BTC-31MAR23-38000-C", "index_price": 22916.25, "direction": "buy", "amount": 0.9}, {"trade_seq": 794, "trade_id": "240982363", "timestamp": 1675687284084, "tick_direction": 0, "price": 0.0035, "mark_price": 0.00328688, "iv": 68.56, "instrument_name": "BTC-31MAR23-38000-C", "index_price": 22916.25, "direction": "buy", "amount": 0.1}, {"trade_seq": 793, "trade_id": "240967108", "timestamp": 1675666597237, "tick_direction": 2, "price": 0.003, "mark_price": 0.00324933, "iv": 67.24, "instrument_name": "BTC-31MAR23-38000-C", "index_price": 22794.77, "direction": "sell", "amount": 0.1}, {"trade_seq": 792, "trade_id": "240952492", "timestamp": 1675644829332, "tick_direction": 3, "price": 0.0035, "mark_price": 0.00347503, "iv": 67.45, "instrument_name": "BTC-31MAR23-38000-C", "index_price": 23061.54, "direction": "sell", "amount": 2.5}, {"trade_seq": 791, "trade_id": "240950678", "timestamp": 1675642376528, "tick_direction": 2, "price": 0.0035, "mark_price": 0.00332061, "iv": 67.75, "instrument_name": "BTC-31MAR23-38000-C", "index_price": 22996.62, "direction": "sell", "amount": 2.3}, {"trade_seq": 790, "trade_id": "240789628", "timestamp": 1675409810826, "tick_direction": 3, "price": 0.005, "mark_price": 0.00469634, "iv": 67.94, "instrument_name": "BTC-31MAR23-38000-C", "index_price": 23478.75, "direction": "sell", "amount": 0.2}, {"trade_seq": 789, "trade_id": "240789624", "timestamp": 1675409810592, "tick_direction": 3, "price": 0.005, "mark_price": 0.00469634, "iv": 67.94, "instrument_name": "BTC-31MAR23-38000-C", "index_price": 23478.75, "direction": "buy", "amount": 2.3}, {"trade_seq": 788, "trade_id": "240789623", "timestamp": 1675409810592, "tick_direction": 3, "price": 0.005, "mark_price": 0.00469634, "iv": 67.94, "instrument_name": "BTC-31MAR23-38000-C", "index_price": 23478.75, "direction": "buy", "amount": 0.5}, {"trade_seq": 787, "trade_id": "240784478", "timestamp": 1675398267636, "tick_direction": 3, "price": 0.005, "mark_price": 0.00512815, "iv": 67.44, "instrument_name": "BTC-31MAR23-38000-C", "index_price": 23549.07, "direction": "sell", "amount": 1.0}, {"trade_seq": 786, "trade_id": "240783236", "timestamp": 1675394826343, "tick_direction": 3, "price": 0.005, "mark_price": 0.00527696, "iv": 67.72, "instrument_name": "BTC-31MAR23-38000-C", "index_price": 23486.13, "direction": "sell", "amount": 0.1}, {"trade_seq": 785, "trade_id": "240783235", "timestamp": 1675394825979, "tick_direction": 3, "price": 0.005, "mark_price": 0.00527696, "iv": 67.72, "instrument_name": "BTC-31MAR23-38000-C", "index_price": 23486.13, "direction": "sell", "amount": 0.3}, {"trade_seq": 784, "trade_id": "240783234", "timestamp": 1675394818176, "tick_direction": 3, "price": 0.005, "mark_price": 0.00527959, "iv": 67.71, "instrument_name": "BTC-31MAR23-38000-C", "index_price": 23487.94, "direction": "sell", "amount": 0.1}, {"trade_seq": 783, "trade_id": "240783233", "timestamp": 1675394816807, "tick_direction": 3, "price": 0.005, "mark_price": 0.00528137, "iv": 67.7, "instrument_name": "BTC-31MAR23-38000-C", "index_price": 23488.77, "direction": "sell", "amount": 0.1}, {"trade_seq": 782, "trade_id": "240783188", "timestamp": 1675394750387, "tick_direction": 3, "price": 0.005, "mark_price": 0.00529331, "iv": 67.69, "instrument_name": "BTC-31MAR23-38000-C", "index_price": 23493.32, "direction": "sell", "amount": 0.1}, {"trade_seq": 781, "trade_id": "240783187", "timestamp": 1675394748156, "tick_direction": 3, "price": 0.005, "mark_price": 0.00529391, "iv": 67.69, "instrument_name": "BTC-31MAR23-38000-C", "index_price": 23493.3, "direction": "sell", "amount": 0.1}, {"trade_seq": 780, "trade_id": "240783185", "timestamp": 1675394741291, "tick_direction": 3, "price": 0.005, "mark_price": 0.00529517, "iv": 67.68, "instrument_name": "BTC-31MAR23-38000-C", "index_price": 23494.38, "direction": "sell", "amount": 0.1}, {"trade_seq": 779, "trade_id": "240783184", "timestamp": 1675394738963, "tick_direction": 3, "price": 0.005, "mark_price": 0.00529374, "iv": 67.69, "instrument_name": "BTC-31MAR23-38000-C", "index_price": 23494.01, "direction": "sell", "amount": 0.1}, {"trade_seq": 778, "trade_id": "240782702", "timestamp": 1675394292122, "tick_direction": 3, "price": 0.005, "mark_price": 0.00517774, "iv": 68.07, "instrument_name": "BTC-31MAR23-38000-C", "index_price": 23418.62, "direction": "sell", "amount": 0.2}, {"trade_seq": 777, "trade_id": "240782701", "timestamp": 1675394289819, "tick_direction": 2, "price": 0.005, "mark_price": 0.00517692, "iv": 68.07, "instrument_name": "BTC-31MAR23-38000-C", "index_price": 23417.87, "direction": "sell", "amount": 0.3}, {"trade_seq": 776, "trade_id": "240697998", "timestamp": 1675326923622, "tick_direction": 1, "price": 0.0055, "mark_price": 0.0053448, "iv": 66.87, "instrument_name": "BTC-31MAR23-38000-C", "index_price": 23813.83, "direction": "buy", "amount": 4.0}, {"trade_seq": 775, "trade_id": "240691670", "timestamp": 1675322100271, "tick_direction": 0, "price": 0.0055, "mark_price": 0.00540641, "iv": 66.74, "instrument_name": "BTC-31MAR23-38000-C", "index_price": 23818.64, "direction": "buy", "amount": 1.0}, {"trade_seq": 774, "trade_id": "240599495", "timestamp": 1675269384013, "tick_direction": 3, "price": 0.005, "mark_price": 0.00497115, "iv": 69.23, "instrument_name": "BTC-31MAR23-38000-C", "index_price": 23000.74, "direction": "sell", "amount": 2.4}, {"trade_seq": 773, "trade_id": "240588049", "timestamp": 1675258270414, "tick_direction": 2, "price": 0.005, "mark_price": 0.00496527, "iv": 68.67, "instrument_name": "BTC-31MAR23-38000-C", "index_price": 23115.5, "direction": "buy", "amount": 3.3}, {"trade_seq": 772, "trade_id": "240571746", "timestamp": 1675228652387, "tick_direction": 1, "price": 0.0055, "mark_price": 0.00548128, "iv": 69.42, "instrument_name": "BTC-31MAR23-38000-C", "index_price": 23149.07, "direction": "buy", "amount": 0.1}, {"trade_seq": 771, "trade_id": "240571724", "timestamp": 1675228633424, "tick_direction": 1, "price": 0.0055, "mark_price": 0.00548135, "iv": 69.41, "instrument_name": "BTC-31MAR23-38000-C", "index_price": 23150.64, "direction": "buy", "amount": 0.1}, {"trade_seq": 770, "trade_id": "240571449", "timestamp": 1675227331671, "tick_direction": 1, "price": 0.0055, "mark_price": 0.00550492, "iv": 69.48, "instrument_name": "BTC-31MAR23-38000-C", "index_price": 23138.52, "direction": "buy", "amount": 0.1}, {"trade_seq": 769, "trade_id": "240571431", "timestamp": 1675227161809, "tick_direction": 0, "price": 0.0055, "mark_price": 0.00550184, "iv": 69.52, "instrument_name": "BTC-31MAR23-38000-C", "index_price": 23129.12, "direction": "buy", "amount": 0.1}, {"trade_seq": 768, "trade_id": "240554920", "timestamp": 1675201369183, "tick_direction": 1, "price": 0.005, "mark_price": 0.00482511, "iv": 69.5, "instrument_name": "BTC-31MAR23-38000-C", "index_price": 22845.01, "direction": "buy", "amount": 0.2}, {"trade_seq": 767, "trade_id": "240546720", "timestamp": 1675191820413, "tick_direction": 1, "price": 0.005, "mark_price": 0.00493303, "iv": 67.92, "instrument_name": "BTC-31MAR23-38000-C", "index_price": 23163.91, "direction": "buy", "amount": 0.2}, {"trade_seq": 766, "trade_id": "240540590", "timestamp": 1675179616917, "tick_direction": 1, "price": 0.005, "mark_price": 0.0048354, "iv": 67.83, "instrument_name": "BTC-31MAR23-38000-C", "index_price": 23162.85, "direction": "buy", "amount": 0.1}, {"trade_seq": 765, "trade_id": "240540587", "timestamp": 1675179612987, "tick_direction": 1, "price": 0.005, "mark_price": 0.00483257, "iv": 67.84, "instrument_name": "BTC-31MAR23-38000-C", "index_price": 23163.0, "direction": "buy", "amount": 0.2}, {"trade_seq": 764, "trade_id": "240540576", "timestamp": 1675179601939, "tick_direction": 1, "price": 0.005, "mark_price": 0.00483133, "iv": 67.83, "instrument_name": "BTC-31MAR23-38000-C", "index_price": 23163.64, "direction": "buy", "amount": 0.1}, {"trade_seq": 763, "trade_id": "240540461", "timestamp": 1675179498895, "tick_direction": 1, "price": 0.005, "mark_price": 0.00486774, "iv": 67.72, "instrument_name": "BTC-31MAR23-38000-C", "index_price": 23186.64, "direction": "buy", "amount": 0.1}, {"trade_seq": 762, "trade_id": "240540459", "timestamp": 1675179498865, "tick_direction": 0, "price": 0.005, "mark_price": 0.00486774, "iv": 67.72, "instrument_name": "BTC-31MAR23-38000-C", "index_price": 23186.64, "direction": "buy", "amount": 0.1}, {"trade_seq": 761, "trade_id": "240533282", "timestamp": 1675173200881, "tick_direction": 3, "price": 0.0045, "mark_price": 0.00453357, "iv": 66.91, "instrument_name": "BTC-31MAR23-38000-C", "index_price": 23095.54, "direction": "buy", "amount": 0.1}, {"trade_seq": 760, "trade_id": "240455322", "timestamp": 1675072646320, "tick_direction": 2, "price": 0.0045, "mark_price": 0.00498728, "iv": 65.7, "instrument_name": "BTC-31MAR23-38000-C", "index_price": 23203.37, "direction": "sell", "amount": 2.0}, {"trade_seq": 759, "trade_id": "240452033", "timestamp": 1675070775662, "tick_direction": 3, "price": 0.005, "mark_price": 0.0050904, "iv": 66.67, "instrument_name": "BTC-31MAR23-38000-C", "index_price": 23252.78, "direction": "sell", "amount": 1.1}, {"trade_seq": 758, "trade_id": "240358815", "timestamp": 1674953938511, "tick_direction": 3, "price": 0.005, "mark_price": 0.00479983, "iv": 66.56, "instrument_name": "BTC-31MAR23-38000-C", "index_price": 23119.58, "direction": "sell", "amount": 2.4}, {"trade_seq": 757, "trade_id": "240358814", "timestamp": 1674953937851, "tick_direction": 3, "price": 0.005, "mark_price": 0.00479826, "iv": 66.56, "instrument_name": "BTC-31MAR23-38000-C", "index_price": 23119.32, "direction": "buy", "amount": 1.5}, {"trade_seq": 756, "trade_id": "240352663", "timestamp": 1674930505549, "tick_direction": 2, "price": 0.005, "mark_price": 0.00524503, "iv": 66.91, "instrument_name": "BTC-31MAR23-38000-C", "index_price": 23009.18, "direction": "sell", "amount": 2.2}, {"trade_seq": 755, "trade_id": "240283416", "timestamp": 1674821675842, "tick_direction": 3, "price": 0.006, "mark_price": 0.00627582, "iv": 68.69, "instrument_name": "BTC-31MAR23-38000-C", "index_price": 22989.21, "direction": "sell", "amount": 0.3}, {"trade_seq": 754, "trade_id": "240267446", "timestamp": 1674806660693, "tick_direction": 2, "price": 0.006, "mark_price": 0.00637647, "iv": 68.23, "instrument_name": "BTC-31MAR23-38000-C", "index_price": 23059.29, "direction": "sell", "amount": 0.1}, {"trade_seq": 753, "trade_id": "240253154", "timestamp": 1674798726942, "tick_direction": 0, "price": 0.0065, "mark_price": 0.00654638, "iv": 69.75, "instrument_name": "BTC-31MAR23-38000-C", "index_price": 22953.64, "direction": "buy", "amount": 0.2}, {"trade_seq": 752, "trade_id": "240239048", "timestamp": 1674783406383, "tick_direction": 3, "price": 0.006, "mark_price": 0.00589565, "iv": 69.64, "instrument_name": "BTC-31MAR23-38000-C", "index_price": 22733.52, "direction": "sell", "amount": 0.1}, {"trade_seq": 751, "trade_id": "240239044", "timestamp": 1674783406377, "tick_direction": 3, "price": 0.006, "mark_price": 0.00589565, "iv": 69.64, "instrument_name": "BTC-31MAR23-38000-C", "index_price": 22733.52, "direction": "sell", "amount": 0.1}, {"trade_seq": 750, "trade_id": "240238958", "timestamp": 1674783406154, "tick_direction": 3, "price": 0.006, "mark_price": 0.00600679, "iv": 69.64, "instrument_name": "BTC-31MAR23-38000-C", "index_price": 22733.52, "direction": "sell", "amount": 0.4}, {"trade_seq": 749, "trade_id": "240238941", "timestamp": 1674783406121, "tick_direction": 3, "price": 0.006, "mark_price": 0.00600679, "iv": 69.64, "instrument_name": "BTC-31MAR23-38000-C", "index_price": 22733.52, "direction": "sell", "amount": 0.1}, {"trade_seq": 748, "trade_id": "240238935", "timestamp": 1674783406117, "tick_direction": 3, "price": 0.006, "mark_price": 0.00600679, "iv": 69.64, "instrument_name": "BTC-31MAR23-38000-C", "index_price": 22733.52, "direction": "sell", "amount": 0.2}, {"trade_seq": 747, "trade_id": "240238931", "timestamp": 1674783406049, "tick_direction": 2, "price": 0.006, "mark_price": 0.00600679, "iv": 69.64, "instrument_name": "BTC-31MAR23-38000-C", "index_price": 22733.52, "direction": "sell", "amount": 0.1}, {"trade_seq": 746, "trade_id": "240175630", "timestamp": 1674703326784, "tick_direction": 0, "price": 0.0075, "mark_price": 0.008132, "iv": 69.82, "instrument_name": "BTC-31MAR23-38000-C", "index_price": 23196.0, "direction": "sell", "amount": 1.0}, {"trade_seq": 745, "trade_id": "240091882", "timestamp": 1674638018424, "tick_direction": 2, "price": 0.007, "mark_price": 0.00702961, "iv": 71.21, "instrument_name": "BTC-31MAR23-38000-C", "index_price": 22633.2, "direction": "sell", "amount": 0.8}, {"trade_seq": 744, "trade_id": "240017523", "timestamp": 1674551999956, "tick_direction": 1, "price": 0.0085, "mark_price": 0.0081854, "iv": 72.05, "instrument_name": "BTC-31MAR23-38000-C", "index_price": 22926.02, "direction": "buy", "amount": 2.0}, {"trade_seq": 743, "trade_id": "240017522", "timestamp": 1674551999956, "tick_direction": 0, "price": 0.0085, "mark_price": 0.0081854, "iv": 72.05, "instrument_name": "BTC-31MAR23-38000-C", "index_price": 22926.02, "direction": "buy", "amount": 2.6}, {"trade_seq": 742, "trade_id": "240015621", "timestamp": 1674551075187, "tick_direction": 3, "price": 0.008, "mark_price": 0.00804447, "iv": 71.44, "instrument_name": "BTC-31MAR23-38000-C", "index_price": 22863.24, "direction": "sell", "amount": 0.1}, {"trade_seq": 741, "trade_id": "240015618", "timestamp": 1674551074738, "tick_direction": 2, "price": 0.008, "mark_price": 0.00804656, "iv": 71.38, "instrument_name": "BTC-31MAR23-38000-C", "index_price": 22875.18, "direction": "sell", "amount": 0.1}, {"trade_seq": 740, "trade_id": "239978489", "timestamp": 1674500367169, "tick_direction": 1, "price": 0.0095, "mark_price": 0.0092312, "iv": 73.4, "instrument_name": "BTC-31MAR23-38000-C", "index_price": 22934.23, "direction": "sell", "amount": 3.4}, {"trade_seq": 739, "trade_id": "239978488", "timestamp": 1674500367167, "tick_direction": 1, "price": 0.0095, "mark_price": 0.0092312, "iv": 73.4, "instrument_name": "BTC-31MAR23-38000-C", "index_price": 22934.23, "direction": "sell", "amount": 0.8}, {"trade_seq": 738, "trade_id": "239978372", "timestamp": 1674500364171, "tick_direction": 0, "price": 0.0095, "mark_price": 0.0092686, "iv": 73.33, "instrument_name": "BTC-31MAR23-38000-C", "index_price": 22946.62, "direction": "sell", "amount": 0.8}, {"trade_seq": 737, "trade_id": "239969549", "timestamp": 1674493045652, "tick_direction": 2, "price": 0.009, "mark_price": 0.00895045, "iv": 72.66, "instrument_name": "BTC-31MAR23-38000-C", "index_price": 22907.14, "direction": "sell", "amount": 0.9}, {"trade_seq": 736, "trade_id": "239966478", "timestamp": 1674490005942, "tick_direction": 0, "price": 0.0095, "mark_price": 0.00948441, "iv": 73.46, "instrument_name": "BTC-31MAR23-38000-C", "index_price": 22914.41, "direction": "buy", "amount": 3.0}, {"trade_seq": 735, "trade_id": "239937573", "timestamp": 1674474649178, "tick_direction": 3, "price": 0.0085, "mark_price": 0.00891604, "iv": 71.9, "instrument_name": "BTC-31MAR23-38000-C", "index_price": 22870.26, "direction": "sell", "amount": 6.9}, {"trade_seq": 734, "trade_id": "239937572", "timestamp": 1674474649178, "tick_direction": 3, "price": 0.0085, "mark_price": 0.00891604, "iv": 71.9, "instrument_name": "BTC-31MAR23-38000-C", "index_price": 22870.26, "direction": "sell", "amount": 7.0}, {"trade_seq": 733, "trade_id": "239937571", "timestamp": 1674474649178, "tick_direction": 3, "price": 0.0085, "mark_price": 0.00891604, "iv": 71.9, "instrument_name": "BTC-31MAR23-38000-C", "index_price": 22870.26, "direction": "sell", "amount": 9.2}, {"trade_seq": 732, "trade_id": "239937570", "timestamp": 1674474649178, "tick_direction": 2, "price": 0.0085, "mark_price": 0.00891604, "iv": 71.9, "instrument_name": "BTC-31MAR23-38000-C", "index_price": 22870.26, "direction": "sell", "amount": 1.9}, {"trade_seq": 731, "trade_id": "239930341", "timestamp": 1674462262204, "tick_direction": 0, "price": 0.009, "mark_price": 0.00898907, "iv": 73.3, "instrument_name": "BTC-31MAR23-38000-C", "index_price": 22742.07, "direction": "sell", "amount": 3.0}, {"trade_seq": 730, "trade_id": "239919465", "timestamp": 1674444595164, "tick_direction": 2, "price": 0.0086, "mark_price": 0.00897089, "iv": 72.61, "instrument_name": "BTC-31MAR23-38000-C", "index_price": 22723.21, "direction": "sell", "block_trade_id": "62144", "amount": 25.0}, {"trade_seq": 729, "trade_id": "239864007", "timestamp": 1674369426591, "tick_direction": 1, "price": 0.011, "mark_price": 0.01083609, "iv": 74.77, "instrument_name": "BTC-31MAR23-38000-C", "index_price": 22945.67, "direction": "buy", "amount": 0.1}, {"trade_seq": 728, "trade_id": "239864006", "timestamp": 1674369419686, "tick_direction": 1, "price": 0.011, "mark_price": 0.01083406, "iv": 74.77, "instrument_name": "BTC-31MAR23-38000-C", "index_price": 22944.17, "direction": "buy", "amount": 0.1}, {"trade_seq": 727, "trade_id": "239864004", "timestamp": 1674369399296, "tick_direction": 0, "price": 0.011, "mark_price": 0.01084274, "iv": 74.76, "instrument_name": "BTC-31MAR23-38000-C", "index_price": 22946.57, "direction": "buy", "amount": 0.1}, {"trade_seq": 726, "trade_id": "239860769", "timestamp": 1674359214152, "tick_direction": 2, "price": 0.0105, "mark_price": 0.01079524, "iv": 74.99, "instrument_name": "BTC-31MAR23-38000-C", "index_price": 22723.0, "direction": "sell", "amount": 1.0}, {"trade_seq": 725, "trade_id": "239828535", "timestamp": 1674318959988, "tick_direction": 1, "price": 0.011, "mark_price": 0.01075281, "iv": 73.41, "instrument_name": "BTC-31MAR23-38000-C", "index_price": 23171.12, "direction": "buy", "amount": 0.1}, {"trade_seq": 724, "trade_id": "239828534", "timestamp": 1674318959958, "tick_direction": 1, "price": 0.011, "mark_price": 0.01075281, "iv": 73.41, "instrument_name": "BTC-31MAR23-38000-C", "index_price": 23171.12, "direction": "buy", "amount": 0.1}, {"trade_seq": 723, "trade_id": "239828524", "timestamp": 1674318937808, "tick_direction": 0, "price": 0.011, "mark_price": 0.0107418, "iv": 73.42, "instrument_name": "BTC-31MAR23-38000-C", "index_price": 23167.47, "direction": "buy", "amount": 0.1}, {"trade_seq": 722, "trade_id": "239794545", "timestamp": 1674296884732, "tick_direction": 2, "price": 0.0105, "mark_price": 0.01063876, "iv": 73.72, "instrument_name": "BTC-31MAR23-38000-C", "index_price": 22923.75, "direction": "sell", "amount": 1.0}, {"trade_seq": 721, "trade_id": "239788081", "timestamp": 1674295793481, "tick_direction": 1, "price": 0.0115, "mark_price": 0.01151857, "iv": 73.8, "instrument_name": "BTC-31MAR23-38000-C", "index_price": 23204.5, "direction": "sell", "amount": 0.1}, {"trade_seq": 720, "trade_id": "239788077", "timestamp": 1674295792832, "tick_direction": 0, "price": 0.0115, "mark_price": 0.01152267, "iv": 73.79, "instrument_name": "BTC-31MAR23-38000-C", "index_price": 23206.09, "direction": "sell", "amount": 0.6}, {"trade_seq": 719, "trade_id": "239783236", "timestamp": 1674295107868, "tick_direction": 0, "price": 0.0105, "mark_price": 0.01061273, "iv": 73.17, "instrument_name": "BTC-31MAR23-38000-C", "index_price": 23021.36, "direction": "buy", "amount": 1.0}, {"trade_seq": 718, "trade_id": "239781590", "timestamp": 1674294623913, "tick_direction": 0, "price": 0.01, "mark_price": 0.01035359, "iv": 72.92, "instrument_name": "BTC-31MAR23-38000-C", "index_price": 22904.84, "direction": "sell", "amount": 0.1}, {"trade_seq": 717, "trade_id": "239761185", "timestamp": 1674275860018, "tick_direction": 0, "price": 0.0085, "mark_price": 0.00826988, "iv": 71.82, "instrument_name": "BTC-31MAR23-38000-C", "index_price": 22608.84, "direction": "buy", "amount": 0.3}, {"trade_seq": 716, "trade_id": "239760911", "timestamp": 1674275709551, "tick_direction": 0, "price": 0.008, "mark_price": 0.00753795, "iv": 70.94, "instrument_name": "BTC-31MAR23-38000-C", "index_price": 22619.07, "direction": "buy", "amount": 3.0}, {"trade_seq": 715, "trade_id": "239709760", "timestamp": 1674245357445, "tick_direction": 3, "price": 0.006, "mark_price": 0.00599142, "iv": 70.32, "instrument_name": "BTC-31MAR23-38000-C", "index_price": 21877.38, "direction": "sell", "amount": 0.1}, {"trade_seq": 714, "trade_id": "239709753", "timestamp": 1674245357002, "tick_direction": 2, "price": 0.006, "mark_price": 0.00599142, "iv": 70.3, "instrument_name": "BTC-31MAR23-38000-C", "index_price": 21881.14, "direction": "sell", "amount": 0.1}, {"trade_seq": 713, "trade_id": "239709423", "timestamp": 1674245313259, "tick_direction": 1, "price": 0.0065, "mark_price": 0.00600585, "iv": 71.36, "instrument_name": "BTC-31MAR23-38000-C", "index_price": 21887.62, "direction": "buy", "amount": 0.3}, {"trade_seq": 712, "trade_id": "239708054", "timestamp": 1674245174260, "tick_direction": 0, "price": 0.0065, "mark_price": 0.00599704, "iv": 71.38, "instrument_name": "BTC-31MAR23-38000-C", "index_price": 21874.92, "direction": "buy", "amount": 0.5}, {"trade_seq": 711, "trade_id": "239676408", "timestamp": 1674211061434, "tick_direction": 2, "price": 0.0045, "mark_price": 0.00426439, "iv": 70.76, "instrument_name": "BTC-31MAR23-38000-C", "index_price": 20952.1, "direction": "buy", "amount": 0.1}, {"trade_seq": 710, "trade_id": "239606326", "timestamp": 1674121898691, "tick_direction": 2, "price": 0.005, "mark_price": 0.00511287, "iv": 72.18, "instrument_name": "BTC-31MAR23-38000-C", "index_price": 20794.42, "direction": "sell", "amount": 1.0}, {"trade_seq": 709, "trade_id": "239587081", "timestamp": 1674081525824, "tick_direction": 0, "price": 0.0057, "mark_price": 0.00632701, "iv": 73.91, "instrument_name": "BTC-31MAR23-38000-C", "index_price": 20724.0, "direction": "sell", "block_trade_id": "61679", "amount": 25.0}, {"trade_seq": 708, "trade_id": "239584004", "timestamp": 1674076808979, "tick_direction": 2, "price": 0.0055, "mark_price": 0.00570806, "iv": 73.05, "instrument_name": "BTC-31MAR23-38000-C", "index_price": 20804.85, "direction": "sell", "amount": 3.4}, {"trade_seq": 707, "trade_id": "239555439", "timestamp": 1674061170989, "tick_direction": 0, "price": 0.006, "mark_price": 0.00604341, "iv": 73.83, "instrument_name": "BTC-31MAR23-38000-C", "index_price": 20830.92, "direction": "sell", "amount": 2.0}, {"trade_seq": 706, "trade_id": "239552938", "timestamp": 1674060812602, "tick_direction": 3, "price": 0.0055, "mark_price": 0.00548878, "iv": 74.14, "instrument_name": "BTC-31MAR23-38000-C", "index_price": 20549.09, "direction": "buy", "amount": 1.0}, {"trade_seq": 705, "trade_id": "239551094", "timestamp": 1674060312048, "tick_direction": 2, "price": 0.0055, "mark_price": 0.00552835, "iv": 74.32, "instrument_name": "BTC-31MAR23-38000-C", "index_price": 20516.86, "direction": "buy", "amount": 1.0}, {"trade_seq": 704, "trade_id": "239515058", "timestamp": 1674050120549, "tick_direction": 1, "price": 0.007, "mark_price": 0.00714041, "iv": 73.29, "instrument_name": "BTC-31MAR23-38000-C", "index_price": 21423.34, "direction": "sell", "amount": 0.3}, {"trade_seq": 703, "trade_id": "239514925", "timestamp": 1674050020645, "tick_direction": 0, "price": 0.007, "mark_price": 0.00713735, "iv": 73.27, "instrument_name": "BTC-31MAR23-38000-C", "index_price": 21422.76, "direction": "sell", "amount": 0.2}, {"trade_seq": 702, "trade_id": "239505773", "timestamp": 1674039482077, "tick_direction": 3, "price": 0.0065, "mark_price": 0.00648417, "iv": 73.3, "instrument_name": "BTC-31MAR23-38000-C", "index_price": 21191.7, "direction": "buy", "amount": 0.2}, {"trade_seq": 701, "trade_id": "239505734", "timestamp": 1674039270841, "tick_direction": 3, "price": 0.0065, "mark_price": 0.00652185, "iv": 73.26, "instrument_name": "BTC-31MAR23-38000-C", "index_price": 21197.89, "direction": "buy", "amount": 0.1}, {"trade_seq": 700, "trade_id": "239505733", "timestamp": 1674039269625, "tick_direction": 3, "price": 0.0065, "mark_price": 0.00651924, "iv": 73.26, "instrument_name": "BTC-31MAR23-38000-C", "index_price": 21196.69, "direction": "buy", "amount": 0.1}, {"trade_seq": 699, "trade_id": "239505732", "timestamp": 1674039269418, "tick_direction": 2, "price": 0.0065, "mark_price": 0.00651924, "iv": 73.26, "instrument_name": "BTC-31MAR23-38000-C", "index_price": 21196.69, "direction": "buy", "amount": 0.6}, {"trade_seq": 698, "trade_id": "239483439", "timestamp": 1673995672053, "tick_direction": 2, "price": 0.0075, "mark_price": 0.00790087, "iv": 74.72, "instrument_name": "BTC-31MAR23-38000-C", "index_price": 21250.96, "direction": "sell", "amount": 2.6}, {"trade_seq": 697, "trade_id": "239477147", "timestamp": 1673983846544, "tick_direction": 3, "price": 0.008, "mark_price": 0.00827113, "iv": 75.04, "instrument_name": "BTC-31MAR23-38000-C", "index_price": 21357.56, "direction": "sell", "amount": 0.2}, {"trade_seq": 696, "trade_id": "239477034", "timestamp": 1673983690790, "tick_direction": 2, "price": 0.008, "mark_price": 0.00821816, "iv": 75.13, "instrument_name": "BTC-31MAR23-38000-C", "index_price": 21345.65, "direction": "sell", "amount": 0.3}, {"trade_seq": 695, "trade_id": "239421506", "timestamp": 1673933759140, "tick_direction": 2, "price": 0.0085, "mark_price": 0.00823466, "iv": 76.56, "instrument_name": "BTC-31MAR23-38000-C", "index_price": 21151.25, "direction": "buy", "amount": 3.0}, {"trade_seq": 694, "trade_id": "239394334", "timestamp": 1673903848028, "tick_direction": 1, "price": 0.0095, "mark_price": 0.00966452, "iv": 77.66, "instrument_name": "BTC-31MAR23-38000-C", "index_price": 21230.16, "direction": "sell", "amount": 0.1}, {"trade_seq": 693, "trade_id": "239394306", "timestamp": 1673903787664, "tick_direction": 1, "price": 0.0095, "mark_price": 0.00968335, "iv": 77.62, "instrument_name": "BTC-31MAR23-38000-C", "index_price": 21240.01, "direction": "sell", "amount": 5.0}, {"trade_seq": 692, "trade_id": "239394292", "timestamp": 1673903749695, "tick_direction": 1, "price": 0.0095, "mark_price": 0.00968534, "iv": 77.61, "instrument_name": "BTC-31MAR23-38000-C", "index_price": 21244.14, "direction": "sell", "amount": 5.0}, {"trade_seq": 691, "trade_id": "239394190", "timestamp": 1673903611215, "tick_direction": 1, "price": 0.0095, "mark_price": 0.00965129, "iv": 77.63, "instrument_name": "BTC-31MAR23-38000-C", "index_price": 21238.25, "direction": "sell", "amount": 5.0}, {"trade_seq": 690, "trade_id": "239394168", "timestamp": 1673903602256, "tick_direction": 1, "price": 0.0095, "mark_price": 0.00963194, "iv": 77.66, "instrument_name": "BTC-31MAR23-38000-C", "index_price": 21230.96, "direction": "sell", "amount": 0.1}, {"trade_seq": 689, "trade_id": "239394154", "timestamp": 1673903599077, "tick_direction": 1, "price": 0.0095, "mark_price": 0.00963787, "iv": 77.64, "instrument_name": "BTC-31MAR23-38000-C", "index_price": 21233.79, "direction": "sell", "amount": 0.1}, {"trade_seq": 688, "trade_id": "239394121", "timestamp": 1673903588660, "tick_direction": 1, "price": 0.0095, "mark_price": 0.00964143, "iv": 77.62, "instrument_name": "BTC-31MAR23-38000-C", "index_price": 21237.29, "direction": "sell", "amount": 0.1}, {"trade_seq": 687, "trade_id": "239394062", "timestamp": 1673903575811, "tick_direction": 1, "price": 0.0095, "mark_price": 0.00964942, "iv": 77.62, "instrument_name": "BTC-31MAR23-38000-C", "index_price": 21238.7, "direction": "sell", "amount": 0.1}, {"trade_seq": 686, "trade_id": "239393859", "timestamp": 1673903148648, "tick_direction": 1, "price": 0.0095, "mark_price": 0.00957828, "iv": 77.58, "instrument_name": "BTC-31MAR23-38000-C", "index_price": 21250.22, "direction": "sell", "amount": 0.1}, {"trade_seq": 685, "trade_id": "239393854", "timestamp": 1673903148534, "tick_direction": 1, "price": 0.0095, "mark_price": 0.00957828, "iv": 77.57, "instrument_name": "BTC-31MAR23-38000-C", "index_price": 21251.99, "direction": "sell", "amount": 0.1}, {"trade_seq": 684, "trade_id": "239393404", "timestamp": 1673902924959, "tick_direction": 1, "price": 0.0095, "mark_price": 0.00940856, "iv": 77.63, "instrument_name": "BTC-31MAR23-38000-C", "index_price": 21238.46, "direction": "sell", "amount": 0.1}, {"trade_seq": 683, "trade_id": "239393029", "timestamp": 1673902745893, "tick_direction": 1, "price": 0.0095, "mark_price": 0.00947221, "iv": 77.36, "instrument_name": "BTC-31MAR23-38000-C", "index_price": 21296.38, "direction": "sell", "amount": 0.2}, {"trade_seq": 682, "trade_id": "239393026", "timestamp": 1673902740715, "tick_direction": 1, "price": 0.0095, "mark_price": 0.00947096, "iv": 77.36, "instrument_name": "BTC-31MAR23-38000-C", "index_price": 21296.48, "direction": "sell", "amount": 0.1}, {"trade_seq": 681, "trade_id": "239392647", "timestamp": 1673902409133, "tick_direction": 1, "price": 0.0095, "mark_price": 0.00932994, "iv": 77.21, "instrument_name": "BTC-31MAR23-38000-C", "index_price": 21328.37, "direction": "sell", "amount": 0.6}, {"trade_seq": 680, "trade_id": "239392578", "timestamp": 1673902378607, "tick_direction": 0, "price": 0.0095, "mark_price": 0.00925902, "iv": 77.29, "instrument_name": "BTC-31MAR23-38000-C", "index_price": 21311.03, "direction": "sell", "amount": 0.5}, {"trade_seq": 679, "trade_id": "239390836", "timestamp": 1673901476499, "tick_direction": 0, "price": 0.009, "mark_price": 0.00902672, "iv": 76.57, "instrument_name": "BTC-31MAR23-38000-C", "index_price": 21291.49, "direction": "sell", "amount": 2.1}, {"trade_seq": 678, "trade_id": "239368435", "timestamp": 1673884809006, "tick_direction": 0, "price": 0.0085, "mark_price": 0.00821445, "iv": 77.05, "instrument_name": "BTC-31MAR23-38000-C", "index_price": 21000.23, "direction": "buy", "amount": 0.1}, {"trade_seq": 677, "trade_id": "239362688", "timestamp": 1673882680394, "tick_direction": 0, "price": 0.0075, "mark_price": 0.007665, "iv": 75.47, "instrument_name": "BTC-31MAR23-38000-C", "index_price": 20939.36, "direction": "buy", "amount": 0.1}, {"trade_seq": 676, "trade_id": "239361733", "timestamp": 1673882574544, "tick_direction": 2, "price": 0.007, "mark_price": 0.00727653, "iv": 75.24, "instrument_name": "BTC-31MAR23-38000-C", "index_price": 20787.75, "direction": "sell", "amount": 0.1}, {"trade_seq": 675, "trade_id": "239348851", "timestamp": 1673869700223, "tick_direction": 3, "price": 0.009, "mark_price": 0.00953458, "iv": 78.67, "instrument_name": "BTC-31MAR23-38000-C", "index_price": 20834.96, "direction": "sell", "amount": 2.4}, {"trade_seq": 674, "trade_id": "239348850", "timestamp": 1673869698288, "tick_direction": 2, "price": 0.009, "mark_price": 0.00953418, "iv": 78.68, "instrument_name": "BTC-31MAR23-38000-C", "index_price": 20834.78, "direction": "sell", "amount": 2.9}, {"trade_seq": 673, "trade_id": "239348687", "timestamp": 1673869320698, "tick_direction": 3, "price": 0.0095, "mark_price": 0.00969627, "iv": 79.4, "instrument_name": "BTC-31MAR23-38000-C", "index_price": 20853.93, "direction": "sell", "amount": 4.7}, {"trade_seq": 672, "trade_id": "239347982", "timestamp": 1673868541540, "tick_direction": 2, "price": 0.0095, "mark_price": 0.00975654, "iv": 79.7, "instrument_name": "BTC-31MAR23-38000-C", "index_price": 20796.6, "direction": "sell", "amount": 1.0}, {"trade_seq": 671, "trade_id": "239339316", "timestamp": 1673857614622, "tick_direction": 3, "price": 0.0105, "mark_price": 0.01099633, "iv": 81.14, "instrument_name": "BTC-31MAR23-38000-C", "index_price": 20817.4, "direction": "sell", "amount": 0.9}, {"trade_seq": 670, "trade_id": "239339315", "timestamp": 1673857614622, "tick_direction": 3, "price": 0.0105, "mark_price": 0.01099633, "iv": 81.14, "instrument_name": "BTC-31MAR23-38000-C", "index_price": 20817.4, "direction": "sell", "amount": 2.2}, {"trade_seq": 669, "trade_id": "239339268", "timestamp": 1673857592878, "tick_direction": 2, "price": 0.0105, "mark_price": 0.01098433, "iv": 81.15, "instrument_name": "BTC-31MAR23-38000-C", "index_price": 20814.75, "direction": "sell", "amount": 1.1}, {"trade_seq": 668, "trade_id": "239326383", "timestamp": 1673851991149, "tick_direction": 1, "price": 0.012, "mark_price": 0.01186036, "iv": 81.74, "instrument_name": "BTC-31MAR23-38000-C", "index_price": 21137.45, "direction": "buy", "amount": 0.1}, {"trade_seq": 667, "trade_id": "239315275", "timestamp": 1673838122218, "tick_direction": 0, "price": 0.012, "mark_price": 0.01196205, "iv": 81.14, "instrument_name": "BTC-31MAR23-38000-C", "index_price": 21224.68, "direction": "buy", "amount": 0.1}, {"trade_seq": 666, "trade_id": "239302520", "timestamp": 1673831255257, "tick_direction": 1, "price": 0.0115, "mark_price": 0.01163572, "iv": 80.79, "instrument_name": "BTC-31MAR23-38000-C", "index_price": 21141.68, "direction": "buy", "amount": 3.0}, {"trade_seq": 665, "trade_id": "239241426", "timestamp": 1673748997174, "tick_direction": 0, "price": 0.0115, "mark_price": 0.01196544, "iv": 82.29, "instrument_name": "BTC-31MAR23-38000-C", "index_price": 20740.93, "direction": "sell", "amount": 2.0}, {"trade_seq": 664, "trade_id": "239227963", "timestamp": 1673736498268, "tick_direction": 0, "price": 0.009, "mark_price": 0.00953955, "iv": 77.06, "instrument_name": "BTC-31MAR23-38000-C", "index_price": 20996.28, "direction": "buy", "amount": 0.1}, {"trade_seq": 663, "trade_id": "239187712", "timestamp": 1673706025201, "tick_direction": 1, "price": 0.006, "mark_price": 0.00543653, "iv": 71.76, "instrument_name": "BTC-31MAR23-38000-C", "index_price": 20888.61, "direction": "buy", "amount": 0.4}, {"trade_seq": 662, "trade_id": "239187711", "timestamp": 1673706025201, "tick_direction": 1, "price": 0.006, "mark_price": 0.00543653, "iv": 71.76, "instrument_name": "BTC-31MAR23-38000-C", "index_price": 20888.61, "direction": "buy", "amount": 0.1}, {"trade_seq": 661, "trade_id": "239150757", "timestamp": 1673686004020, "tick_direction": 1, "price": 0.0055, "mark_price": 0.00503368, "iv": 69.94, "instrument_name": "BTC-31MAR23-38000-C", "index_price": 21008.23, "direction": "buy", "amount": 1.9}, {"trade_seq": 660, "trade_id": "239150756", "timestamp": 1673686004020, "tick_direction": 1, "price": 0.0055, "mark_price": 0.00503368, "iv": 69.94, "instrument_name": "BTC-31MAR23-38000-C", "index_price": 21008.23, "direction": "buy", "amount": 1.0}, {"trade_seq": 659, "trade_id": "239143072", "timestamp": 1673678460991, "tick_direction": 0, "price": 0.0055, "mark_price": 0.00538415, "iv": 70.34, "instrument_name": "BTC-31MAR23-38000-C", "index_price": 20916.27, "direction": "buy", "amount": 0.8}, {"trade_seq": 658, "trade_id": "239122020", "timestamp": 1673661558272, "tick_direction": 3, "price": 0.0045, "mark_price": 0.00438965, "iv": 67.94, "instrument_name": "BTC-31MAR23-38000-C", "index_price": 20941.27, "direction": "buy", "amount": 1.1}, {"trade_seq": 657, "trade_id": "239121980", "timestamp": 1673661532777, "tick_direction": 2, "price": 0.0045, "mark_price": 0.00441073, "iv": 67.93, "instrument_name": "BTC-31MAR23-38000-C", "index_price": 20942.71, "direction": "buy", "amount": 1.9}, {"trade_seq": 656, "trade_id": "239093323", "timestamp": 1673656837320, "tick_direction": 0, "price": 0.0055, "mark_price": 0.00599048, "iv": 68.02, "instrument_name": "BTC-31MAR23-38000-C", "index_price": 21279.47, "direction": "buy", "amount": 0.9}, {"trade_seq": 655, "trade_id": "238979300", "timestamp": 1673601818589, "tick_direction": 1, "price": 0.0025, "mark_price": 0.00224484, "iv": 70.34, "instrument_name": "BTC-31MAR23-38000-C", "index_price": 18873.41, "direction": "buy", "amount": 2.1}, {"trade_seq": 654, "trade_id": "238979299", "timestamp": 1673601818589, "tick_direction": 1, "price": 0.0025, "mark_price": 0.00224484, "iv": 70.34, "instrument_name": "BTC-31MAR23-38000-C", "index_price": 18873.41, "direction": "buy", "amount": 6.0}, {"trade_seq": 653, "trade_id": "238979298", "timestamp": 1673601818589, "tick_direction": 1, "price": 0.0025, "mark_price": 0.00224484, "iv": 70.34, "instrument_name": "BTC-31MAR23-38000-C", "index_price": 18873.41, "direction": "buy", "amount": 1.8}, {"trade_seq": 652, "trade_id": "238979297", "timestamp": 1673601818589, "tick_direction": 1, "price": 0.0025, "mark_price": 0.00224484, "iv": 70.34, "instrument_name": "BTC-31MAR23-38000-C", "index_price": 18873.41, "direction": "buy", "amount": 10.1}, {"trade_seq": 651, "trade_id": "238863085", "timestamp": 1673530485093, "tick_direction": 0, "price": 0.0025, "mark_price": 0.00196655, "iv": 73.29, "instrument_name": "BTC-31MAR23-38000-C", "index_price": 18125.5, "direction": "sell", "amount": 0.1}, {"trade_seq": 650, "trade_id": "238722996", "timestamp": 1673356049972, "tick_direction": 2, "price": 0.0015, "mark_price": 0.00174378, "iv": 71.54, "instrument_name": "BTC-31MAR23-38000-C", "index_price": 17237.92, "direction": "sell", "amount": 3.0}, {"trade_seq": 649, "trade_id": "238641243", "timestamp": 1673047008354, "tick_direction": 3, "price": 0.0025, "mark_price": 0.00225049, "iv": 75.99, "instrument_name": "BTC-31MAR23-38000-C", "index_price": 16972.51, "direction": "buy", "amount": 0.8}, {"trade_seq": 648, "trade_id": "238641242", "timestamp": 1673046997465, "tick_direction": 3, "price": 0.0025, "mark_price": 0.00225057, "iv": 75.99, "instrument_name": "BTC-31MAR23-38000-C", "index_price": 16972.54, "direction": "sell", "amount": 5.2}, {"trade_seq": 647, "trade_id": "238641241", "timestamp": 1673046997455, "tick_direction": 3, "price": 0.0025, "mark_price": 0.00225057, "iv": 75.99, "instrument_name": "BTC-31MAR23-38000-C", "index_price": 16972.54, "direction": "sell", "amount": 8.8}, {"trade_seq": 646, "trade_id": "238641240", "timestamp": 1673046997452, "tick_direction": 3, "price": 0.0025, "mark_price": 0.00225057, "iv": 75.99, "instrument_name": "BTC-31MAR23-38000-C", "index_price": 16972.54, "direction": "buy", "amount": 4.4}