{"trades": [{"trade_seq": 109, "trade_id": "196385128", "timestamp": 1640374877801, "tick_direction": 0, "price": 0.34, "mark_price": 0.34088278, "iv": 0.0, "instrument_name": "BTC-31DEC21-34000-C", "index_price": 51413.36, "direction": "sell", "amount": 2.3}, {"trade_seq": 108, "trade_id": "196364559", "timestamp": 1640364130545, "tick_direction": 1, "price": 0.3355, "mark_price": 0.33584835, "iv": 111.19, "instrument_name": "BTC-31DEC21-34000-C", "index_price": 51079.92, "direction": "sell", "amount": 0.5}, {"trade_seq": 107, "trade_id": "196364525", "timestamp": 1640364130456, "tick_direction": 1, "price": 0.3355, "mark_price": 0.33584835, "iv": 111.19, "instrument_name": "BTC-31DEC21-34000-C", "index_price": 51079.92, "direction": "sell", "amount": 0.2}, {"trade_seq": 106, "trade_id": "196364495", "timestamp": 1640364130362, "tick_direction": 0, "price": 0.3355, "mark_price": 0.33584835, "iv": 105.09, "instrument_name": "BTC-31DEC21-34000-C", "index_price": 51079.92, "direction": "sell", "amount": 2.0}, {"trade_seq": 105, "trade_id": "196358125", "timestamp": 1640359526066, "tick_direction": 1, "price": 0.331, "mark_price": 0.33148459, "iv": 88.2, "instrument_name": "BTC-31DEC21-34000-C", "index_price": 50750.15, "direction": "sell", "amount": 0.1}, {"trade_seq": 104, "trade_id": "196358124", "timestamp": 1640359526039, "tick_direction": 0, "price": 0.331, "mark_price": 0.33148459, "iv": 88.2, "instrument_name": "BTC-31DEC21-34000-C", "index_price": 50750.15, "direction": "sell", "amount": 1.0}, {"trade_seq": 103, "trade_id": "196355096", "timestamp": 1640358119493, "tick_direction": 3, "price": 0.3295, "mark_price": 0.3303037, "iv": 123.46, "instrument_name": "BTC-31DEC21-34000-C", "index_price": 50617.69, "direction": "sell", "amount": 0.1}, {"trade_seq": 102, "trade_id": "196355090", "timestamp": 1640358119432, "tick_direction": 2, "price": 0.3295, "mark_price": 0.3303037, "iv": 123.46, "instrument_name": "BTC-31DEC21-34000-C", "index_price": 50617.69, "direction": "sell", "amount": 1.4}, {"trade_seq": 101, "trade_id": "196348733", "timestamp": 1640355318794, "tick_direction": 1, "price": 0.3375, "mark_price": 0.33785993, "iv": 108.35, "instrument_name": "BTC-31DEC21-34000-C", "index_price": 51231.63, "direction": "sell", "amount": 0.1}, {"trade_seq": 100, "trade_id": "196348732", "timestamp": 1640355318768, "tick_direction": 1, "price": 0.3375, "mark_price": 0.33785993, "iv": 108.35, "instrument_name": "BTC-31DEC21-34000-C", "index_price": 51231.63, "direction": "sell", "amount": 0.1}, {"trade_seq": 99, "trade_id": "196348731", "timestamp": 1640355318741, "tick_direction": 0, "price": 0.3375, "mark_price": 0.33785993, "iv": 108.35, "instrument_name": "BTC-31DEC21-34000-C", "index_price": 51231.63, "direction": "sell", "amount": 1.2}, {"trade_seq": 98, "trade_id": "196165305", "timestamp": 1640218667004, "tick_direction": 1, "price": 0.298, "mark_price": 0.29894003, "iv": 93.29, "instrument_name": "BTC-31DEC21-34000-C", "index_price": 48302.36, "direction": "sell", "amount": 0.1}, {"trade_seq": 97, "trade_id": "196165294", "timestamp": 1640218666913, "tick_direction": 1, "price": 0.298, "mark_price": 0.29894003, "iv": 93.29, "instrument_name": "BTC-31DEC21-34000-C", "index_price": 48302.36, "direction": "sell", "amount": 0.1}, {"trade_seq": 96, "trade_id": "196165291", "timestamp": 1640218666865, "tick_direction": 0, "price": 0.298, "mark_price": 0.29923588, "iv": 93.29, "instrument_name": "BTC-31DEC21-34000-C", "index_price": 48302.36, "direction": "sell", "amount": 0.8}, {"trade_seq": 95, "trade_id": "195968106", "timestamp": 1640057664398, "tick_direction": 3, "price": 0.289, "mark_price": 0.28879222, "iv": 111.23, "instrument_name": "BTC-31DEC21-34000-C", "index_price": 47543.09, "direction": "buy", "amount": 0.3}, {"trade_seq": 94, "trade_id": "195968091", "timestamp": 1640057664366, "tick_direction": 3, "price": 0.289, "mark_price": 0.28879222, "iv": 111.23, "instrument_name": "BTC-31DEC21-34000-C", "index_price": 47543.09, "direction": "buy", "amount": 0.1}, {"trade_seq": 93, "trade_id": "195968084", "timestamp": 1640057664300, "tick_direction": 2, "price": 0.289, "mark_price": 0.28879222, "iv": 111.23, "instrument_name": "BTC-31DEC21-34000-C", "index_price": 47543.09, "direction": "buy", "amount": 5.0}, {"trade_seq": 92, "trade_id": "194476068", "timestamp": 1639143337186, "tick_direction": 0, "price": 0.326, "mark_price": 0.32465045, "iv": 108.25, "instrument_name": "BTC-31DEC21-34000-C", "index_price": 49742.19, "direction": "buy", "amount": 5.3}, {"trade_seq": 91, "trade_id": "193187796", "timestamp": 1638595674524, "tick_direction": 2, "price": 0.2105, "mark_price": 0.20747428, "iv": 103.5, "instrument_name": "BTC-31DEC21-34000-C", "index_price": 42513.5, "direction": "sell", "amount": 0.1}, {"trade_seq": 90, "trade_id": "193187564", "timestamp": 1638595667329, "tick_direction": 2, "price": 0.2205, "mark_price": 0.21107448, "iv": 104.75, "instrument_name": "BTC-31DEC21-34000-C", "index_price": 42998.23, "direction": "sell", "amount": 0.1}, {"trade_seq": 89, "trade_id": "193187084", "timestamp": 1638595660078, "tick_direction": 2, "price": 0.2305, "mark_price": 0.21930035, "iv": 113.34, "instrument_name": "BTC-31DEC21-34000-C", "index_price": 43172.16, "direction": "sell", "amount": 0.1}, {"trade_seq": 88, "trade_id": "176733701", "timestamp": 1630058283034, "tick_direction": 2, "price": 0.3685, "mark_price": 0.37109233, "iv": 91.81, "instrument_name": "BTC-31DEC21-34000-C", "index_price": 47208.53, "direction": "buy", "amount": 2.0}, {"trade_seq": 87, "trade_id": "174167896", "timestamp": 1628613683898, "tick_direction": 0, "price": 0.3722, "mark_price": 0.37376076, "iv": 100.9, "instrument_name": "BTC-31DEC21-34000-C", "index_price": 44871.97, "direction": "sell", "block_trade_id": "18732", "amount": 25.0}, {"trade_seq": 86, "trade_id": "170407634", "timestamp": 1627156027240, "tick_direction": 1, "price": 0.2245, "mark_price": 0.22333396, "iv": 80.71, "instrument_name": "BTC-31DEC21-34000-C", "index_price": 33918.38, "direction": "sell", "amount": 17.7}, {"trade_seq": 85, "trade_id": "170407621", "timestamp": 1627156024165, "tick_direction": 1, "price": 0.2245, "mark_price": 0.22338213, "iv": 80.75, "instrument_name": "BTC-31DEC21-34000-C", "index_price": 33910.67, "direction": "sell", "amount": 10.0}, {"trade_seq": 84, "trade_id": "170407551", "timestamp": 1627156013448, "tick_direction": 1, "price": 0.2245, "mark_price": 0.2236818, "iv": 80.58, "instrument_name": "BTC-31DEC21-34000-C", "index_price": 33925.77, "direction": "sell", "amount": 0.1}, {"trade_seq": 83, "trade_id": "170407550", "timestamp": 1627156013366, "tick_direction": 1, "price": 0.2245, "mark_price": 0.2236818, "iv": 80.58, "instrument_name": "BTC-31DEC21-34000-C", "index_price": 33925.77, "direction": "sell", "amount": 0.1}, {"trade_seq": 82, "trade_id": "170407549", "timestamp": 1627156013312, "tick_direction": 1, "price": 0.2245, "mark_price": 0.22389284, "iv": 80.58, "instrument_name": "BTC-31DEC21-34000-C", "index_price": 33925.77, "direction": "sell", "amount": 0.1}, {"trade_seq": 81, "trade_id": "170407538", "timestamp": 1627156012887, "tick_direction": 1, "price": 0.2245, "mark_price": 0.22389284, "iv": 80.58, "instrument_name": "BTC-31DEC21-34000-C", "index_price": 33925.77, "direction": "sell", "amount": 0.1}, {"trade_seq": 80, "trade_id": "170407520", "timestamp": 1627156012709, "tick_direction": 1, "price": 0.2245, "mark_price": 0.22389284, "iv": 80.58, "instrument_name": "BTC-31DEC21-34000-C", "index_price": 33925.77, "direction": "sell", "amount": 0.1}, {"trade_seq": 79, "trade_id": "170407517", "timestamp": 1627156012661, "tick_direction": 1, "price": 0.2245, "mark_price": 0.22389284, "iv": 80.58, "instrument_name": "BTC-31DEC21-34000-C", "index_price": 33939.81, "direction": "sell", "amount": 0.1}, {"trade_seq": 78, "trade_id": "170407497", "timestamp": 1627156012134, "tick_direction": 1, "price": 0.2245, "mark_price": 0.22390809, "iv": 80.5, "instrument_name": "BTC-31DEC21-34000-C", "index_price": 33939.81, "direction": "sell", "amount": 3.6}, {"trade_seq": 77, "trade_id": "170407393", "timestamp": 1627156011018, "tick_direction": 1, "price": 0.2245, "mark_price": 0.22390906, "iv": 80.49, "instrument_name": "BTC-31DEC21-34000-C", "index_price": 33957.02, "direction": "sell", "amount": 0.1}, {"trade_seq": 76, "trade_id": "170407392", "timestamp": 1627156010908, "tick_direction": 1, "price": 0.2245, "mark_price": 0.22390906, "iv": 80.49, "instrument_name": "BTC-31DEC21-34000-C", "index_price": 33957.02, "direction": "sell", "amount": 0.1}, {"trade_seq": 75, "trade_id": "170407374", "timestamp": 1627156008115, "tick_direction": 1, "price": 0.2245, "mark_price": 0.22391532, "iv": 80.49, "instrument_name": "BTC-31DEC21-34000-C", "index_price": 33957.84, "direction": "sell", "amount": 0.1}, {"trade_seq": 74, "trade_id": "170407334", "timestamp": 1627156004735, "tick_direction": 1, "price": 0.2245, "mark_price": 0.22411608, "iv": 80.44, "instrument_name": "BTC-31DEC21-34000-C", "index_price": 33964.4, "direction": "sell", "amount": 0.1}, {"trade_seq": 73, "trade_id": "170407321", "timestamp": 1627156003587, "tick_direction": 1, "price": 0.2245, "mark_price": 0.22412104, "iv": 80.4, "instrument_name": "BTC-31DEC21-34000-C", "index_price": 33972.49, "direction": "sell", "amount": 0.1}, {"trade_seq": 72, "trade_id": "170407307", "timestamp": 1627155998855, "tick_direction": 1, "price": 0.2245, "mark_price": 0.22413953, "iv": 80.39, "instrument_name": "BTC-31DEC21-34000-C", "index_price": 33971.43, "direction": "sell", "amount": 0.1}, {"trade_seq": 71, "trade_id": "170407048", "timestamp": 1627155920100, "tick_direction": 1, "price": 0.2245, "mark_price": 0.22406883, "iv": 80.39, "instrument_name": "BTC-31DEC21-34000-C", "index_price": 33975.44, "direction": "sell", "amount": 0.1}, {"trade_seq": 70, "trade_id": "170407044", "timestamp": 1627155919362, "tick_direction": 1, "price": 0.2245, "mark_price": 0.22406883, "iv": 80.38, "instrument_name": "BTC-31DEC21-34000-C", "index_price": 33985.81, "direction": "sell", "amount": 0.1}, {"trade_seq": 69, "trade_id": "170407041", "timestamp": 1627155919318, "tick_direction": 1, "price": 0.2245, "mark_price": 0.22406883, "iv": 80.36, "instrument_name": "BTC-31DEC21-34000-C", "index_price": 33985.81, "direction": "sell", "amount": 0.1}, {"trade_seq": 68, "trade_id": "170407032", "timestamp": 1627155918843, "tick_direction": 1, "price": 0.2245, "mark_price": 0.22413067, "iv": 80.34, "instrument_name": "BTC-31DEC21-34000-C", "index_price": 33990.45, "direction": "sell", "amount": 0.1}, {"trade_seq": 67, "trade_id": "170406991", "timestamp": 1627155917659, "tick_direction": 0, "price": 0.2245, "mark_price": 0.22413759, "iv": 80.33, "instrument_name": "BTC-31DEC21-34000-C", "index_price": 33995.29, "direction": "sell", "amount": 0.1}, {"trade_seq": 66, "trade_id": "170343471", "timestamp": 1627125751896, "tick_direction": 3, "price": 0.22, "mark_price": 0.21952651, "iv": 79.77, "instrument_name": "BTC-31DEC21-34000-C", "index_price": 33819.22, "direction": "sell", "amount": 0.1}, {"trade_seq": 65, "trade_id": "170343470", "timestamp": 1627125751081, "tick_direction": 2, "price": 0.22, "mark_price": 0.21952651, "iv": 79.77, "instrument_name": "BTC-31DEC21-34000-C", "index_price": 33819.58, "direction": "sell", "amount": 0.2}, {"trade_seq": 64, "trade_id": "170339045", "timestamp": 1627124398125, "tick_direction": 0, "price": 0.222, "mark_price": 0.22075029, "iv": 80.14, "instrument_name": "BTC-31DEC21-34000-C", "index_price": 33905.31, "direction": "sell", "amount": 2.0}, {"trade_seq": 63, "trade_id": "170327907", "timestamp": 1627120584631, "tick_direction": 3, "price": 0.219, "mark_price": 0.21823516, "iv": 79.28, "instrument_name": "BTC-31DEC21-34000-C", "index_price": 33846.76, "direction": "buy", "amount": 0.1}, {"trade_seq": 62, "trade_id": "170327903", "timestamp": 1627120584428, "tick_direction": 3, "price": 0.219, "mark_price": 0.21823516, "iv": 79.28, "instrument_name": "BTC-31DEC21-34000-C", "index_price": 33846.76, "direction": "buy", "amount": 0.1}, {"trade_seq": 61, "trade_id": "170327727", "timestamp": 1627120537180, "tick_direction": 3, "price": 0.219, "mark_price": 0.21847742, "iv": 79.26, "instrument_name": "BTC-31DEC21-34000-C", "index_price": 33847.99, "direction": "buy", "amount": 0.1}, {"trade_seq": 60, "trade_id": "170327680", "timestamp": 1627120531760, "tick_direction": 3, "price": 0.219, "mark_price": 0.21872893, "iv": 79.17, "instrument_name": "BTC-31DEC21-34000-C", "index_price": 33859.61, "direction": "buy", "amount": 0.1}, {"trade_seq": 59, "trade_id": "170327666", "timestamp": 1627120531542, "tick_direction": 3, "price": 0.219, "mark_price": 0.21872893, "iv": 79.17, "instrument_name": "BTC-31DEC21-34000-C", "index_price": 33859.61, "direction": "buy", "amount": 0.2}, {"trade_seq": 58, "trade_id": "170327648", "timestamp": 1627120529771, "tick_direction": 2, "price": 0.219, "mark_price": 0.21875777, "iv": 79.13, "instrument_name": "BTC-31DEC21-34000-C", "index_price": 33865.06, "direction": "buy", "amount": 0.6}, {"trade_seq": 57, "trade_id": "170327603", "timestamp": 1627120509441, "tick_direction": 1, "price": 0.2195, "mark_price": 0.21883079, "iv": 79.3, "instrument_name": "BTC-31DEC21-34000-C", "index_price": 33872.44, "direction": "buy", "amount": 0.1}, {"trade_seq": 56, "trade_id": "170327516", "timestamp": 1627120457580, "tick_direction": 0, "price": 0.2195, "mark_price": 0.21873364, "iv": 79.35, "instrument_name": "BTC-31DEC21-34000-C", "index_price": 33877.89, "direction": "buy", "amount": 0.2}, {"trade_seq": 55, "trade_id": "170326709", "timestamp": 1627120266116, "tick_direction": 1, "price": 0.219, "mark_price": 0.21837086, "iv": 79.3, "instrument_name": "BTC-31DEC21-34000-C", "index_price": 33833.93, "direction": "buy", "amount": 0.1}, {"trade_seq": 54, "trade_id": "170326563", "timestamp": 1627120199865, "tick_direction": 1, "price": 0.219, "mark_price": 0.21820083, "iv": 79.36, "instrument_name": "BTC-31DEC21-34000-C", "index_price": 33828.86, "direction": "buy", "amount": 0.1}, {"trade_seq": 53, "trade_id": "170326325", "timestamp": 1627120087245, "tick_direction": 1, "price": 0.219, "mark_price": 0.2184397, "iv": 79.27, "instrument_name": "BTC-31DEC21-34000-C", "index_price": 33833.91, "direction": "buy", "amount": 0.1}, {"trade_seq": 52, "trade_id": "170325572", "timestamp": 1627119871750, "tick_direction": 1, "price": 0.219, "mark_price": 0.21815524, "iv": 79.37, "instrument_name": "BTC-31DEC21-34000-C", "index_price": 33817.08, "direction": "buy", "amount": 0.1}, {"trade_seq": 51, "trade_id": "170325565", "timestamp": 1627119871520, "tick_direction": 1, "price": 0.219, "mark_price": 0.21815524, "iv": 79.37, "instrument_name": "BTC-31DEC21-34000-C", "index_price": 33817.08, "direction": "buy", "amount": 0.1}, {"trade_seq": 50, "trade_id": "170325554", "timestamp": 1627119866688, "tick_direction": 1, "price": 0.219, "mark_price": 0.21821795, "iv": 79.37, "instrument_name": "BTC-31DEC21-34000-C", "index_price": 33813.03, "direction": "buy", "amount": 0.1}, {"trade_seq": 49, "trade_id": "170325547", "timestamp": 1627119866589, "tick_direction": 1, "price": 0.219, "mark_price": 0.21821795, "iv": 79.37, "instrument_name": "BTC-31DEC21-34000-C", "index_price": 33813.03, "direction": "buy", "amount": 0.1}, {"trade_seq": 48, "trade_id": "170325529", "timestamp": 1627119866425, "tick_direction": 1, "price": 0.219, "mark_price": 0.21821795, "iv": 79.37, "instrument_name": "BTC-31DEC21-34000-C", "index_price": 33813.03, "direction": "buy", "amount": 0.1}, {"trade_seq": 47, "trade_id": "170325503", "timestamp": 1627119863479, "tick_direction": 1, "price": 0.219, "mark_price": 0.21823098, "iv": 79.35, "instrument_name": "BTC-31DEC21-34000-C", "index_price": 33817.91, "direction": "buy", "amount": 0.4}, {"trade_seq": 46, "trade_id": "170325477", "timestamp": 1627119856149, "tick_direction": 1, "price": 0.219, "mark_price": 0.21819332, "iv": 79.36, "instrument_name": "BTC-31DEC21-34000-C", "index_price": 33815.71, "direction": "buy", "amount": 0.3}, {"trade_seq": 45, "trade_id": "170325474", "timestamp": 1627119854466, "tick_direction": 1, "price": 0.219, "mark_price": 0.21816683, "iv": 79.37, "instrument_name": "BTC-31DEC21-34000-C", "index_price": 33814.72, "direction": "buy", "amount": 0.1}, {"trade_seq": 44, "trade_id": "170325473", "timestamp": 1627119854461, "tick_direction": 1, "price": 0.219, "mark_price": 0.21816683, "iv": 79.37, "instrument_name": "BTC-31DEC21-34000-C", "index_price": 33814.72, "direction": "buy", "amount": 0.2}, {"trade_seq": 43, "trade_id": "170325472", "timestamp": 1627119854379, "tick_direction": 1, "price": 0.219, "mark_price": 0.21816683, "iv": 79.37, "instrument_name": "BTC-31DEC21-34000-C", "index_price": 33814.72, "direction": "buy", "amount": 0.3}, {"trade_seq": 42, "trade_id": "170325461", "timestamp": 1627119853407, "tick_direction": 1, "price": 0.219, "mark_price": 0.21817928, "iv": 79.37, "instrument_name": "BTC-31DEC21-34000-C", "index_price": 33814.48, "direction": "buy", "amount": 0.1}, {"trade_seq": 41, "trade_id": "170325460", "timestamp": 1627119853403, "tick_direction": 1, "price": 0.219, "mark_price": 0.21817928, "iv": 79.37, "instrument_name": "BTC-31DEC21-34000-C", "index_price": 33814.48, "direction": "buy", "amount": 0.2}, {"trade_seq": 40, "trade_id": "170325456", "timestamp": 1627119852901, "tick_direction": 1, "price": 0.219, "mark_price": 0.21815297, "iv": 79.37, "instrument_name": "BTC-31DEC21-34000-C", "index_price": 33815.46, "direction": "buy", "amount": 0.2}, {"trade_seq": 39, "trade_id": "170325432", "timestamp": 1627119849760, "tick_direction": 1, "price": 0.219, "mark_price": 0.21805882, "iv": 79.41, "instrument_name": "BTC-31DEC21-34000-C", "index_price": 33808.32, "direction": "buy", "amount": 0.5}, {"trade_seq": 38, "trade_id": "170325431", "timestamp": 1627119849693, "tick_direction": 0, "price": 0.219, "mark_price": 0.21805882, "iv": 79.41, "instrument_name": "BTC-31DEC21-34000-C", "index_price": 33808.32, "direction": "buy", "amount": 0.5}, {"trade_seq": 37, "trade_id": "170324575", "timestamp": 1627119420689, "tick_direction": 1, "price": 0.2185, "mark_price": 0.21796225, "iv": 79.28, "instrument_name": "BTC-31DEC21-34000-C", "index_price": 33793.33, "direction": "buy", "amount": 0.1}, {"trade_seq": 36, "trade_id": "170324574", "timestamp": 1627119417392, "tick_direction": 1, "price": 0.2185, "mark_price": 0.21795947, "iv": 79.28, "instrument_name": "BTC-31DEC21-34000-C", "index_price": 33792.59, "direction": "buy", "amount": 0.1}, {"trade_seq": 35, "trade_id": "170324536", "timestamp": 1627119389241, "tick_direction": 1, "price": 0.2185, "mark_price": 0.21798121, "iv": 79.28, "instrument_name": "BTC-31DEC21-34000-C", "index_price": 33792.02, "direction": "buy", "amount": 0.1}, {"trade_seq": 34, "trade_id": "170324526", "timestamp": 1627119385127, "tick_direction": 0, "price": 0.2185, "mark_price": 0.21799993, "iv": 79.28, "instrument_name": "BTC-31DEC21-34000-C", "index_price": 33792.98, "direction": "buy", "amount": 0.1}, {"trade_seq": 33, "trade_id": "170323906", "timestamp": 1627119215261, "tick_direction": 1, "price": 0.218, "mark_price": 0.21747673, "iv": 79.29, "instrument_name": "BTC-31DEC21-34000-C", "index_price": 33750.17, "direction": "buy", "amount": 0.1}, {"trade_seq": 32, "trade_id": "170323879", "timestamp": 1627119205817, "tick_direction": 1, "price": 0.218, "mark_price": 0.21746071, "iv": 79.31, "instrument_name": "BTC-31DEC21-34000-C", "index_price": 33745.92, "direction": "buy", "amount": 0.1}, {"trade_seq": 31, "trade_id": "170323878", "timestamp": 1627119205813, "tick_direction": 1, "price": 0.218, "mark_price": 0.21746071, "iv": 79.31, "instrument_name": "BTC-31DEC21-34000-C", "index_price": 33745.92, "direction": "buy", "amount": 0.1}, {"trade_seq": 30, "trade_id": "170323840", "timestamp": 1627119195109, "tick_direction": 0, "price": 0.218, "mark_price": 0.21740989, "iv": 79.33, "instrument_name": "BTC-31DEC21-34000-C", "index_price": 33739.53, "direction": "buy", "amount": 0.1}, {"trade_seq": 29, "trade_id": "170322456", "timestamp": 1627118393213, "tick_direction": 3, "price": 0.217, "mark_price": 0.21594694, "iv": 79.46, "instrument_name": "BTC-31DEC21-34000-C", "index_price": 33661.24, "direction": "buy", "amount": 0.1}, {"trade_seq": 28, "trade_id": "170322450", "timestamp": 1627118380563, "tick_direction": 3, "price": 0.217, "mark_price": 0.21594306, "iv": 79.46, "instrument_name": "BTC-31DEC21-34000-C", "index_price": 33661.59, "direction": "buy", "amount": 0.1}, {"trade_seq": 27, "trade_id": "170321744", "timestamp": 1627118124190, "tick_direction": 3, "price": 0.217, "mark_price": 0.21605633, "iv": 79.45, "instrument_name": "BTC-31DEC21-34000-C", "index_price": 33662.15, "direction": "buy", "amount": 0.1}, {"trade_seq": 26, "trade_id": "170321707", "timestamp": 1627118121639, "tick_direction": 2, "price": 0.217, "mark_price": 0.21605643, "iv": 79.45, "instrument_name": "BTC-31DEC21-34000-C", "index_price": 33669.69, "direction": "buy", "amount": 0.2}, {"trade_seq": 25, "trade_id": "170321033", "timestamp": 1627117781450, "tick_direction": 1, "price": 0.2175, "mark_price": 0.21685335, "iv": 79.46, "instrument_name": "BTC-31DEC21-34000-C", "index_price": 33708.11, "direction": "buy", "amount": 0.1}, {"trade_seq": 24, "trade_id": "170321032", "timestamp": 1627117781446, "tick_direction": 1, "price": 0.2175, "mark_price": 0.21685335, "iv": 79.46, "instrument_name": "BTC-31DEC21-34000-C", "index_price": 33708.11, "direction": "buy", "amount": 0.1}, {"trade_seq": 23, "trade_id": "170320964", "timestamp": 1627117715484, "tick_direction": 1, "price": 0.2175, "mark_price": 0.21698975, "iv": 79.44, "instrument_name": "BTC-31DEC21-34000-C", "index_price": 33704.77, "direction": "buy", "amount": 0.1}, {"trade_seq": 22, "trade_id": "170320928", "timestamp": 1627117665023, "tick_direction": 0, "price": 0.2175, "mark_price": 0.21700774, "iv": 79.47, "instrument_name": "BTC-31DEC21-34000-C", "index_price": 33697.0, "direction": "buy", "amount": 0.1}, {"trade_seq": 21, "trade_id": "170319372", "timestamp": 1627116515094, "tick_direction": 2, "price": 0.216, "mark_price": 0.21565031, "iv": 79.44, "instrument_name": "BTC-31DEC21-34000-C", "index_price": 33582.83, "direction": "buy", "amount": 0.1}, {"trade_seq": 20, "trade_id": "170319298", "timestamp": 1627116509599, "tick_direction": 2, "price": 0.2165, "mark_price": 0.215857, "iv": 79.52, "instrument_name": "BTC-31DEC21-34000-C", "index_price": 33608.35, "direction": "buy", "amount": 0.2}, {"trade_seq": 19, "trade_id": "170318325", "timestamp": 1627116059119, "tick_direction": 3, "price": 0.217, "mark_price": 0.21618036, "iv": 79.6, "instrument_name": "BTC-31DEC21-34000-C", "index_price": 33642.32, "direction": "buy", "amount": 0.1}, {"trade_seq": 18, "trade_id": "170318286", "timestamp": 1627116045267, "tick_direction": 3, "price": 0.217, "mark_price": 0.2159308, "iv": 79.69, "instrument_name": "BTC-31DEC21-34000-C", "index_price": 33624.5, "direction": "buy", "amount": 0.1}, {"trade_seq": 17, "trade_id": "170318251", "timestamp": 1627116041276, "tick_direction": 3, "price": 0.217, "mark_price": 0.2160033, "iv": 79.66, "instrument_name": "BTC-31DEC21-34000-C", "index_price": 33624.07, "direction": "buy", "amount": 0.1}, {"trade_seq": 16, "trade_id": "170318245", "timestamp": 1627116040883, "tick_direction": 2, "price": 0.217, "mark_price": 0.2160033, "iv": 79.66, "instrument_name": "BTC-31DEC21-34000-C", "index_price": 33624.07, "direction": "buy", "amount": 0.1}, {"trade_seq": 15, "trade_id": "170317011", "timestamp": 1627115394212, "tick_direction": 3, "price": 0.2185, "mark_price": 0.21773197, "iv": 79.66, "instrument_name": "BTC-31DEC21-34000-C", "index_price": 33735.31, "direction": "buy", "amount": 0.1}, {"trade_seq": 14, "trade_id": "170317003", "timestamp": 1627115388517, "tick_direction": 3, "price": 0.2185, "mark_price": 0.21771689, "iv": 79.67, "instrument_name": "BTC-31DEC21-34000-C", "index_price": 33735.44, "direction": "buy", "amount": 0.1}, {"trade_seq": 13, "trade_id": "170317001", "timestamp": 1627115383046, "tick_direction": 3, "price": 0.2185, "mark_price": 0.21773008, "iv": 79.67, "instrument_name": "BTC-31DEC21-34000-C", "index_price": 33736.87, "direction": "buy", "amount": 0.1}, {"trade_seq": 12, "trade_id": "170317000", "timestamp": 1627115381669, "tick_direction": 2, "price": 0.2185, "mark_price": 0.21774803, "iv": 79.66, "instrument_name": "BTC-31DEC21-34000-C", "index_price": 33738.07, "direction": "buy", "amount": 0.1}, {"trade_seq": 11, "trade_id": "170308970", "timestamp": 1627111382705, "tick_direction": 1, "price": 0.219, "mark_price": 0.21878397, "iv": 79.77, "instrument_name": "BTC-31DEC21-34000-C", "index_price": 33811.37, "direction": "sell", "amount": 5.4}, {"trade_seq": 10, "trade_id": "170304250", "timestamp": 1627109078999, "tick_direction": 1, "price": 0.219, "mark_price": 0.21776845, "iv": 79.52, "instrument_name": "BTC-31DEC21-34000-C", "index_price": 33877.36, "direction": "sell", "amount": 0.6}, {"trade_seq": 9, "trade_id": "170304243", "timestamp": 1627109078518, "tick_direction": 0, "price": 0.219, "mark_price": 0.21776548, "iv": 79.52, "instrument_name": "BTC-31DEC21-34000-C", "index_price": 33878.2, "direction": "buy", "amount": 14.0}, {"trade_seq": 8, "trade_id": "170163622", "timestamp": 1627050170084, "tick_direction": 3, "price": 0.199, "mark_price": 0.19827208, "iv": 79.04, "instrument_name": "BTC-31DEC21-34000-C", "index_price": 32534.35, "direction": "buy", "amount": 0.9}, {"trade_seq": 7, "trade_id": "170163621", "timestamp": 1627050170080, "tick_direction": 3, "price": 0.199, "mark_price": 0.19827208, "iv": 79.04, "instrument_name": "BTC-31DEC21-34000-C", "index_price": 32534.35, "direction": "buy", "amount": 1.0}, {"trade_seq": 6, "trade_id": "170163612", "timestamp": 1627050165058, "tick_direction": 3, "price": 0.199, "mark_price": 0.19828764, "iv": 79.03, "instrument_name": "BTC-31DEC21-34000-C", "index_price": 32535.73, "direction": "buy", "amount": 1.0}, {"trade_seq": 5, "trade_id": "170163611", "timestamp": 1627050165054, "tick_direction": 3, "price": 0.199, "mark_price": 0.19828764, "iv": 79.03, "instrument_name": "BTC-31DEC21-34000-C", "index_price": 32535.73, "direction": "buy", "amount": 1.0}, {"trade_seq": 4, "trade_id": "170163610", "timestamp": 1627050165045, "tick_direction": 3, "price": 0.199, "mark_price": 0.19828764, "iv": 79.03, "instrument_name": "BTC-31DEC21-34000-C", "index_price": 32535.73, "direction": "buy", "amount": 1.0}, {"trade_seq": 3, "trade_id": "170161866", "timestamp": 1627049319544, "tick_direction": 2, "price": 0.199, "mark_price": 0.19939244, "iv": 78.92, "instrument_name": "BTC-31DEC21-34000-C", "index_price": 32531.91, "direction": "buy", "amount": 0.1}, {"trade_seq": 2, "trade_id": "169816519", "timestamp": 1626885151924, "tick_direction": 2, "price": 0.2, "mark_price": 0.19904551, "iv": 81.64, "instrument_name": "BTC-31DEC21-34000-C", "index_price": 32189.89, "direction": "buy", "block_trade_id": "17515", "amount": 25.0}, {"trade_seq": 1, "trade_id": "168859211", "timestamp": 1626425377557, "tick_direction": 1, "price": 0.203, "mark_price": 0.20260751, "iv": 85.06, "instrument_name": "BTC-31DEC21-34000-C", "index_price": 31434.06, "direction": "buy", "amount": 0.7}], "has_more": false}