{"trades": [{"trade_seq": 2188, "trade_id": "234376713", "timestamp": 1667985890208, "tick_direction": 3, "price": 0.0005, "mark_price": 1.5e-06, "iv": 144.81, "instrument_name": "BTC-30DEC22-90000-C", "index_price": 18068.35, "direction": "buy", "amount": 4.9}, {"trade_seq": 2187, "trade_id": "232742621", "timestamp": 1666730348983, "tick_direction": 3, "price": 0.0005, "mark_price": 4.456e-05, "iv": 120.39, "instrument_name": "BTC-30DEC22-90000-C", "index_price": 20096.49, "direction": "sell", "amount": 0.1}, {"trade_seq": 2186, "trade_id": "232547295", "timestamp": 1666545295366, "tick_direction": 3, "price": 0.0005, "mark_price": 3.747e-05, "iv": 121.57, "instrument_name": "BTC-30DEC22-90000-C", "index_price": 19209.66, "direction": "buy", "amount": 0.1}, {"trade_seq": 2185, "trade_id": "230218744", "timestamp": 1664183328242, "tick_direction": 3, "price": 0.0005, "mark_price": 0.00046316, "iv": 102.58, "instrument_name": "BTC-30DEC22-90000-C", "index_price": 19214.24, "direction": "sell", "amount": 0.3}, {"trade_seq": 2184, "trade_id": "230092847", "timestamp": 1664014626711, "tick_direction": 3, "price": 0.0005, "mark_price": 0.00048575, "iv": 102.15, "instrument_name": "BTC-30DEC22-90000-C", "index_price": 19021.89, "direction": "buy", "amount": 4.9}, {"trade_seq": 2183, "trade_id": "229721201", "timestamp": 1663771514834, "tick_direction": 3, "price": 0.0005, "mark_price": 0.00051359, "iv": 99.79, "instrument_name": "BTC-30DEC22-90000-C", "index_price": 19324.3, "direction": "buy", "amount": 0.2}, {"trade_seq": 2182, "trade_id": "229346264", "timestamp": 1663365245096, "tick_direction": 2, "price": 0.0005, "mark_price": 0.00075532, "iv": 96.3, "instrument_name": "BTC-30DEC22-90000-C", "index_price": 19760.73, "direction": "sell", "amount": 0.1}, {"trade_seq": 2181, "trade_id": "229235243", "timestamp": 1663246893751, "tick_direction": 3, "price": 0.0005, "mark_price": 0.00089787, "iv": 94.7, "instrument_name": "BTC-30DEC22-90000-C", "index_price": 20129.93, "direction": "buy", "amount": 0.3}, {"trade_seq": 2180, "trade_id": "229235242", "timestamp": 1663246893748, "tick_direction": 3, "price": 0.0005, "mark_price": 0.00089787, "iv": 94.7, "instrument_name": "BTC-30DEC22-90000-C", "index_price": 20129.93, "direction": "sell", "amount": 4.9}, {"trade_seq": 2179, "trade_id": "229132466", "timestamp": 1663143560562, "tick_direction": 2, "price": 0.0005, "mark_price": 0.00089722, "iv": 93.92, "instrument_name": "BTC-30DEC22-90000-C", "index_price": 20228.84, "direction": "sell", "amount": 0.1}, {"trade_seq": 2178, "trade_id": "229132408", "timestamp": 1663143443584, "tick_direction": 0, "price": 0.0015, "mark_price": 0.00089823, "iv": 104.52, "instrument_name": "BTC-30DEC22-90000-C", "index_price": 20235.22, "direction": "buy", "amount": 0.1}, {"trade_seq": 2177, "trade_id": "228653226", "timestamp": 1662708534900, "tick_direction": 2, "price": 0.001, "mark_price": 0.0008927, "iv": 96.79, "instrument_name": "BTC-30DEC22-90000-C", "index_price": 20646.53, "direction": "sell", "amount": 1.0}, {"trade_seq": 2176, "trade_id": "228024825", "timestamp": 1662029609875, "tick_direction": 3, "price": 0.0015, "mark_price": 0.00089724, "iv": 99.44, "instrument_name": "BTC-30DEC22-90000-C", "index_price": 19978.5, "direction": "buy", "amount": 2.3}, {"trade_seq": 2175, "trade_id": "228024824", "timestamp": 1662029609875, "tick_direction": 2, "price": 0.0015, "mark_price": 0.00089724, "iv": 99.44, "instrument_name": "BTC-30DEC22-90000-C", "index_price": 19978.5, "direction": "buy", "amount": 3.7}, {"trade_seq": 2174, "trade_id": "227883916", "timestamp": 1661875650896, "tick_direction": 2, "price": 0.0018, "mark_price": 0.00143732, "iv": 101.19, "instrument_name": "BTC-30DEC22-90000-C", "index_price": 19795.09, "direction": "buy", "block_trade_id": "48222", "amount": 50.0}, {"trade_seq": 2173, "trade_id": "227718409", "timestamp": 1661681926071, "tick_direction": 0, "price": 0.002, "mark_price": 0.00143307, "iv": 100.91, "instrument_name": "BTC-30DEC22-90000-C", "index_price": 19999.47, "direction": "buy", "amount": 3.4}, {"trade_seq": 2172, "trade_id": "227588329", "timestamp": 1661527987014, "tick_direction": 3, "price": 0.0015, "mark_price": 0.00177897, "iv": 94.82, "instrument_name": "BTC-30DEC22-90000-C", "index_price": 20850.29, "direction": "buy", "amount": 24.3}, {"trade_seq": 2171, "trade_id": "227588327", "timestamp": 1661527986985, "tick_direction": 2, "price": 0.0015, "mark_price": 0.00177897, "iv": 94.82, "instrument_name": "BTC-30DEC22-90000-C", "index_price": 20850.29, "direction": "sell", "amount": 10.7}, {"trade_seq": 2170, "trade_id": "227315525", "timestamp": 1661248580826, "tick_direction": 2, "price": 0.0025, "mark_price": 0.002885, "iv": 97.38, "instrument_name": "BTC-30DEC22-90000-C", "index_price": 21465.26, "direction": "sell", "amount": 0.1}, {"trade_seq": 2169, "trade_id": "226284959", "timestamp": 1660199832001, "tick_direction": 3, "price": 0.003, "mark_price": 0.00330161, "iv": 87.69, "instrument_name": "BTC-30DEC22-90000-C", "index_price": 24520.51, "direction": "sell", "amount": 5.3}, {"trade_seq": 2168, "trade_id": "226284958", "timestamp": 1660199832001, "tick_direction": 3, "price": 0.003, "mark_price": 0.00330161, "iv": 87.69, "instrument_name": "BTC-30DEC22-90000-C", "index_price": 24520.51, "direction": "sell", "amount": 0.7}, {"trade_seq": 2167, "trade_id": "226284741", "timestamp": 1660199632571, "tick_direction": 2, "price": 0.003, "mark_price": 0.00332998, "iv": 87.58, "instrument_name": "BTC-30DEC22-90000-C", "index_price": 24576.1, "direction": "sell", "amount": 4.0}, {"trade_seq": 2166, "trade_id": "226198729", "timestamp": 1660134673275, "tick_direction": 0, "price": 0.004, "mark_price": 0.0038055, "iv": 92.92, "instrument_name": "BTC-30DEC22-90000-C", "index_price": 23623.6, "direction": "buy", "amount": 1.5}, {"trade_seq": 2165, "trade_id": "226182025", "timestamp": 1660116123091, "tick_direction": 3, "price": 0.0035, "mark_price": 0.00366732, "iv": 92.8, "instrument_name": "BTC-30DEC22-90000-C", "index_price": 22968.18, "direction": "buy", "amount": 0.1}, {"trade_seq": 2164, "trade_id": "226172783", "timestamp": 1660095061618, "tick_direction": 3, "price": 0.0035, "mark_price": 0.00373966, "iv": 92.86, "instrument_name": "BTC-30DEC22-90000-C", "index_price": 22912.33, "direction": "buy", "amount": 0.6}, {"trade_seq": 2163, "trade_id": "226172782", "timestamp": 1660095061615, "tick_direction": 3, "price": 0.0035, "mark_price": 0.00373966, "iv": 92.86, "instrument_name": "BTC-30DEC22-90000-C", "index_price": 22912.33, "direction": "sell", "amount": 0.4}, {"trade_seq": 2162, "trade_id": "225985734", "timestamp": 1659889470900, "tick_direction": 2, "price": 0.0035, "mark_price": 0.00375688, "iv": 91.53, "instrument_name": "BTC-30DEC22-90000-C", "index_price": 23090.04, "direction": "sell", "amount": 46.8}, {"trade_seq": 2161, "trade_id": "225980708", "timestamp": 1659878731076, "tick_direction": 1, "price": 0.004, "mark_price": 0.00394211, "iv": 92.87, "instrument_name": "BTC-30DEC22-90000-C", "index_price": 23163.07, "direction": "buy", "amount": 0.1}, {"trade_seq": 2160, "trade_id": "225951481", "timestamp": 1659817622515, "tick_direction": 0, "price": 0.004, "mark_price": 0.00434418, "iv": 92.75, "instrument_name": "BTC-30DEC22-90000-C", "index_price": 23137.54, "direction": "buy", "amount": 0.1}, {"trade_seq": 2159, "trade_id": "225441958", "timestamp": 1659308207314, "tick_direction": 2, "price": 0.0035, "mark_price": 0.00393958, "iv": 88.88, "instrument_name": "BTC-30DEC22-90000-C", "index_price": 23332.48, "direction": "sell", "amount": 1.0}, {"trade_seq": 2158, "trade_id": "225382451", "timestamp": 1659258998506, "tick_direction": 3, "price": 0.004, "mark_price": 0.00465597, "iv": 89.46, "instrument_name": "BTC-30DEC22-90000-C", "index_price": 23662.33, "direction": "buy", "amount": 0.1}, {"trade_seq": 2157, "trade_id": "225382409", "timestamp": 1659258960478, "tick_direction": 2, "price": 0.004, "mark_price": 0.00463647, "iv": 89.5, "instrument_name": "BTC-30DEC22-90000-C", "index_price": 23642.43, "direction": "buy", "amount": 0.2}, {"trade_seq": 2156, "trade_id": "225215495", "timestamp": 1659128153070, "tick_direction": 2, "price": 0.0045, "mark_price": 0.0042946, "iv": 89.74, "instrument_name": "BTC-30DEC22-90000-C", "index_price": 23941.82, "direction": "sell", "amount": 0.1}, {"trade_seq": 2155, "trade_id": "224925385", "timestamp": 1659021786977, "tick_direction": 0, "price": 0.005, "mark_price": 0.00418819, "iv": 92.31, "instrument_name": "BTC-30DEC22-90000-C", "index_price": 23280.91, "direction": "buy", "amount": 1.0}, {"trade_seq": 2154, "trade_id": "224863227", "timestamp": 1658996854204, "tick_direction": 2, "price": 0.0035, "mark_price": 0.00404737, "iv": 88.73, "instrument_name": "BTC-30DEC22-90000-C", "index_price": 22956.17, "direction": "sell", "amount": 2.2}, {"trade_seq": 2153, "trade_id": "224853523", "timestamp": 1658989206046, "tick_direction": 1, "price": 0.005, "mark_price": 0.00420278, "iv": 92.45, "instrument_name": "BTC-30DEC22-90000-C", "index_price": 23177.96, "direction": "buy", "amount": 0.2}, {"trade_seq": 2152, "trade_id": "224853520", "timestamp": 1658989187367, "tick_direction": 1, "price": 0.005, "mark_price": 0.00420192, "iv": 92.46, "instrument_name": "BTC-30DEC22-90000-C", "index_price": 23177.08, "direction": "buy", "amount": 0.3}, {"trade_seq": 2151, "trade_id": "224853519", "timestamp": 1658989187367, "tick_direction": 0, "price": 0.005, "mark_price": 0.00420192, "iv": 92.46, "instrument_name": "BTC-30DEC22-90000-C", "index_price": 23177.08, "direction": "buy", "amount": 1.7}, {"trade_seq": 2150, "trade_id": "224779892", "timestamp": 1658949500719, "tick_direction": 0, "price": 0.0045, "mark_price": 0.00422713, "iv": 91.75, "instrument_name": "BTC-30DEC22-90000-C", "index_price": 22879.25, "direction": "buy", "amount": 1.0}, {"trade_seq": 2149, "trade_id": "222915389", "timestamp": 1657791496169, "tick_direction": 3, "price": 0.004, "mark_price": 0.00404883, "iv": 94.14, "instrument_name": "BTC-30DEC22-90000-C", "index_price": 19711.49, "direction": "sell", "amount": 1.0}, {"trade_seq": 2148, "trade_id": "222571159", "timestamp": 1657527683323, "tick_direction": 2, "price": 0.004, "mark_price": 0.00421678, "iv": 91.41, "instrument_name": "BTC-30DEC22-90000-C", "index_price": 20470.83, "direction": "sell", "amount": 0.5}, {"trade_seq": 2147, "trade_id": "222409923", "timestamp": 1657313818737, "tick_direction": 1, "price": 0.005, "mark_price": 0.00426707, "iv": 90.09, "instrument_name": "BTC-30DEC22-90000-C", "index_price": 21863.1, "direction": "buy", "amount": 0.7}, {"trade_seq": 2146, "trade_id": "222409922", "timestamp": 1657313818737, "tick_direction": 0, "price": 0.005, "mark_price": 0.00426707, "iv": 90.09, "instrument_name": "BTC-30DEC22-90000-C", "index_price": 21863.1, "direction": "buy", "amount": 1.3}, {"trade_seq": 2145, "trade_id": "221980195", "timestamp": 1657021861097, "tick_direction": 3, "price": 0.004, "mark_price": 0.00441256, "iv": 92.09, "instrument_name": "BTC-30DEC22-90000-C", "index_price": 19523.78, "direction": "sell", "amount": 11.5}, {"trade_seq": 2144, "trade_id": "221978253", "timestamp": 1657020912020, "tick_direction": 3, "price": 0.004, "mark_price": 0.00436723, "iv": 91.77, "instrument_name": "BTC-30DEC22-90000-C", "index_price": 19668.42, "direction": "sell", "amount": 18.5}, {"trade_seq": 2143, "trade_id": "221978252", "timestamp": 1657020912020, "tick_direction": 2, "price": 0.004, "mark_price": 0.00436723, "iv": 91.77, "instrument_name": "BTC-30DEC22-90000-C", "index_price": 19668.42, "direction": "sell", "amount": 1.5}, {"trade_seq": 2142, "trade_id": "221792694", "timestamp": 1656895873906, "tick_direction": 2, "price": 0.005, "mark_price": 0.0045416, "iv": 95.24, "instrument_name": "BTC-30DEC22-90000-C", "index_price": 19218.0, "direction": "buy", "amount": 15.0}, {"trade_seq": 2141, "trade_id": "221026829", "timestamp": 1656258977597, "tick_direction": 0, "price": 0.0065, "mark_price": 0.00517108, "iv": 91.58, "instrument_name": "BTC-30DEC22-90000-C", "index_price": 21314.92, "direction": "buy", "amount": 0.1}, {"trade_seq": 2140, "trade_id": "220416175", "timestamp": 1655815827830, "tick_direction": 2, "price": 0.005, "mark_price": 0.00493616, "iv": 87.95, "instrument_name": "BTC-30DEC22-90000-C", "index_price": 21062.15, "direction": "sell", "amount": 1.0}, {"trade_seq": 2139, "trade_id": "220404446", "timestamp": 1655810914264, "tick_direction": 3, "price": 0.0055, "mark_price": 0.00528704, "iv": 88.91, "instrument_name": "BTC-30DEC22-90000-C", "index_price": 21116.67, "direction": "sell", "amount": 1.5}, {"trade_seq": 2138, "trade_id": "220404445", "timestamp": 1655810914187, "tick_direction": 3, "price": 0.0055, "mark_price": 0.00528704, "iv": 88.91, "instrument_name": "BTC-30DEC22-90000-C", "index_price": 21116.67, "direction": "sell", "amount": 2.7}, {"trade_seq": 2137, "trade_id": "220404345", "timestamp": 1655810891922, "tick_direction": 3, "price": 0.0055, "mark_price": 0.00562227, "iv": 88.89, "instrument_name": "BTC-30DEC22-90000-C", "index_price": 21128.69, "direction": "sell", "amount": 2.6}, {"trade_seq": 2136, "trade_id": "220404333", "timestamp": 1655810889875, "tick_direction": 3, "price": 0.0055, "mark_price": 0.00564916, "iv": 88.9, "instrument_name": "BTC-30DEC22-90000-C", "index_price": 21127.16, "direction": "sell", "amount": 4.0}, {"trade_seq": 2135, "trade_id": "220404330", "timestamp": 1655810887950, "tick_direction": 2, "price": 0.0055, "mark_price": 0.00566549, "iv": 88.94, "instrument_name": "BTC-30DEC22-90000-C", "index_price": 21117.82, "direction": "sell", "amount": 2.7}, {"trade_seq": 2134, "trade_id": "219370850", "timestamp": 1655416707820, "tick_direction": 3, "price": 0.0065, "mark_price": 0.00631164, "iv": 90.72, "instrument_name": "BTC-30DEC22-90000-C", "index_price": 20647.06, "direction": "sell", "amount": 0.5}, {"trade_seq": 2133, "trade_id": "219247919", "timestamp": 1655377546574, "tick_direction": 3, "price": 0.0065, "mark_price": 0.00727728, "iv": 89.41, "instrument_name": "BTC-30DEC22-90000-C", "index_price": 21218.89, "direction": "sell", "amount": 2.3}, {"trade_seq": 2132, "trade_id": "219247909", "timestamp": 1655377542339, "tick_direction": 3, "price": 0.0065, "mark_price": 0.0073202, "iv": 89.4, "instrument_name": "BTC-30DEC22-90000-C", "index_price": 21223.74, "direction": "sell", "amount": 3.2}, {"trade_seq": 2131, "trade_id": "219247906", "timestamp": 1655377539212, "tick_direction": 3, "price": 0.0065, "mark_price": 0.00734488, "iv": 89.38, "instrument_name": "BTC-30DEC22-90000-C", "index_price": 21228.48, "direction": "sell", "amount": 4.4}, {"trade_seq": 2130, "trade_id": "219247899", "timestamp": 1655377534081, "tick_direction": 2, "price": 0.0065, "mark_price": 0.00737075, "iv": 89.37, "instrument_name": "BTC-30DEC22-90000-C", "index_price": 21238.02, "direction": "sell", "amount": 3.5}, {"trade_seq": 2129, "trade_id": "219234997", "timestamp": 1655372358336, "tick_direction": 0, "price": 0.007, "mark_price": 0.00707424, "iv": 90.5, "instrument_name": "BTC-30DEC22-90000-C", "index_price": 21134.92, "direction": "sell", "amount": 2.2}, {"trade_seq": 2128, "trade_id": "219143782", "timestamp": 1655326386025, "tick_direction": 3, "price": 0.006, "mark_price": 0.00596637, "iv": 86.98, "instrument_name": "BTC-30DEC22-90000-C", "index_price": 21774.0, "direction": "sell", "amount": 1.0}, {"trade_seq": 2127, "trade_id": "219143781", "timestamp": 1655326386025, "tick_direction": 2, "price": 0.006, "mark_price": 0.00596637, "iv": 86.98, "instrument_name": "BTC-30DEC22-90000-C", "index_price": 21774.0, "direction": "sell", "amount": 0.1}, {"trade_seq": 2126, "trade_id": "219049168", "timestamp": 1655315723173, "tick_direction": 1, "price": 0.007, "mark_price": 0.00641581, "iv": 89.95, "instrument_name": "BTC-30DEC22-90000-C", "index_price": 21314.74, "direction": "buy", "amount": 0.2}, {"trade_seq": 2125, "trade_id": "219048305", "timestamp": 1655315702727, "tick_direction": 0, "price": 0.007, "mark_price": 0.00633535, "iv": 90.16, "instrument_name": "BTC-30DEC22-90000-C", "index_price": 21239.91, "direction": "buy", "amount": 0.2}, {"trade_seq": 2124, "trade_id": "219035739", "timestamp": 1655312720029, "tick_direction": 3, "price": 0.0065, "mark_price": 0.00597186, "iv": 90.47, "instrument_name": "BTC-30DEC22-90000-C", "index_price": 20660.9, "direction": "buy", "amount": 0.2}, {"trade_seq": 2123, "trade_id": "219035733", "timestamp": 1655312710746, "tick_direction": 3, "price": 0.0065, "mark_price": 0.00594288, "iv": 90.47, "instrument_name": "BTC-30DEC22-90000-C", "index_price": 20663.17, "direction": "buy", "amount": 0.3}, {"trade_seq": 2122, "trade_id": "219035725", "timestamp": 1655312701497, "tick_direction": 3, "price": 0.0065, "mark_price": 0.00583431, "iv": 90.46, "instrument_name": "BTC-30DEC22-90000-C", "index_price": 20657.87, "direction": "buy", "amount": 0.3}, {"trade_seq": 2121, "trade_id": "219035715", "timestamp": 1655312692269, "tick_direction": 3, "price": 0.0065, "mark_price": 0.00562635, "iv": 90.47, "instrument_name": "BTC-30DEC22-90000-C", "index_price": 20666.46, "direction": "buy", "amount": 0.3}, {"trade_seq": 2120, "trade_id": "219035714", "timestamp": 1655312692066, "tick_direction": 2, "price": 0.0065, "mark_price": 0.00562635, "iv": 90.47, "instrument_name": "BTC-30DEC22-90000-C", "index_price": 20666.46, "direction": "buy", "amount": 0.3}, {"trade_seq": 2119, "trade_id": "219033722", "timestamp": 1655312032811, "tick_direction": 3, "price": 0.007, "mark_price": 0.00654951, "iv": 91.21, "instrument_name": "BTC-30DEC22-90000-C", "index_price": 20749.55, "direction": "buy", "amount": 0.3}, {"trade_seq": 2118, "trade_id": "219033715", "timestamp": 1655312018302, "tick_direction": 3, "price": 0.007, "mark_price": 0.00628959, "iv": 91.21, "instrument_name": "BTC-30DEC22-90000-C", "index_price": 20751.24, "direction": "buy", "amount": 0.3}, {"trade_seq": 2117, "trade_id": "219033707", "timestamp": 1655312007324, "tick_direction": 3, "price": 0.007, "mark_price": 0.0061274, "iv": 91.21, "instrument_name": "BTC-30DEC22-90000-C", "index_price": 20753.49, "direction": "buy", "amount": 0.3}, {"trade_seq": 2116, "trade_id": "219033703", "timestamp": 1655311997843, "tick_direction": 3, "price": 0.007, "mark_price": 0.00594956, "iv": 91.22, "instrument_name": "BTC-30DEC22-90000-C", "index_price": 20751.35, "direction": "buy", "amount": 0.3}, {"trade_seq": 2115, "trade_id": "219033695", "timestamp": 1655311987824, "tick_direction": 3, "price": 0.007, "mark_price": 0.00599548, "iv": 91.23, "instrument_name": "BTC-30DEC22-90000-C", "index_price": 20753.49, "direction": "buy", "amount": 0.3}, {"trade_seq": 2114, "trade_id": "219033657", "timestamp": 1655311978544, "tick_direction": 3, "price": 0.007, "mark_price": 0.00605535, "iv": 91.24, "instrument_name": "BTC-30DEC22-90000-C", "index_price": 20739.46, "direction": "buy", "amount": 0.3}, {"trade_seq": 2113, "trade_id": "219033643", "timestamp": 1655311969346, "tick_direction": 3, "price": 0.007, "mark_price": 0.00613976, "iv": 91.22, "instrument_name": "BTC-30DEC22-90000-C", "index_price": 20744.98, "direction": "buy", "amount": 0.3}, {"trade_seq": 2112, "trade_id": "219033642", "timestamp": 1655311969057, "tick_direction": 2, "price": 0.007, "mark_price": 0.00613976, "iv": 91.22, "instrument_name": "BTC-30DEC22-90000-C", "index_price": 20744.98, "direction": "buy", "amount": 0.1}, {"trade_seq": 2111, "trade_id": "219014797", "timestamp": 1655306248742, "tick_direction": 3, "price": 0.0075, "mark_price": 0.00633194, "iv": 90.89, "instrument_name": "BTC-30DEC22-90000-C", "index_price": 21268.92, "direction": "sell", "amount": 1.6}, {"trade_seq": 2110, "trade_id": "219014789", "timestamp": 1655306238742, "tick_direction": 2, "price": 0.0075, "mark_price": 0.00619894, "iv": 90.84, "instrument_name": "BTC-30DEC22-90000-C", "index_price": 21292.99, "direction": "sell", "amount": 1.2}, {"trade_seq": 2109, "trade_id": "219014773", "timestamp": 1655306229501, "tick_direction": 0, "price": 0.008, "mark_price": 0.00622021, "iv": 91.66, "instrument_name": "BTC-30DEC22-90000-C", "index_price": 21309.21, "direction": "sell", "amount": 2.2}, {"trade_seq": 2108, "trade_id": "219008453", "timestamp": 1655303991832, "tick_direction": 1, "price": 0.007, "mark_price": 0.00783271, "iv": 90.08, "instrument_name": "BTC-30DEC22-90000-C", "index_price": 21217.16, "direction": "sell", "amount": 2.2}, {"trade_seq": 2107, "trade_id": "219007863", "timestamp": 1655303739895, "tick_direction": 0, "price": 0.007, "mark_price": 0.00792689, "iv": 90.02, "instrument_name": "BTC-30DEC22-90000-C", "index_price": 21249.1, "direction": "sell", "amount": 3.5}, {"trade_seq": 2106, "trade_id": "219007768", "timestamp": 1655303721969, "tick_direction": 2, "price": 0.0065, "mark_price": 0.00769616, "iv": 89.03, "instrument_name": "BTC-30DEC22-90000-C", "index_price": 21273.01, "direction": "sell", "amount": 5.2}, {"trade_seq": 2105, "trade_id": "219007762", "timestamp": 1655303718984, "tick_direction": 2, "price": 0.007, "mark_price": 0.00769583, "iv": 89.96, "instrument_name": "BTC-30DEC22-90000-C", "index_price": 21277.87, "direction": "sell", "amount": 4.2}, {"trade_seq": 2104, "trade_id": "218918993", "timestamp": 1655285994045, "tick_direction": 0, "price": 0.01, "mark_price": 0.00802085, "iv": 97.57, "instrument_name": "BTC-30DEC22-90000-C", "index_price": 20182.35, "direction": "buy", "amount": 2.0}, {"trade_seq": 2103, "trade_id": "218871464", "timestamp": 1655278720072, "tick_direction": 1, "price": 0.008, "mark_price": 0.00849584, "iv": 92.23, "instrument_name": "BTC-30DEC22-90000-C", "index_price": 21029.01, "direction": "sell", "amount": 1.0}, {"trade_seq": 2102, "trade_id": "218871452", "timestamp": 1655278708790, "tick_direction": 1, "price": 0.008, "mark_price": 0.00849539, "iv": 92.23, "instrument_name": "BTC-30DEC22-90000-C", "index_price": 21030.79, "direction": "buy", "amount": 1.2}, {"trade_seq": 2101, "trade_id": "218871451", "timestamp": 1655278708785, "tick_direction": 1, "price": 0.008, "mark_price": 0.00849539, "iv": 92.23, "instrument_name": "BTC-30DEC22-90000-C", "index_price": 21030.79, "direction": "sell", "amount": 1.8}, {"trade_seq": 2100, "trade_id": "218816872", "timestamp": 1655264843297, "tick_direction": 0, "price": 0.008, "mark_price": 0.00749237, "iv": 90.87, "instrument_name": "BTC-30DEC22-90000-C", "index_price": 21587.74, "direction": "buy", "amount": 0.3}, {"trade_seq": 2099, "trade_id": "218812955", "timestamp": 1655262418819, "tick_direction": 1, "price": 0.0075, "mark_price": 0.00723677, "iv": 89.18, "instrument_name": "BTC-30DEC22-90000-C", "index_price": 21965.58, "direction": "sell", "amount": 14.0}, {"trade_seq": 2098, "trade_id": "218812939", "timestamp": 1655262381479, "tick_direction": 1, "price": 0.0075, "mark_price": 0.00713559, "iv": 89.19, "instrument_name": "BTC-30DEC22-90000-C", "index_price": 21960.17, "direction": "sell", "amount": 11.0}, {"trade_seq": 2097, "trade_id": "218812938", "timestamp": 1655262381476, "tick_direction": 0, "price": 0.0075, "mark_price": 0.00713559, "iv": 89.19, "instrument_name": "BTC-30DEC22-90000-C", "index_price": 21960.17, "direction": "buy", "amount": 3.0}, {"trade_seq": 2096, "trade_id": "218747950", "timestamp": 1655233725578, "tick_direction": 3, "price": 0.0065, "mark_price": 0.0062623, "iv": 86.75, "instrument_name": "BTC-30DEC22-90000-C", "index_price": 22188.52, "direction": "sell", "amount": 1.8}, {"trade_seq": 2095, "trade_id": "218741529", "timestamp": 1655232360613, "tick_direction": 3, "price": 0.0065, "mark_price": 0.0065847, "iv": 86.26, "instrument_name": "BTC-30DEC22-90000-C", "index_price": 22416.51, "direction": "sell", "amount": 2.5}, {"trade_seq": 2094, "trade_id": "218741433", "timestamp": 1655232351230, "tick_direction": 3, "price": 0.0065, "mark_price": 0.00665442, "iv": 86.23, "instrument_name": "BTC-30DEC22-90000-C", "index_price": 22446.5, "direction": "sell", "amount": 1.2}, {"trade_seq": 2093, "trade_id": "218741403", "timestamp": 1655232345556, "tick_direction": 3, "price": 0.0065, "mark_price": 0.00666441, "iv": 86.23, "instrument_name": "BTC-30DEC22-90000-C", "index_price": 22449.49, "direction": "sell", "amount": 2.5}, {"trade_seq": 2092, "trade_id": "218667299", "timestamp": 1655217535180, "tick_direction": 3, "price": 0.0065, "mark_price": 0.006095, "iv": 86.76, "instrument_name": "BTC-30DEC22-90000-C", "index_price": 22172.92, "direction": "sell", "amount": 1.8}, {"trade_seq": 2091, "trade_id": "218667298", "timestamp": 1655217535140, "tick_direction": 3, "price": 0.0065, "mark_price": 0.006095, "iv": 86.76, "instrument_name": "BTC-30DEC22-90000-C", "index_price": 22172.92, "direction": "sell", "amount": 1.7}, {"trade_seq": 2090, "trade_id": "218667297", "timestamp": 1655217534757, "tick_direction": 3, "price": 0.0065, "mark_price": 0.006095, "iv": 86.76, "instrument_name": "BTC-30DEC22-90000-C", "index_price": 22172.92, "direction": "buy", "amount": 1.5}, {"trade_seq": 2089, "trade_id": "218627208", "timestamp": 1655212099486, "tick_direction": 3, "price": 0.0065, "mark_price": 0.00608136, "iv": 86.91, "instrument_name": "BTC-30DEC22-90000-C", "index_price": 22121.06, "direction": "sell", "amount": 2.1}, {"trade_seq": 2088, "trade_id": "218627196", "timestamp": 1655212097461, "tick_direction": 3, "price": 0.0065, "mark_price": 0.00607377, "iv": 86.92, "instrument_name": "BTC-30DEC22-90000-C", "index_price": 22123.27, "direction": "sell", "amount": 3.6}, {"trade_seq": 2087, "trade_id": "218627172", "timestamp": 1655212096116, "tick_direction": 3, "price": 0.0065, "mark_price": 0.00606722, "iv": 86.93, "instrument_name": "BTC-30DEC22-90000-C", "index_price": 22118.88, "direction": "sell", "amount": 6.4}, {"trade_seq": 2086, "trade_id": "218575815", "timestamp": 1655204678121, "tick_direction": 3, "price": 0.0065, "mark_price": 0.00642272, "iv": 86.1, "instrument_name": "BTC-30DEC22-90000-C", "index_price": 22379.98, "direction": "sell", "amount": 2.8}, {"trade_seq": 2085, "trade_id": "218575603", "timestamp": 1655204621074, "tick_direction": 3, "price": 0.0065, "mark_price": 0.0063565, "iv": 86.15, "instrument_name": "BTC-30DEC22-90000-C", "index_price": 22356.85, "direction": "sell", "amount": 2.7}, {"trade_seq": 2084, "trade_id": "218521485", "timestamp": 1655190998434, "tick_direction": 2, "price": 0.0065, "mark_price": 0.00649859, "iv": 86.43, "instrument_name": "BTC-30DEC22-90000-C", "index_price": 22221.76, "direction": "sell", "amount": 1.0}, {"trade_seq": 2083, "trade_id": "218468960", "timestamp": 1655182212538, "tick_direction": 1, "price": 0.007, "mark_price": 0.00656644, "iv": 88.05, "instrument_name": "BTC-30DEC22-90000-C", "index_price": 21894.64, "direction": "sell", "amount": 1.8}, {"trade_seq": 2082, "trade_id": "218468805", "timestamp": 1655182157279, "tick_direction": 0, "price": 0.007, "mark_price": 0.00657683, "iv": 87.93, "instrument_name": "BTC-30DEC22-90000-C", "index_price": 21945.28, "direction": "sell", "amount": 4.0}, {"trade_seq": 2081, "trade_id": "218456760", "timestamp": 1655178889666, "tick_direction": 1, "price": 0.0065, "mark_price": 0.00657884, "iv": 86.8, "instrument_name": "BTC-30DEC22-90000-C", "index_price": 22043.98, "direction": "sell", "amount": 2.3}, {"trade_seq": 2080, "trade_id": "218448058", "timestamp": 1655176619011, "tick_direction": 1, "price": 0.0065, "mark_price": 0.00784935, "iv": 87.25, "instrument_name": "BTC-30DEC22-90000-C", "index_price": 21826.41, "direction": "sell", "amount": 2.0}, {"trade_seq": 2079, "trade_id": "218003553", "timestamp": 1655106504518, "tick_direction": 0, "price": 0.0065, "mark_price": 0.00627284, "iv": 80.5, "instrument_name": "BTC-30DEC22-90000-C", "index_price": 24943.75, "direction": "sell", "amount": 9.7}, {"trade_seq": 2078, "trade_id": "217705168", "timestamp": 1655008354782, "tick_direction": 1, "price": 0.0055, "mark_price": 0.00495605, "iv": 73.62, "instrument_name": "BTC-30DEC22-90000-C", "index_price": 27489.62, "direction": "buy", "amount": 0.5}, {"trade_seq": 2077, "trade_id": "217703290", "timestamp": 1655006884098, "tick_direction": 1, "price": 0.0055, "mark_price": 0.00500953, "iv": 73.44, "instrument_name": "BTC-30DEC22-90000-C", "index_price": 27569.18, "direction": "buy", "amount": 0.2}, {"trade_seq": 2076, "trade_id": "217700727", "timestamp": 1655005093159, "tick_direction": 1, "price": 0.0055, "mark_price": 0.00547502, "iv": 73.34, "instrument_name": "BTC-30DEC22-90000-C", "index_price": 27628.81, "direction": "buy", "amount": 2.1}, {"trade_seq": 2075, "trade_id": "217700724", "timestamp": 1655005091169, "tick_direction": 0, "price": 0.0055, "mark_price": 0.00547269, "iv": 73.34, "instrument_name": "BTC-30DEC22-90000-C", "index_price": 27627.18, "direction": "buy", "amount": 2.4}, {"trade_seq": 2074, "trade_id": "217657430", "timestamp": 1654974929564, "tick_direction": 3, "price": 0.005, "mark_price": 0.00573799, "iv": 70.31, "instrument_name": "BTC-30DEC22-90000-C", "index_price": 28721.09, "direction": "sell", "amount": 0.1}, {"trade_seq": 2073, "trade_id": "217657429", "timestamp": 1654974927288, "tick_direction": 3, "price": 0.005, "mark_price": 0.0057408, "iv": 70.3, "instrument_name": "BTC-30DEC22-90000-C", "index_price": 28724.99, "direction": "sell", "amount": 0.1}, {"trade_seq": 2072, "trade_id": "217657425", "timestamp": 1654974927232, "tick_direction": 3, "price": 0.005, "mark_price": 0.0057408, "iv": 70.3, "instrument_name": "BTC-30DEC22-90000-C", "index_price": 28724.99, "direction": "sell", "amount": 0.1}, {"trade_seq": 2071, "trade_id": "217657424", "timestamp": 1654974927144, "tick_direction": 3, "price": 0.005, "mark_price": 0.0057408, "iv": 70.3, "instrument_name": "BTC-30DEC22-90000-C", "index_price": 28724.99, "direction": "sell", "amount": 0.1}, {"trade_seq": 2070, "trade_id": "217657415", "timestamp": 1654974918991, "tick_direction": 3, "price": 0.005, "mark_price": 0.00573822, "iv": 70.31, "instrument_name": "BTC-30DEC22-90000-C", "index_price": 28721.95, "direction": "sell", "amount": 0.1}, {"trade_seq": 2069, "trade_id": "217657414", "timestamp": 1654974918981, "tick_direction": 3, "price": 0.005, "mark_price": 0.00573717, "iv": 70.31, "instrument_name": "BTC-30DEC22-90000-C", "index_price": 28721.95, "direction": "sell", "amount": 0.1}, {"trade_seq": 2068, "trade_id": "217657410", "timestamp": 1654974918750, "tick_direction": 3, "price": 0.005, "mark_price": 0.00573717, "iv": 70.31, "instrument_name": "BTC-30DEC22-90000-C", "index_price": 28722.99, "direction": "sell", "amount": 0.1}, {"trade_seq": 2067, "trade_id": "217657407", "timestamp": 1654974918634, "tick_direction": 3, "price": 0.005, "mark_price": 0.00573717, "iv": 70.31, "instrument_name": "BTC-30DEC22-90000-C", "index_price": 28722.99, "direction": "sell", "amount": 0.1}, {"trade_seq": 2066, "trade_id": "217657402", "timestamp": 1654974918181, "tick_direction": 3, "price": 0.005, "mark_price": 0.00573717, "iv": 70.31, "instrument_name": "BTC-30DEC22-90000-C", "index_price": 28722.99, "direction": "sell", "amount": 0.1}, {"trade_seq": 2065, "trade_id": "217657401", "timestamp": 1654974917698, "tick_direction": 3, "price": 0.005, "mark_price": 0.00573681, "iv": 70.31, "instrument_name": "BTC-30DEC22-90000-C", "index_price": 28722.23, "direction": "sell", "amount": 0.1}, {"trade_seq": 2064, "trade_id": "217657400", "timestamp": 1654974915723, "tick_direction": 3, "price": 0.005, "mark_price": 0.00573375, "iv": 70.32, "instrument_name": "BTC-30DEC22-90000-C", "index_price": 28719.84, "direction": "sell", "amount": 0.1}, {"trade_seq": 2063, "trade_id": "217657392", "timestamp": 1654974912929, "tick_direction": 3, "price": 0.005, "mark_price": 0.0057279, "iv": 70.32, "instrument_name": "BTC-30DEC22-90000-C", "index_price": 28718.33, "direction": "sell", "amount": 0.1}, {"trade_seq": 2062, "trade_id": "217657391", "timestamp": 1654974911787, "tick_direction": 3, "price": 0.005, "mark_price": 0.00572768, "iv": 70.33, "instrument_name": "BTC-30DEC22-90000-C", "index_price": 28713.82, "direction": "sell", "amount": 0.1}, {"trade_seq": 2061, "trade_id": "217657337", "timestamp": 1654974895621, "tick_direction": 3, "price": 0.005, "mark_price": 0.0057291, "iv": 70.33, "instrument_name": "BTC-30DEC22-90000-C", "index_price": 28712.17, "direction": "sell", "amount": 0.1}, {"trade_seq": 2060, "trade_id": "217657335", "timestamp": 1654974895599, "tick_direction": 3, "price": 0.005, "mark_price": 0.0057291, "iv": 70.33, "instrument_name": "BTC-30DEC22-90000-C", "index_price": 28712.17, "direction": "sell", "amount": 0.1}, {"trade_seq": 2059, "trade_id": "217657324", "timestamp": 1654974895483, "tick_direction": 3, "price": 0.005, "mark_price": 0.0057291, "iv": 70.33, "instrument_name": "BTC-30DEC22-90000-C", "index_price": 28712.17, "direction": "sell", "amount": 0.1}, {"trade_seq": 2058, "trade_id": "217657312", "timestamp": 1654974888585, "tick_direction": 3, "price": 0.005, "mark_price": 0.00572924, "iv": 70.33, "instrument_name": "BTC-30DEC22-90000-C", "index_price": 28712.31, "direction": "sell", "amount": 0.1}, {"trade_seq": 2057, "trade_id": "217657309", "timestamp": 1654974880665, "tick_direction": 3, "price": 0.005, "mark_price": 0.00572966, "iv": 70.33, "instrument_name": "BTC-30DEC22-90000-C", "index_price": 28713.06, "direction": "sell", "amount": 0.1}, {"trade_seq": 2056, "trade_id": "217657307", "timestamp": 1654974880155, "tick_direction": 3, "price": 0.005, "mark_price": 0.00572966, "iv": 70.33, "instrument_name": "BTC-30DEC22-90000-C", "index_price": 28713.0, "direction": "sell", "amount": 0.1}, {"trade_seq": 2055, "trade_id": "217657306", "timestamp": 1654974880144, "tick_direction": 3, "price": 0.005, "mark_price": 0.00572966, "iv": 70.33, "instrument_name": "BTC-30DEC22-90000-C", "index_price": 28713.0, "direction": "sell", "amount": 0.1}, {"trade_seq": 2054, "trade_id": "217657305", "timestamp": 1654974876255, "tick_direction": 3, "price": 0.005, "mark_price": 0.00573063, "iv": 70.33, "instrument_name": "BTC-30DEC22-90000-C", "index_price": 28714.82, "direction": "sell", "amount": 0.1}, {"trade_seq": 2053, "trade_id": "217657304", "timestamp": 1654974874207, "tick_direction": 3, "price": 0.005, "mark_price": 0.00573037, "iv": 70.33, "instrument_name": "BTC-30DEC22-90000-C", "index_price": 28714.69, "direction": "sell", "amount": 0.1}, {"trade_seq": 2052, "trade_id": "217657303", "timestamp": 1654974872776, "tick_direction": 3, "price": 0.005, "mark_price": 0.00572985, "iv": 70.33, "instrument_name": "BTC-30DEC22-90000-C", "index_price": 28714.49, "direction": "sell", "amount": 0.1}, {"trade_seq": 2051, "trade_id": "217657300", "timestamp": 1654974871960, "tick_direction": 3, "price": 0.005, "mark_price": 0.00572985, "iv": 70.33, "instrument_name": "BTC-30DEC22-90000-C", "index_price": 28714.01, "direction": "sell", "amount": 0.1}, {"trade_seq": 2050, "trade_id": "217657298", "timestamp": 1654974867956, "tick_direction": 3, "price": 0.005, "mark_price": 0.00572638, "iv": 70.33, "instrument_name": "BTC-30DEC22-90000-C", "index_price": 28710.69, "direction": "sell", "amount": 0.1}, {"trade_seq": 2049, "trade_id": "217657297", "timestamp": 1654974867930, "tick_direction": 3, "price": 0.005, "mark_price": 0.00572638, "iv": 70.33, "instrument_name": "BTC-30DEC22-90000-C", "index_price": 28710.69, "direction": "sell", "amount": 0.1}, {"trade_seq": 2048, "trade_id": "217657289", "timestamp": 1654974861280, "tick_direction": 3, "price": 0.005, "mark_price": 0.00572198, "iv": 70.34, "instrument_name": "BTC-30DEC22-90000-C", "index_price": 28706.9, "direction": "sell", "amount": 0.1}, {"trade_seq": 2047, "trade_id": "217657288", "timestamp": 1654974861249, "tick_direction": 3, "price": 0.005, "mark_price": 0.00572198, "iv": 70.34, "instrument_name": "BTC-30DEC22-90000-C", "index_price": 28706.9, "direction": "sell", "amount": 0.1}, {"trade_seq": 2046, "trade_id": "217657282", "timestamp": 1654974859847, "tick_direction": 3, "price": 0.005, "mark_price": 0.00572183, "iv": 70.34, "instrument_name": "BTC-30DEC22-90000-C", "index_price": 28706.25, "direction": "sell", "amount": 0.1}, {"trade_seq": 2045, "trade_id": "217657279", "timestamp": 1654974858385, "tick_direction": 3, "price": 0.005, "mark_price": 0.00572246, "iv": 70.34, "instrument_name": "BTC-30DEC22-90000-C", "index_price": 28706.95, "direction": "sell", "amount": 0.1}, {"trade_seq": 2044, "trade_id": "217657278", "timestamp": 1654974858326, "tick_direction": 3, "price": 0.005, "mark_price": 0.00572246, "iv": 70.34, "instrument_name": "BTC-30DEC22-90000-C", "index_price": 28706.95, "direction": "sell", "amount": 0.1}, {"trade_seq": 2043, "trade_id": "217657277", "timestamp": 1654974856238, "tick_direction": 3, "price": 0.005, "mark_price": 0.0057218, "iv": 70.34, "instrument_name": "BTC-30DEC22-90000-C", "index_price": 28706.39, "direction": "sell", "amount": 0.1}, {"trade_seq": 2042, "trade_id": "217657276", "timestamp": 1654974854975, "tick_direction": 3, "price": 0.005, "mark_price": 0.00572174, "iv": 70.34, "instrument_name": "BTC-30DEC22-90000-C", "index_price": 28706.22, "direction": "sell", "amount": 0.1}, {"trade_seq": 2041, "trade_id": "217657275", "timestamp": 1654974851793, "tick_direction": 3, "price": 0.005, "mark_price": 0.00571923, "iv": 70.35, "instrument_name": "BTC-30DEC22-90000-C", "index_price": 28704.41, "direction": "sell", "amount": 0.1}, {"trade_seq": 2040, "trade_id": "217657274", "timestamp": 1654974851782, "tick_direction": 3, "price": 0.005, "mark_price": 0.00571923, "iv": 70.35, "instrument_name": "BTC-30DEC22-90000-C", "index_price": 28704.41, "direction": "sell", "amount": 0.1}, {"trade_seq": 2039, "trade_id": "217657268", "timestamp": 1654974847746, "tick_direction": 3, "price": 0.005, "mark_price": 0.00571661, "iv": 70.35, "instrument_name": "BTC-30DEC22-90000-C", "index_price": 28701.61, "direction": "sell", "amount": 0.1}, {"trade_seq": 2038, "trade_id": "217657267", "timestamp": 1654974845515, "tick_direction": 3, "price": 0.005, "mark_price": 0.00571689, "iv": 70.35, "instrument_name": "BTC-30DEC22-90000-C", "index_price": 28701.79, "direction": "sell", "amount": 0.1}, {"trade_seq": 2037, "trade_id": "217657266", "timestamp": 1654974841689, "tick_direction": 3, "price": 0.005, "mark_price": 0.00571773, "iv": 70.35, "instrument_name": "BTC-30DEC22-90000-C", "index_price": 28702.04, "direction": "sell", "amount": 0.1}, {"trade_seq": 2036, "trade_id": "217657265", "timestamp": 1654974839671, "tick_direction": 3, "price": 0.005, "mark_price": 0.0057178, "iv": 70.35, "instrument_name": "BTC-30DEC22-90000-C", "index_price": 28702.43, "direction": "sell", "amount": 0.1}, {"trade_seq": 2035, "trade_id": "217657263", "timestamp": 1654974837650, "tick_direction": 3, "price": 0.005, "mark_price": 0.00571724, "iv": 70.35, "instrument_name": "BTC-30DEC22-90000-C", "index_price": 28702.29, "direction": "sell", "amount": 0.1}, {"trade_seq": 2034, "trade_id": "217655577", "timestamp": 1654973022545, "tick_direction": 3, "price": 0.005, "mark_price": 0.00551131, "iv": 70.54, "instrument_name": "BTC-30DEC22-90000-C", "index_price": 28578.85, "direction": "sell", "amount": 0.1}, {"trade_seq": 2033, "trade_id": "217655569", "timestamp": 1654973022094, "tick_direction": 3, "price": 0.005, "mark_price": 0.00551169, "iv": 70.54, "instrument_name": "BTC-30DEC22-90000-C", "index_price": 28579.08, "direction": "sell", "amount": 0.1}, {"trade_seq": 2032, "trade_id": "217655568", "timestamp": 1654973022070, "tick_direction": 3, "price": 0.005, "mark_price": 0.00551169, "iv": 70.54, "instrument_name": "BTC-30DEC22-90000-C", "index_price": 28579.08, "direction": "sell", "amount": 0.1}, {"trade_seq": 2031, "trade_id": "217655566", "timestamp": 1654973020192, "tick_direction": 3, "price": 0.005, "mark_price": 0.00550884, "iv": 70.53, "instrument_name": "BTC-30DEC22-90000-C", "index_price": 28580.1, "direction": "sell", "amount": 0.1}, {"trade_seq": 2030, "trade_id": "217655565", "timestamp": 1654973020183, "tick_direction": 3, "price": 0.005, "mark_price": 0.00550884, "iv": 70.53, "instrument_name": "BTC-30DEC22-90000-C", "index_price": 28580.1, "direction": "sell", "amount": 0.1}, {"trade_seq": 2029, "trade_id": "217655564", "timestamp": 1654973020156, "tick_direction": 3, "price": 0.005, "mark_price": 0.00550884, "iv": 70.53, "instrument_name": "BTC-30DEC22-90000-C", "index_price": 28580.1, "direction": "sell", "amount": 0.1}, {"trade_seq": 2028, "trade_id": "217655563", "timestamp": 1654973018614, "tick_direction": 3, "price": 0.005, "mark_price": 0.00550791, "iv": 70.53, "instrument_name": "BTC-30DEC22-90000-C", "index_price": 28580.42, "direction": "sell", "amount": 0.1}, {"trade_seq": 2027, "trade_id": "217655562", "timestamp": 1654973018606, "tick_direction": 3, "price": 0.005, "mark_price": 0.00550791, "iv": 70.53, "instrument_name": "BTC-30DEC22-90000-C", "index_price": 28580.42, "direction": "sell", "amount": 0.1}, {"trade_seq": 2026, "trade_id": "217655561", "timestamp": 1654973018577, "tick_direction": 3, "price": 0.005, "mark_price": 0.00550791, "iv": 70.53, "instrument_name": "BTC-30DEC22-90000-C", "index_price": 28580.42, "direction": "sell", "amount": 0.1}, {"trade_seq": 2025, "trade_id": "217655560", "timestamp": 1654973017457, "tick_direction": 3, "price": 0.005, "mark_price": 0.00550932, "iv": 70.54, "instrument_name": "BTC-30DEC22-90000-C", "index_price": 28578.46, "direction": "sell", "amount": 0.1}, {"trade_seq": 2024, "trade_id": "217655559", "timestamp": 1654973017449, "tick_direction": 3, "price": 0.005, "mark_price": 0.00550932, "iv": 70.54, "instrument_name": "BTC-30DEC22-90000-C", "index_price": 28578.46, "direction": "sell", "amount": 0.1}, {"trade_seq": 2023, "trade_id": "217655558", "timestamp": 1654973017440, "tick_direction": 3, "price": 0.005, "mark_price": 0.00550932, "iv": 70.54, "instrument_name": "BTC-30DEC22-90000-C", "index_price": 28578.46, "direction": "sell", "amount": 0.1}, {"trade_seq": 2022, "trade_id": "217655557", "timestamp": 1654973017431, "tick_direction": 3, "price": 0.005, "mark_price": 0.00550932, "iv": 70.54, "instrument_name": "BTC-30DEC22-90000-C", "index_price": 28578.46, "direction": "sell", "amount": 0.2}, {"trade_seq": 2021, "trade_id": "217655554", "timestamp": 1654973015733, "tick_direction": 3, "price": 0.005, "mark_price": 0.00550912, "iv": 70.53, "instrument_name": "BTC-30DEC22-90000-C", "index_price": 28579.83, "direction": "sell", "amount": 0.1}, {"trade_seq": 2020, "trade_id": "217655553", "timestamp": 1654973014034, "tick_direction": 3, "price": 0.005, "mark_price": 0.00551109, "iv": 70.53, "instrument_name": "BTC-30DEC22-90000-C", "index_price": 28581.4, "direction": "sell", "amount": 0.1}, {"trade_seq": 2019, "trade_id": "217655552", "timestamp": 1654973014025, "tick_direction": 3, "price": 0.005, "mark_price": 0.00551109, "iv": 70.53, "instrument_name": "BTC-30DEC22-90000-C", "index_price": 28581.4, "direction": "sell", "amount": 0.1}, {"trade_seq": 2018, "trade_id": "217655551", "timestamp": 1654973014011, "tick_direction": 3, "price": 0.005, "mark_price": 0.00551109, "iv": 70.53, "instrument_name": "BTC-30DEC22-90000-C", "index_price": 28581.4, "direction": "sell", "amount": 0.1}, {"trade_seq": 2017, "trade_id": "217655550", "timestamp": 1654973014000, "tick_direction": 3, "price": 0.005, "mark_price": 0.00551109, "iv": 70.53, "instrument_name": "BTC-30DEC22-90000-C", "index_price": 28581.4, "direction": "sell", "amount": 0.2}, {"trade_seq": 2016, "trade_id": "217655549", "timestamp": 1654973012171, "tick_direction": 3, "price": 0.005, "mark_price": 0.00551014, "iv": 70.53, "instrument_name": "BTC-30DEC22-90000-C", "index_price": 28582.59, "direction": "sell", "amount": 0.1}, {"trade_seq": 2015, "trade_id": "217655548", "timestamp": 1654973012079, "tick_direction": 3, "price": 0.005, "mark_price": 0.00551014, "iv": 70.53, "instrument_name": "BTC-30DEC22-90000-C", "index_price": 28582.59, "direction": "sell", "amount": 0.1}, {"trade_seq": 2014, "trade_id": "217655547", "timestamp": 1654973012016, "tick_direction": 3, "price": 0.005, "mark_price": 0.00551014, "iv": 70.53, "instrument_name": "BTC-30DEC22-90000-C", "index_price": 28582.59, "direction": "sell", "amount": 0.1}, {"trade_seq": 2013, "trade_id": "217655546", "timestamp": 1654973012004, "tick_direction": 3, "price": 0.005, "mark_price": 0.00551014, "iv": 70.53, "instrument_name": "BTC-30DEC22-90000-C", "index_price": 28582.59, "direction": "sell", "amount": 0.1}, {"trade_seq": 2012, "trade_id": "217655545", "timestamp": 1654973011995, "tick_direction": 3, "price": 0.005, "mark_price": 0.00551014, "iv": 70.53, "instrument_name": "BTC-30DEC22-90000-C", "index_price": 28582.59, "direction": "sell", "amount": 0.1}, {"trade_seq": 2011, "trade_id": "217655544", "timestamp": 1654973011983, "tick_direction": 3, "price": 0.005, "mark_price": 0.00551014, "iv": 70.53, "instrument_name": "BTC-30DEC22-90000-C", "index_price": 28582.59, "direction": "sell", "amount": 0.2}, {"trade_seq": 2010, "trade_id": "217655543", "timestamp": 1654973011863, "tick_direction": 3, "price": 0.005, "mark_price": 0.00551014, "iv": 70.53, "instrument_name": "BTC-30DEC22-90000-C", "index_price": 28582.59, "direction": "sell", "amount": 0.1}, {"trade_seq": 2009, "trade_id": "217655542", "timestamp": 1654973011846, "tick_direction": 3, "price": 0.005, "mark_price": 0.00551014, "iv": 70.53, "instrument_name": "BTC-30DEC22-90000-C", "index_price": 28582.59, "direction": "sell", "amount": 0.1}, {"trade_seq": 2008, "trade_id": "217655537", "timestamp": 1654973010203, "tick_direction": 3, "price": 0.005, "mark_price": 0.00550923, "iv": 70.53, "instrument_name": "BTC-30DEC22-90000-C", "index_price": 28582.22, "direction": "sell", "amount": 0.1}, {"trade_seq": 2007, "trade_id": "217655536", "timestamp": 1654973009995, "tick_direction": 3, "price": 0.005, "mark_price": 0.00550923, "iv": 70.53, "instrument_name": "BTC-30DEC22-90000-C", "index_price": 28582.22, "direction": "sell", "amount": 0.1}, {"trade_seq": 2006, "trade_id": "217655535", "timestamp": 1654973009988, "tick_direction": 3, "price": 0.005, "mark_price": 0.00550923, "iv": 70.53, "instrument_name": "BTC-30DEC22-90000-C", "index_price": 28582.22, "direction": "sell", "amount": 0.1}, {"trade_seq": 2005, "trade_id": "217655534", "timestamp": 1654973009980, "tick_direction": 3, "price": 0.005, "mark_price": 0.00550923, "iv": 70.53, "instrument_name": "BTC-30DEC22-90000-C", "index_price": 28582.22, "direction": "sell", "amount": 0.1}, {"trade_seq": 2004, "trade_id": "217655533", "timestamp": 1654973009973, "tick_direction": 3, "price": 0.005, "mark_price": 0.00550923, "iv": 70.53, "instrument_name": "BTC-30DEC22-90000-C", "index_price": 28582.22, "direction": "sell", "amount": 0.1}, {"trade_seq": 2003, "trade_id": "217655532", "timestamp": 1654973009966, "tick_direction": 3, "price": 0.005, "mark_price": 0.00550923, "iv": 70.53, "instrument_name": "BTC-30DEC22-90000-C", "index_price": 28582.22, "direction": "sell", "amount": 0.2}, {"trade_seq": 2002, "trade_id": "217655530", "timestamp": 1654973008359, "tick_direction": 3, "price": 0.005, "mark_price": 0.00550881, "iv": 70.53, "instrument_name": "BTC-30DEC22-90000-C", "index_price": 28583.55, "direction": "sell", "amount": 0.1}, {"trade_seq": 2001, "trade_id": "217655529", "timestamp": 1654973008342, "tick_direction": 3, "price": 0.005, "mark_price": 0.00550881, "iv": 70.53, "instrument_name": "BTC-30DEC22-90000-C", "index_price": 28583.33, "direction": "sell", "amount": 0.1}, {"trade_seq": 2000, "trade_id": "217655528", "timestamp": 1654973008335, "tick_direction": 3, "price": 0.005, "mark_price": 0.00550881, "iv": 70.53, "instrument_name": "BTC-30DEC22-90000-C", "index_price": 28583.33, "direction": "sell", "amount": 0.1}, {"trade_seq": 1999, "trade_id": "217655527", "timestamp": 1654973008328, "tick_direction": 3, "price": 0.005, "mark_price": 0.00550881, "iv": 70.53, "instrument_name": "BTC-30DEC22-90000-C", "index_price": 28583.33, "direction": "sell", "amount": 0.1}, {"trade_seq": 1998, "trade_id": "217655526", "timestamp": 1654973008321, "tick_direction": 3, "price": 0.005, "mark_price": 0.00550881, "iv": 70.53, "instrument_name": "BTC-30DEC22-90000-C", "index_price": 28583.33, "direction": "sell", "amount": 0.2}, {"trade_seq": 1997, "trade_id": "217655525", "timestamp": 1654973006679, "tick_direction": 3, "price": 0.005, "mark_price": 0.0055084, "iv": 70.53, "instrument_name": "BTC-30DEC22-90000-C", "index_price": 28583.33, "direction": "sell", "amount": 0.1}, {"trade_seq": 1996, "trade_id": "217655524", "timestamp": 1654973006327, "tick_direction": 3, "price": 0.005, "mark_price": 0.00550721, "iv": 70.53, "instrument_name": "BTC-30DEC22-90000-C", "index_price": 28583.65, "direction": "sell", "amount": 0.1}, {"trade_seq": 1995, "trade_id": "217655523", "timestamp": 1654973005936, "tick_direction": 3, "price": 0.005, "mark_price": 0.00550721, "iv": 70.53, "instrument_name": "BTC-30DEC22-90000-C", "index_price": 28583.65, "direction": "sell", "amount": 0.1}, {"trade_seq": 1994, "trade_id": "217655522", "timestamp": 1654973005929, "tick_direction": 3, "price": 0.005, "mark_price": 0.00550721, "iv": 70.53, "instrument_name": "BTC-30DEC22-90000-C", "index_price": 28583.65, "direction": "sell", "amount": 0.1}, {"trade_seq": 1993, "trade_id": "217655520", "timestamp": 1654973004398, "tick_direction": 3, "price": 0.005, "mark_price": 0.00550714, "iv": 70.53, "instrument_name": "BTC-30DEC22-90000-C", "index_price": 28582.9, "direction": "sell", "amount": 0.1}, {"trade_seq": 1992, "trade_id": "217655519", "timestamp": 1654973003946, "tick_direction": 3, "price": 0.005, "mark_price": 0.00551196, "iv": 70.53, "instrument_name": "BTC-30DEC22-90000-C", "index_price": 28585.28, "direction": "sell", "amount": 0.1}, {"trade_seq": 1991, "trade_id": "217655518", "timestamp": 1654973003915, "tick_direction": 3, "price": 0.005, "mark_price": 0.00551196, "iv": 70.53, "instrument_name": "BTC-30DEC22-90000-C", "index_price": 28585.28, "direction": "sell", "amount": 0.1}, {"trade_seq": 1990, "trade_id": "217655517", "timestamp": 1654973003904, "tick_direction": 3, "price": 0.005, "mark_price": 0.00551196, "iv": 70.53, "instrument_name": "BTC-30DEC22-90000-C", "index_price": 28585.28, "direction": "sell", "amount": 0.1}, {"trade_seq": 1989, "trade_id": "217655424", "timestamp": 1654972923683, "tick_direction": 3, "price": 0.005, "mark_price": 0.00550343, "iv": 70.5, "instrument_name": "BTC-30DEC22-90000-C", "index_price": 28601.71, "direction": "sell", "amount": 0.1}, {"trade_seq": 1988, "trade_id": "217655421", "timestamp": 1654972921553, "tick_direction": 3, "price": 0.005, "mark_price": 0.00550845, "iv": 70.49, "instrument_name": "BTC-30DEC22-90000-C", "index_price": 28609.91, "direction": "sell", "amount": 0.1}, {"trade_seq": 1987, "trade_id": "217655420", "timestamp": 1654972921141, "tick_direction": 3, "price": 0.005, "mark_price": 0.00550879, "iv": 70.49, "instrument_name": "BTC-30DEC22-90000-C", "index_price": 28609.91, "direction": "sell", "amount": 0.1}, {"trade_seq": 1986, "trade_id": "217653160", "timestamp": 1654971563364, "tick_direction": 3, "price": 0.005, "mark_price": 0.00551595, "iv": 70.66, "instrument_name": "BTC-30DEC22-90000-C", "index_price": 28503.3, "direction": "sell", "amount": 2.1}, {"trade_seq": 1985, "trade_id": "217652128", "timestamp": 1654970767167, "tick_direction": 3, "price": 0.005, "mark_price": 0.00567621, "iv": 70.65, "instrument_name": "BTC-30DEC22-90000-C", "index_price": 28519.2, "direction": "sell", "amount": 0.1}, {"trade_seq": 1984, "trade_id": "217652127", "timestamp": 1654970767159, "tick_direction": 3, "price": 0.005, "mark_price": 0.00567621, "iv": 70.65, "instrument_name": "BTC-30DEC22-90000-C", "index_price": 28519.2, "direction": "sell", "amount": 0.1}, {"trade_seq": 1983, "trade_id": "217651984", "timestamp": 1654970600744, "tick_direction": 3, "price": 0.005, "mark_price": 0.00571794, "iv": 70.71, "instrument_name": "BTC-30DEC22-90000-C", "index_price": 28485.33, "direction": "sell", "amount": 0.1}, {"trade_seq": 1982, "trade_id": "217651983", "timestamp": 1654970600573, "tick_direction": 3, "price": 0.005, "mark_price": 0.00571794, "iv": 70.71, "instrument_name": "BTC-30DEC22-90000-C", "index_price": 28485.33, "direction": "sell", "amount": 0.1}, {"trade_seq": 1981, "trade_id": "217651981", "timestamp": 1654970597569, "tick_direction": 3, "price": 0.005, "mark_price": 0.00571669, "iv": 70.71, "instrument_name": "BTC-30DEC22-90000-C", "index_price": 28485.5, "direction": "sell", "amount": 0.1}, {"trade_seq": 1980, "trade_id": "217651975", "timestamp": 1654970591494, "tick_direction": 3, "price": 0.005, "mark_price": 0.005716, "iv": 70.71, "instrument_name": "BTC-30DEC22-90000-C", "index_price": 28484.05, "direction": "sell", "amount": 0.1}, {"trade_seq": 1979, "trade_id": "217651967", "timestamp": 1654970579394, "tick_direction": 3, "price": 0.005, "mark_price": 0.00571091, "iv": 70.72, "instrument_name": "BTC-30DEC22-90000-C", "index_price": 28478.01, "direction": "sell", "amount": 0.1}, {"trade_seq": 1978, "trade_id": "217651966", "timestamp": 1654970573321, "tick_direction": 3, "price": 0.005, "mark_price": 0.0057109, "iv": 70.72, "instrument_name": "BTC-30DEC22-90000-C", "index_price": 28479.24, "direction": "sell", "amount": 0.1}, {"trade_seq": 1977, "trade_id": "217651954", "timestamp": 1654970549301, "tick_direction": 3, "price": 0.005, "mark_price": 0.0057119, "iv": 70.72, "instrument_name": "BTC-30DEC22-90000-C", "index_price": 28479.29, "direction": "sell", "amount": 0.1}, {"trade_seq": 1976, "trade_id": "217651938", "timestamp": 1654970535775, "tick_direction": 3, "price": 0.005, "mark_price": 0.00571128, "iv": 70.72, "instrument_name": "BTC-30DEC22-90000-C", "index_price": 28475.31, "direction": "sell", "amount": 0.1}, {"trade_seq": 1975, "trade_id": "217651937", "timestamp": 1654970534973, "tick_direction": 3, "price": 0.005, "mark_price": 0.00571128, "iv": 70.72, "instrument_name": "BTC-30DEC22-90000-C", "index_price": 28475.31, "direction": "sell", "amount": 0.1}, {"trade_seq": 1974, "trade_id": "217651936", "timestamp": 1654970534960, "tick_direction": 3, "price": 0.005, "mark_price": 0.00571128, "iv": 70.72, "instrument_name": "BTC-30DEC22-90000-C", "index_price": 28478.16, "direction": "sell", "amount": 0.1}, {"trade_seq": 1973, "trade_id": "217651927", "timestamp": 1654970513378, "tick_direction": 3, "price": 0.005, "mark_price": 0.00570516, "iv": 70.73, "instrument_name": "BTC-30DEC22-90000-C", "index_price": 28472.47, "direction": "sell", "amount": 0.1}, {"trade_seq": 1972, "trade_id": "217651926", "timestamp": 1654970513334, "tick_direction": 3, "price": 0.005, "mark_price": 0.00570516, "iv": 70.73, "instrument_name": "BTC-30DEC22-90000-C", "index_price": 28472.47, "direction": "sell", "amount": 0.1}, {"trade_seq": 1971, "trade_id": "217651923", "timestamp": 1654970508728, "tick_direction": 3, "price": 0.005, "mark_price": 0.00570667, "iv": 70.73, "instrument_name": "BTC-30DEC22-90000-C", "index_price": 28473.68, "direction": "sell", "amount": 0.1}, {"trade_seq": 1970, "trade_id": "217651922", "timestamp": 1654970505505, "tick_direction": 3, "price": 0.005, "mark_price": 0.00570444, "iv": 70.73, "instrument_name": "BTC-30DEC22-90000-C", "index_price": 28472.41, "direction": "sell", "amount": 0.1}, {"trade_seq": 1969, "trade_id": "217651921", "timestamp": 1654970505469, "tick_direction": 3, "price": 0.005, "mark_price": 0.00570444, "iv": 70.73, "instrument_name": "BTC-30DEC22-90000-C", "index_price": 28472.41, "direction": "sell", "amount": 0.1}, {"trade_seq": 1968, "trade_id": "217651919", "timestamp": 1654970498667, "tick_direction": 3, "price": 0.005, "mark_price": 0.00570513, "iv": 70.73, "instrument_name": "BTC-30DEC22-90000-C", "index_price": 28472.68, "direction": "sell", "amount": 0.1}, {"trade_seq": 1967, "trade_id": "217651918", "timestamp": 1654970498637, "tick_direction": 3, "price": 0.005, "mark_price": 0.00570513, "iv": 70.73, "instrument_name": "BTC-30DEC22-90000-C", "index_price": 28472.68, "direction": "sell", "amount": 0.1}, {"trade_seq": 1966, "trade_id": "217651917", "timestamp": 1654970496618, "tick_direction": 3, "price": 0.005, "mark_price": 0.00570553, "iv": 70.73, "instrument_name": "BTC-30DEC22-90000-C", "index_price": 28472.76, "direction": "sell", "amount": 0.1}, {"trade_seq": 1965, "trade_id": "217651916", "timestamp": 1654970490938, "tick_direction": 3, "price": 0.005, "mark_price": 0.00570927, "iv": 70.72, "instrument_name": "BTC-30DEC22-90000-C", "index_price": 28475.45, "direction": "sell", "amount": 0.1}, {"trade_seq": 1964, "trade_id": "217651915", "timestamp": 1654970490924, "tick_direction": 3, "price": 0.005, "mark_price": 0.00570927, "iv": 70.72, "instrument_name": "BTC-30DEC22-90000-C", "index_price": 28475.45, "direction": "sell", "amount": 0.1}, {"trade_seq": 1963, "trade_id": "217651914", "timestamp": 1654970490670, "tick_direction": 3, "price": 0.005, "mark_price": 0.00570948, "iv": 70.72, "instrument_name": "BTC-30DEC22-90000-C", "index_price": 28475.45, "direction": "sell", "amount": 0.1}, {"trade_seq": 1962, "trade_id": "217651913", "timestamp": 1654970490595, "tick_direction": 3, "price": 0.005, "mark_price": 0.00570948, "iv": 70.72, "instrument_name": "BTC-30DEC22-90000-C", "index_price": 28476.46, "direction": "sell", "amount": 0.1}, {"trade_seq": 1961, "trade_id": "217651912", "timestamp": 1654970490586, "tick_direction": 3, "price": 0.005, "mark_price": 0.00570948, "iv": 70.72, "instrument_name": "BTC-30DEC22-90000-C", "index_price": 28476.46, "direction": "sell", "amount": 0.1}, {"trade_seq": 1960, "trade_id": "217651911", "timestamp": 1654970490578, "tick_direction": 3, "price": 0.005, "mark_price": 0.00570948, "iv": 70.72, "instrument_name": "BTC-30DEC22-90000-C", "index_price": 28476.46, "direction": "sell", "amount": 0.1}, {"trade_seq": 1959, "trade_id": "217651910", "timestamp": 1654970490421, "tick_direction": 3, "price": 0.005, "mark_price": 0.00570948, "iv": 70.72, "instrument_name": "BTC-30DEC22-90000-C", "index_price": 28476.46, "direction": "sell", "amount": 0.1}, {"trade_seq": 1958, "trade_id": "217651903", "timestamp": 1654970486722, "tick_direction": 3, "price": 0.005, "mark_price": 0.00570448, "iv": 70.73, "instrument_name": "BTC-30DEC22-90000-C", "index_price": 28472.74, "direction": "sell", "amount": 0.1}, {"trade_seq": 1957, "trade_id": "217651902", "timestamp": 1654970484743, "tick_direction": 3, "price": 0.005, "mark_price": 0.00570551, "iv": 70.73, "instrument_name": "BTC-30DEC22-90000-C", "index_price": 28472.34, "direction": "sell", "amount": 0.1}, {"trade_seq": 1956, "trade_id": "217651901", "timestamp": 1654970484669, "tick_direction": 3, "price": 0.005, "mark_price": 0.00570568, "iv": 70.73, "instrument_name": "BTC-30DEC22-90000-C", "index_price": 28472.34, "direction": "sell", "amount": 0.1}, {"trade_seq": 1955, "trade_id": "217651899", "timestamp": 1654970482517, "tick_direction": 3, "price": 0.005, "mark_price": 0.00570565, "iv": 70.73, "instrument_name": "BTC-30DEC22-90000-C", "index_price": 28472.96, "direction": "sell", "amount": 0.1}, {"trade_seq": 1954, "trade_id": "217651898", "timestamp": 1654970474895, "tick_direction": 3, "price": 0.005, "mark_price": 0.00570932, "iv": 70.72, "instrument_name": "BTC-30DEC22-90000-C", "index_price": 28474.7, "direction": "sell", "amount": 0.1}, {"trade_seq": 1953, "trade_id": "217651897", "timestamp": 1654970474868, "tick_direction": 3, "price": 0.005, "mark_price": 0.00570932, "iv": 70.72, "instrument_name": "BTC-30DEC22-90000-C", "index_price": 28474.7, "direction": "sell", "amount": 0.1}, {"trade_seq": 1952, "trade_id": "217651893", "timestamp": 1654970468527, "tick_direction": 3, "price": 0.005, "mark_price": 0.0057179, "iv": 70.71, "instrument_name": "BTC-30DEC22-90000-C", "index_price": 28476.83, "direction": "sell", "amount": 0.1}, {"trade_seq": 1951, "trade_id": "217651892", "timestamp": 1654970468437, "tick_direction": 3, "price": 0.005, "mark_price": 0.0057179, "iv": 70.7, "instrument_name": "BTC-30DEC22-90000-C", "index_price": 28482.95, "direction": "sell", "amount": 0.1}, {"trade_seq": 1950, "trade_id": "217651889", "timestamp": 1654970468384, "tick_direction": 3, "price": 0.005, "mark_price": 0.0057179, "iv": 70.7, "instrument_name": "BTC-30DEC22-90000-C", "index_price": 28482.95, "direction": "sell", "amount": 0.1}, {"trade_seq": 1949, "trade_id": "217651888", "timestamp": 1654970468361, "tick_direction": 3, "price": 0.005, "mark_price": 0.0057179, "iv": 70.7, "instrument_name": "BTC-30DEC22-90000-C", "index_price": 28482.95, "direction": "sell", "amount": 0.1}, {"trade_seq": 1948, "trade_id": "217651886", "timestamp": 1654970468023, "tick_direction": 3, "price": 0.005, "mark_price": 0.0057179, "iv": 70.7, "instrument_name": "BTC-30DEC22-90000-C", "index_price": 28482.95, "direction": "sell", "amount": 0.1}, {"trade_seq": 1947, "trade_id": "217651884", "timestamp": 1654970464470, "tick_direction": 3, "price": 0.005, "mark_price": 0.00571929, "iv": 70.7, "instrument_name": "BTC-30DEC22-90000-C", "index_price": 28483.87, "direction": "sell", "amount": 0.1}, {"trade_seq": 1946, "trade_id": "217651883", "timestamp": 1654970463202, "tick_direction": 3, "price": 0.005, "mark_price": 0.00572142, "iv": 70.7, "instrument_name": "BTC-30DEC22-90000-C", "index_price": 28486.55, "direction": "sell", "amount": 0.1}, {"trade_seq": 1945, "trade_id": "217651882", "timestamp": 1654970463086, "tick_direction": 3, "price": 0.005, "mark_price": 0.00572142, "iv": 70.7, "instrument_name": "BTC-30DEC22-90000-C", "index_price": 28486.55, "direction": "sell", "amount": 0.1}, {"trade_seq": 1944, "trade_id": "217651881", "timestamp": 1654970463063, "tick_direction": 3, "price": 0.005, "mark_price": 0.00572142, "iv": 70.7, "instrument_name": "BTC-30DEC22-90000-C", "index_price": 28486.55, "direction": "sell", "amount": 0.1}, {"trade_seq": 1943, "trade_id": "217651880", "timestamp": 1654970463053, "tick_direction": 3, "price": 0.005, "mark_price": 0.00572142, "iv": 70.7, "instrument_name": "BTC-30DEC22-90000-C", "index_price": 28486.55, "direction": "sell", "amount": 0.1}, {"trade_seq": 1942, "trade_id": "217651879", "timestamp": 1654970462309, "tick_direction": 3, "price": 0.005, "mark_price": 0.00572142, "iv": 70.7, "instrument_name": "BTC-30DEC22-90000-C", "index_price": 28486.3, "direction": "sell", "amount": 0.1}, {"trade_seq": 1941, "trade_id": "217651878", "timestamp": 1654970460302, "tick_direction": 3, "price": 0.005, "mark_price": 0.00572104, "iv": 70.7, "instrument_name": "BTC-30DEC22-90000-C", "index_price": 28486.37, "direction": "sell", "amount": 0.1}, {"trade_seq": 1940, "trade_id": "217651877", "timestamp": 1654970460272, "tick_direction": 3, "price": 0.005, "mark_price": 0.00572104, "iv": 70.7, "instrument_name": "BTC-30DEC22-90000-C", "index_price": 28486.37, "direction": "sell", "amount": 0.1}, {"trade_seq": 1939, "trade_id": "217651875", "timestamp": 1654970458253, "tick_direction": 3, "price": 0.005, "mark_price": 0.00572027, "iv": 70.7, "instrument_name": "BTC-30DEC22-90000-C", "index_price": 28485.6, "direction": "sell", "amount": 0.1}, {"trade_seq": 1938, "trade_id": "217651869", "timestamp": 1654970452203, "tick_direction": 3, "price": 0.005, "mark_price": 0.00571694, "iv": 70.71, "instrument_name": "BTC-30DEC22-90000-C", "index_price": 28482.81, "direction": "sell", "amount": 0.1}, {"trade_seq": 1937, "trade_id": "217651868", "timestamp": 1654970450211, "tick_direction": 3, "price": 0.005, "mark_price": 0.00571749, "iv": 70.7, "instrument_name": "BTC-30DEC22-90000-C", "index_price": 28482.97, "direction": "sell", "amount": 0.1}, {"trade_seq": 1936, "trade_id": "217651867", "timestamp": 1654970450184, "tick_direction": 3, "price": 0.005, "mark_price": 0.00571749, "iv": 70.7, "instrument_name": "BTC-30DEC22-90000-C", "index_price": 28482.97, "direction": "sell", "amount": 0.1}, {"trade_seq": 1935, "trade_id": "217651866", "timestamp": 1654970448164, "tick_direction": 3, "price": 0.005, "mark_price": 0.00571803, "iv": 70.7, "instrument_name": "BTC-30DEC22-90000-C", "index_price": 28483.24, "direction": "sell", "amount": 0.1}, {"trade_seq": 1934, "trade_id": "217651865", "timestamp": 1654970446144, "tick_direction": 3, "price": 0.005, "mark_price": 0.00571792, "iv": 70.7, "instrument_name": "BTC-30DEC22-90000-C", "index_price": 28482.84, "direction": "sell", "amount": 0.1}, {"trade_seq": 1933, "trade_id": "217651864", "timestamp": 1654970444151, "tick_direction": 3, "price": 0.005, "mark_price": 0.0057186, "iv": 70.7, "instrument_name": "BTC-30DEC22-90000-C", "index_price": 28483.43, "direction": "sell", "amount": 0.1}, {"trade_seq": 1932, "trade_id": "217651863", "timestamp": 1654970444123, "tick_direction": 3, "price": 0.005, "mark_price": 0.0057186, "iv": 70.7, "instrument_name": "BTC-30DEC22-90000-C", "index_price": 28483.43, "direction": "sell", "amount": 0.1}, {"trade_seq": 1931, "trade_id": "217651862", "timestamp": 1654970442103, "tick_direction": 3, "price": 0.005, "mark_price": 0.00572003, "iv": 70.7, "instrument_name": "BTC-30DEC22-90000-C", "index_price": 28483.21, "direction": "sell", "amount": 0.1}, {"trade_seq": 1930, "trade_id": "217651861", "timestamp": 1654970440563, "tick_direction": 3, "price": 0.005, "mark_price": 0.00572022, "iv": 70.7, "instrument_name": "BTC-30DEC22-90000-C", "index_price": 28484.29, "direction": "sell", "amount": 0.1}, {"trade_seq": 1929, "trade_id": "217651860", "timestamp": 1654970440214, "tick_direction": 3, "price": 0.005, "mark_price": 0.00572022, "iv": 70.7, "instrument_name": "BTC-30DEC22-90000-C", "index_price": 28484.49, "direction": "sell", "amount": 0.1}, {"trade_seq": 1928, "trade_id": "217651859", "timestamp": 1654970439953, "tick_direction": 3, "price": 0.005, "mark_price": 0.00572022, "iv": 70.7, "instrument_name": "BTC-30DEC22-90000-C", "index_price": 28484.49, "direction": "sell", "amount": 0.1}, {"trade_seq": 1927, "trade_id": "217651858", "timestamp": 1654970439930, "tick_direction": 3, "price": 0.005, "mark_price": 0.00572022, "iv": 70.7, "instrument_name": "BTC-30DEC22-90000-C", "index_price": 28484.49, "direction": "sell", "amount": 0.1}, {"trade_seq": 1926, "trade_id": "217651857", "timestamp": 1654970439912, "tick_direction": 3, "price": 0.005, "mark_price": 0.00572022, "iv": 70.7, "instrument_name": "BTC-30DEC22-90000-C", "index_price": 28484.49, "direction": "sell", "amount": 0.1}, {"trade_seq": 1925, "trade_id": "217651856", "timestamp": 1654970439576, "tick_direction": 3, "price": 0.005, "mark_price": 0.00572009, "iv": 70.7, "instrument_name": "BTC-30DEC22-90000-C", "index_price": 28484.49, "direction": "sell", "amount": 0.1}, {"trade_seq": 1924, "trade_id": "217651855", "timestamp": 1654970436049, "tick_direction": 3, "price": 0.005, "mark_price": 0.00571861, "iv": 70.7, "instrument_name": "BTC-30DEC22-90000-C", "index_price": 28483.71, "direction": "sell", "amount": 0.1}, {"trade_seq": 1923, "trade_id": "217651854", "timestamp": 1654970436041, "tick_direction": 3, "price": 0.005, "mark_price": 0.00571861, "iv": 70.7, "instrument_name": "BTC-30DEC22-90000-C", "index_price": 28483.71, "direction": "sell", "amount": 0.1}, {"trade_seq": 1922, "trade_id": "217651853", "timestamp": 1654970434018, "tick_direction": 3, "price": 0.005, "mark_price": 0.00571705, "iv": 70.71, "instrument_name": "BTC-30DEC22-90000-C", "index_price": 28482.16, "direction": "sell", "amount": 0.1}, {"trade_seq": 1921, "trade_id": "217651852", "timestamp": 1654970433371, "tick_direction": 2, "price": 0.005, "mark_price": 0.00571705, "iv": 70.71, "instrument_name": "BTC-30DEC22-90000-C", "index_price": 28482.16, "direction": "sell", "amount": 0.1}, {"trade_seq": 1920, "trade_id": "217649530", "timestamp": 1654968069881, "tick_direction": 3, "price": 0.0055, "mark_price": 0.00614576, "iv": 71.74, "instrument_name": "BTC-30DEC22-90000-C", "index_price": 28449.41, "direction": "sell", "amount": 0.1}, {"trade_seq": 1919, "trade_id": "217649529", "timestamp": 1654968067902, "tick_direction": 3, "price": 0.0055, "mark_price": 0.00614606, "iv": 71.74, "instrument_name": "BTC-30DEC22-90000-C", "index_price": 28449.19, "direction": "sell", "amount": 0.1}, {"trade_seq": 1918, "trade_id": "217649528", "timestamp": 1654968067499, "tick_direction": 3, "price": 0.0055, "mark_price": 0.00614606, "iv": 71.74, "instrument_name": "BTC-30DEC22-90000-C", "index_price": 28449.28, "direction": "sell", "amount": 0.1}, {"trade_seq": 1917, "trade_id": "217649527", "timestamp": 1654968065506, "tick_direction": 3, "price": 0.0055, "mark_price": 0.00614672, "iv": 71.74, "instrument_name": "BTC-30DEC22-90000-C", "index_price": 28449.97, "direction": "sell", "amount": 0.1}, {"trade_seq": 1916, "trade_id": "217649526", "timestamp": 1654968065478, "tick_direction": 3, "price": 0.0055, "mark_price": 0.00614672, "iv": 71.74, "instrument_name": "BTC-30DEC22-90000-C", "index_price": 28449.97, "direction": "sell", "amount": 0.1}, {"trade_seq": 1915, "trade_id": "217649525", "timestamp": 1654968061770, "tick_direction": 3, "price": 0.0055, "mark_price": 0.00614852, "iv": 71.74, "instrument_name": "BTC-30DEC22-90000-C", "index_price": 28450.95, "direction": "sell", "amount": 0.1}, {"trade_seq": 1914, "trade_id": "217649522", "timestamp": 1654968057398, "tick_direction": 3, "price": 0.0055, "mark_price": 0.00615537, "iv": 71.72, "instrument_name": "BTC-30DEC22-90000-C", "index_price": 28454.96, "direction": "sell", "amount": 0.1}, {"trade_seq": 1913, "trade_id": "217649519", "timestamp": 1654968057321, "tick_direction": 3, "price": 0.0055, "mark_price": 0.00615537, "iv": 71.72, "instrument_name": "BTC-30DEC22-90000-C", "index_price": 28454.96, "direction": "sell", "amount": 0.1}, {"trade_seq": 1912, "trade_id": "217649513", "timestamp": 1654968055773, "tick_direction": 3, "price": 0.0055, "mark_price": 0.0061561, "iv": 71.72, "instrument_name": "BTC-30DEC22-90000-C", "index_price": 28458.24, "direction": "sell", "amount": 0.1}, {"trade_seq": 1911, "trade_id": "217649507", "timestamp": 1654968055387, "tick_direction": 3, "price": 0.0055, "mark_price": 0.0061561, "iv": 71.72, "instrument_name": "BTC-30DEC22-90000-C", "index_price": 28458.56, "direction": "sell", "amount": 0.1}, {"trade_seq": 1910, "trade_id": "217649506", "timestamp": 1654968055379, "tick_direction": 3, "price": 0.0055, "mark_price": 0.0061561, "iv": 71.72, "instrument_name": "BTC-30DEC22-90000-C", "index_price": 28458.56, "direction": "sell", "amount": 0.1}, {"trade_seq": 1909, "trade_id": "217649505", "timestamp": 1654968055056, "tick_direction": 3, "price": 0.0055, "mark_price": 0.00615631, "iv": 71.72, "instrument_name": "BTC-30DEC22-90000-C", "index_price": 28458.56, "direction": "sell", "amount": 0.1}, {"trade_seq": 1908, "trade_id": "217649504", "timestamp": 1654968055048, "tick_direction": 3, "price": 0.0055, "mark_price": 0.00615631, "iv": 71.72, "instrument_name": "BTC-30DEC22-90000-C", "index_price": 28458.56, "direction": "sell", "amount": 0.1}, {"trade_seq": 1907, "trade_id": "217649503", "timestamp": 1654968055041, "tick_direction": 3, "price": 0.0055, "mark_price": 0.00615631, "iv": 71.72, "instrument_name": "BTC-30DEC22-90000-C", "index_price": 28458.56, "direction": "sell", "amount": 0.1}, {"trade_seq": 1906, "trade_id": "217649502", "timestamp": 1654968055034, "tick_direction": 3, "price": 0.0055, "mark_price": 0.00615631, "iv": 71.72, "instrument_name": "BTC-30DEC22-90000-C", "index_price": 28458.56, "direction": "sell", "amount": 0.1}, {"trade_seq": 1905, "trade_id": "217649501", "timestamp": 1654968055022, "tick_direction": 3, "price": 0.0055, "mark_price": 0.00615631, "iv": 71.72, "instrument_name": "BTC-30DEC22-90000-C", "index_price": 28458.56, "direction": "sell", "amount": 0.2}, {"trade_seq": 1904, "trade_id": "217649447", "timestamp": 1654968018463, "tick_direction": 3, "price": 0.0055, "mark_price": 0.00616588, "iv": 71.74, "instrument_name": "BTC-30DEC22-90000-C", "index_price": 28452.15, "direction": "sell", "amount": 0.1}, {"trade_seq": 1903, "trade_id": "217649446", "timestamp": 1654968018262, "tick_direction": 3, "price": 0.0055, "mark_price": 0.00616588, "iv": 71.74, "instrument_name": "BTC-30DEC22-90000-C", "index_price": 28451.84, "direction": "sell", "amount": 0.1}, {"trade_seq": 1902, "trade_id": "217649445", "timestamp": 1654968016120, "tick_direction": 3, "price": 0.0055, "mark_price": 0.00616584, "iv": 71.74, "instrument_name": "BTC-30DEC22-90000-C", "index_price": 28451.66, "direction": "sell", "amount": 0.1}, {"trade_seq": 1901, "trade_id": "217649444", "timestamp": 1654968014996, "tick_direction": 3, "price": 0.0055, "mark_price": 0.00616615, "iv": 71.74, "instrument_name": "BTC-30DEC22-90000-C", "index_price": 28451.49, "direction": "sell", "amount": 0.1}, {"trade_seq": 1900, "trade_id": "217649443", "timestamp": 1654968013011, "tick_direction": 3, "price": 0.0055, "mark_price": 0.00616604, "iv": 71.74, "instrument_name": "BTC-30DEC22-90000-C", "index_price": 28451.96, "direction": "sell", "amount": 0.1}, {"trade_seq": 1899, "trade_id": "217649442", "timestamp": 1654968013003, "tick_direction": 3, "price": 0.0055, "mark_price": 0.00616604, "iv": 71.74, "instrument_name": "BTC-30DEC22-90000-C", "index_price": 28451.96, "direction": "sell", "amount": 0.1}, {"trade_seq": 1898, "trade_id": "217649441", "timestamp": 1654968012974, "tick_direction": 3, "price": 0.0055, "mark_price": 0.00616604, "iv": 71.74, "instrument_name": "BTC-30DEC22-90000-C", "index_price": 28451.96, "direction": "sell", "amount": 0.1}, {"trade_seq": 1897, "trade_id": "217649440", "timestamp": 1654968011538, "tick_direction": 3, "price": 0.0055, "mark_price": 0.00616603, "iv": 71.74, "instrument_name": "BTC-30DEC22-90000-C", "index_price": 28451.72, "direction": "sell", "amount": 0.1}, {"trade_seq": 1896, "trade_id": "217649439", "timestamp": 1654968010953, "tick_direction": 3, "price": 0.0055, "mark_price": 0.00616576, "iv": 71.74, "instrument_name": "BTC-30DEC22-90000-C", "index_price": 28451.8, "direction": "sell", "amount": 0.1}, {"trade_seq": 1895, "trade_id": "217649437", "timestamp": 1654968009584, "tick_direction": 3, "price": 0.0055, "mark_price": 0.0061658, "iv": 71.74, "instrument_name": "BTC-30DEC22-90000-C", "index_price": 28451.56, "direction": "sell", "amount": 0.1}, {"trade_seq": 1894, "trade_id": "217649435", "timestamp": 1654968002906, "tick_direction": 3, "price": 0.0055, "mark_price": 0.00616855, "iv": 71.74, "instrument_name": "BTC-30DEC22-90000-C", "index_price": 28453.66, "direction": "sell", "amount": 0.1}, {"trade_seq": 1893, "trade_id": "217649434", "timestamp": 1654968002898, "tick_direction": 3, "price": 0.0055, "mark_price": 0.00616855, "iv": 71.74, "instrument_name": "BTC-30DEC22-90000-C", "index_price": 28453.66, "direction": "sell", "amount": 0.1}, {"trade_seq": 1892, "trade_id": "217649433", "timestamp": 1654968002885, "tick_direction": 3, "price": 0.0055, "mark_price": 0.00616855, "iv": 71.74, "instrument_name": "BTC-30DEC22-90000-C", "index_price": 28453.66, "direction": "sell", "amount": 0.1}, {"trade_seq": 1891, "trade_id": "217649432", "timestamp": 1654968002603, "tick_direction": 3, "price": 0.0055, "mark_price": 0.00616855, "iv": 71.74, "instrument_name": "BTC-30DEC22-90000-C", "index_price": 28453.66, "direction": "sell", "amount": 0.1}, {"trade_seq": 1890, "trade_id": "217649431", "timestamp": 1654968002588, "tick_direction": 3, "price": 0.0055, "mark_price": 0.00616855, "iv": 71.74, "instrument_name": "BTC-30DEC22-90000-C", "index_price": 28453.66, "direction": "sell", "amount": 0.1}, {"trade_seq": 1889, "trade_id": "217649422", "timestamp": 1654968001260, "tick_direction": 3, "price": 0.0055, "mark_price": 0.00617076, "iv": 71.73, "instrument_name": "BTC-30DEC22-90000-C", "index_price": 28455.78, "direction": "sell", "amount": 0.1}, {"trade_seq": 1888, "trade_id": "217649421", "timestamp": 1654968001243, "tick_direction": 3, "price": 0.0055, "mark_price": 0.00617076, "iv": 71.73, "instrument_name": "BTC-30DEC22-90000-C", "index_price": 28455.78, "direction": "sell", "amount": 0.1}, {"trade_seq": 1887, "trade_id": "217649420", "timestamp": 1654968001231, "tick_direction": 3, "price": 0.0055, "mark_price": 0.00617076, "iv": 71.73, "instrument_name": "BTC-30DEC22-90000-C", "index_price": 28455.78, "direction": "sell", "amount": 0.1}, {"trade_seq": 1886, "trade_id": "217649418", "timestamp": 1654968000871, "tick_direction": 3, "price": 0.0055, "mark_price": 0.00617234, "iv": 71.74, "instrument_name": "BTC-30DEC22-90000-C", "index_price": 28457.37, "direction": "sell", "amount": 0.1}, {"trade_seq": 1885, "trade_id": "217649417", "timestamp": 1654968000862, "tick_direction": 3, "price": 0.0055, "mark_price": 0.00617234, "iv": 71.74, "instrument_name": "BTC-30DEC22-90000-C", "index_price": 28457.37, "direction": "sell", "amount": 0.1}, {"trade_seq": 1884, "trade_id": "217649416", "timestamp": 1654968000713, "tick_direction": 3, "price": 0.0055, "mark_price": 0.00617234, "iv": 71.74, "instrument_name": "BTC-30DEC22-90000-C", "index_price": 28457.37, "direction": "sell", "amount": 0.1}, {"trade_seq": 1883, "trade_id": "217649414", "timestamp": 1654967999659, "tick_direction": 3, "price": 0.0055, "mark_price": 0.00616617, "iv": 71.74, "instrument_name": "BTC-30DEC22-90000-C", "index_price": 28453.47, "direction": "sell", "amount": 0.1}, {"trade_seq": 1882, "trade_id": "217649413", "timestamp": 1654967999647, "tick_direction": 3, "price": 0.0055, "mark_price": 0.00616617, "iv": 71.74, "instrument_name": "BTC-30DEC22-90000-C", "index_price": 28453.47, "direction": "sell", "amount": 0.1}, {"trade_seq": 1881, "trade_id": "217649412", "timestamp": 1654967999636, "tick_direction": 3, "price": 0.0055, "mark_price": 0.00616617, "iv": 71.74, "instrument_name": "BTC-30DEC22-90000-C", "index_price": 28453.47, "direction": "sell", "amount": 0.1}, {"trade_seq": 1880, "trade_id": "217649411", "timestamp": 1654967999616, "tick_direction": 3, "price": 0.0055, "mark_price": 0.00616617, "iv": 71.74, "instrument_name": "BTC-30DEC22-90000-C", "index_price": 28453.47, "direction": "sell", "amount": 0.1}, {"trade_seq": 1879, "trade_id": "217649410", "timestamp": 1654967999609, "tick_direction": 3, "price": 0.0055, "mark_price": 0.00616617, "iv": 71.74, "instrument_name": "BTC-30DEC22-90000-C", "index_price": 28453.47, "direction": "sell", "amount": 0.2}, {"trade_seq": 1878, "trade_id": "217649409", "timestamp": 1654967999535, "tick_direction": 3, "price": 0.0055, "mark_price": 0.00616617, "iv": 71.74, "instrument_name": "BTC-30DEC22-90000-C", "index_price": 28453.47, "direction": "sell", "amount": 0.3}, {"trade_seq": 1877, "trade_id": "217649408", "timestamp": 1654967999522, "tick_direction": 3, "price": 0.0055, "mark_price": 0.00616617, "iv": 71.74, "instrument_name": "BTC-30DEC22-90000-C", "index_price": 28453.47, "direction": "sell", "amount": 0.3}, {"trade_seq": 1876, "trade_id": "217649407", "timestamp": 1654967999511, "tick_direction": 3, "price": 0.0055, "mark_price": 0.00616617, "iv": 71.74, "instrument_name": "BTC-30DEC22-90000-C", "index_price": 28453.47, "direction": "sell", "amount": 0.4}, {"trade_seq": 1875, "trade_id": "217649406", "timestamp": 1654967999495, "tick_direction": 2, "price": 0.0055, "mark_price": 0.00616617, "iv": 71.74, "instrument_name": "BTC-30DEC22-90000-C", "index_price": 28453.47, "direction": "sell", "amount": 0.6}, {"trade_seq": 1874, "trade_id": "217552495", "timestamp": 1654933114177, "tick_direction": 3, "price": 0.007, "mark_price": 0.00665886, "iv": 72.82, "instrument_name": "BTC-30DEC22-90000-C", "index_price": 29312.73, "direction": "sell", "amount": 2.2}, {"trade_seq": 1873, "trade_id": "217552304", "timestamp": 1654933010640, "tick_direction": 3, "price": 0.007, "mark_price": 0.00664316, "iv": 72.82, "instrument_name": "BTC-30DEC22-90000-C", "index_price": 29304.94, "direction": "buy", "amount": 0.1}, {"trade_seq": 1872, "trade_id": "217552301", "timestamp": 1654932999704, "tick_direction": 3, "price": 0.007, "mark_price": 0.00664084, "iv": 72.83, "instrument_name": "BTC-30DEC22-90000-C", "index_price": 29303.38, "direction": "buy", "amount": 0.1}, {"trade_seq": 1871, "trade_id": "217552295", "timestamp": 1654932987581, "tick_direction": 3, "price": 0.007, "mark_price": 0.0066366, "iv": 72.83, "instrument_name": "BTC-30DEC22-90000-C", "index_price": 29301.92, "direction": "buy", "amount": 0.1}, {"trade_seq": 1870, "trade_id": "217552286", "timestamp": 1654932985560, "tick_direction": 3, "price": 0.007, "mark_price": 0.00663637, "iv": 72.83, "instrument_name": "BTC-30DEC22-90000-C", "index_price": 29301.64, "direction": "buy", "amount": 0.1}, {"trade_seq": 1869, "trade_id": "217552285", "timestamp": 1654932978403, "tick_direction": 3, "price": 0.007, "mark_price": 0.00663407, "iv": 72.83, "instrument_name": "BTC-30DEC22-90000-C", "index_price": 29301.98, "direction": "buy", "amount": 0.1}, {"trade_seq": 1868, "trade_id": "217552195", "timestamp": 1654932789536, "tick_direction": 3, "price": 0.007, "mark_price": 0.00660007, "iv": 72.83, "instrument_name": "BTC-30DEC22-90000-C", "index_price": 29304.89, "direction": "buy", "amount": 0.1}, {"trade_seq": 1867, "trade_id": "217552189", "timestamp": 1654932777666, "tick_direction": 3, "price": 0.007, "mark_price": 0.0065976, "iv": 72.83, "instrument_name": "BTC-30DEC22-90000-C", "index_price": 29304.76, "direction": "buy", "amount": 0.1}, {"trade_seq": 1866, "trade_id": "217552188", "timestamp": 1654932777488, "tick_direction": 3, "price": 0.007, "mark_price": 0.0065976, "iv": 72.83, "instrument_name": "BTC-30DEC22-90000-C", "index_price": 29304.76, "direction": "buy", "amount": 0.1}, {"trade_seq": 1865, "trade_id": "217552187", "timestamp": 1654932769761, "tick_direction": 3, "price": 0.007, "mark_price": 0.00659617, "iv": 72.83, "instrument_name": "BTC-30DEC22-90000-C", "index_price": 29304.63, "direction": "buy", "amount": 0.2}, {"trade_seq": 1864, "trade_id": "217552186", "timestamp": 1654932769405, "tick_direction": 2, "price": 0.007, "mark_price": 0.00659579, "iv": 72.83, "instrument_name": "BTC-30DEC22-90000-C", "index_price": 29304.49, "direction": "buy", "amount": 0.3}, {"trade_seq": 1863, "trade_id": "217472174", "timestamp": 1654875692739, "tick_direction": 1, "price": 0.0075, "mark_price": 0.00715021, "iv": 73.28, "instrument_name": "BTC-30DEC22-90000-C", "index_price": 29422.27, "direction": "buy", "amount": 0.2}, {"trade_seq": 1862, "trade_id": "217472173", "timestamp": 1654875687872, "tick_direction": 1, "price": 0.0075, "mark_price": 0.00714676, "iv": 73.28, "instrument_name": "BTC-30DEC22-90000-C", "index_price": 29422.7, "direction": "buy", "amount": 0.1}, {"trade_seq": 1861, "trade_id": "217472172", "timestamp": 1654875687437, "tick_direction": 1, "price": 0.0075, "mark_price": 0.00714567, "iv": 73.28, "instrument_name": "BTC-30DEC22-90000-C", "index_price": 29422.3, "direction": "buy", "amount": 0.1}, {"trade_seq": 1860, "trade_id": "217472171", "timestamp": 1654875686673, "tick_direction": 1, "price": 0.0075, "mark_price": 0.00714529, "iv": 73.28, "instrument_name": "BTC-30DEC22-90000-C", "index_price": 29422.11, "direction": "buy", "amount": 0.2}, {"trade_seq": 1859, "trade_id": "217472170", "timestamp": 1654875685019, "tick_direction": 1, "price": 0.0075, "mark_price": 0.00714391, "iv": 73.28, "instrument_name": "BTC-30DEC22-90000-C", "index_price": 29422.6, "direction": "buy", "amount": 0.1}, {"trade_seq": 1858, "trade_id": "217472169", "timestamp": 1654875685007, "tick_direction": 1, "price": 0.0075, "mark_price": 0.00714391, "iv": 73.28, "instrument_name": "BTC-30DEC22-90000-C", "index_price": 29422.6, "direction": "buy", "amount": 0.1}, {"trade_seq": 1857, "trade_id": "217472166", "timestamp": 1654875684657, "tick_direction": 0, "price": 0.0075, "mark_price": 0.00714261, "iv": 73.28, "instrument_name": "BTC-30DEC22-90000-C", "index_price": 29422.58, "direction": "buy", "amount": 0.2}, {"trade_seq": 1856, "trade_id": "217260358", "timestamp": 1654762718629, "tick_direction": 2, "price": 0.007, "mark_price": 0.00718675, "iv": 70.82, "instrument_name": "BTC-30DEC22-90000-C", "index_price": 30358.83, "direction": "buy", "amount": 1.9}, {"trade_seq": 1855, "trade_id": "217123677", "timestamp": 1654646584521, "tick_direction": 1, "price": 0.009, "mark_price": 0.00847872, "iv": 72.21, "instrument_name": "BTC-30DEC22-90000-C", "index_price": 31097.55, "direction": "buy", "amount": 0.3}, {"trade_seq": 1854, "trade_id": "217123676", "timestamp": 1654646584346, "tick_direction": 1, "price": 0.009, "mark_price": 0.00847872, "iv": 72.21, "instrument_name": "BTC-30DEC22-90000-C", "index_price": 31097.55, "direction": "buy", "amount": 0.5}, {"trade_seq": 1853, "trade_id": "217123675", "timestamp": 1654646584335, "tick_direction": 1, "price": 0.009, "mark_price": 0.00847872, "iv": 72.21, "instrument_name": "BTC-30DEC22-90000-C", "index_price": 31097.55, "direction": "buy", "amount": 0.6}, {"trade_seq": 1852, "trade_id": "217123674", "timestamp": 1654646584297, "tick_direction": 1, "price": 0.009, "mark_price": 0.00847872, "iv": 72.21, "instrument_name": "BTC-30DEC22-90000-C", "index_price": 31097.55, "direction": "buy", "amount": 0.8}, {"trade_seq": 1851, "trade_id": "217123673", "timestamp": 1654646584279, "tick_direction": 0, "price": 0.009, "mark_price": 0.00847872, "iv": 72.21, "instrument_name": "BTC-30DEC22-90000-C", "index_price": 31097.55, "direction": "buy", "amount": 1.2}, {"trade_seq": 1850, "trade_id": "217038261", "timestamp": 1654611326627, "tick_direction": 0, "price": 0.008, "mark_price": 0.00731732, "iv": 73.41, "instrument_name": "BTC-30DEC22-90000-C", "index_price": 29531.88, "direction": "buy", "amount": 2.0}, {"trade_seq": 1849, "trade_id": "217015279", "timestamp": 1654585957636, "tick_direction": 1, "price": 0.0075, "mark_price": 0.00738173, "iv": 72.61, "instrument_name": "BTC-30DEC22-90000-C", "index_price": 29512.26, "direction": "buy", "amount": 6.4}, {"trade_seq": 1848, "trade_id": "217015278", "timestamp": 1654585957636, "tick_direction": 1, "price": 0.0075, "mark_price": 0.00738173, "iv": 72.61, "instrument_name": "BTC-30DEC22-90000-C", "index_price": 29512.26, "direction": "buy", "amount": 1.7}, {"trade_seq": 1847, "trade_id": "217015260", "timestamp": 1654585891054, "tick_direction": 1, "price": 0.0075, "mark_price": 0.00741731, "iv": 72.6, "instrument_name": "BTC-30DEC22-90000-C", "index_price": 29517.45, "direction": "sell", "amount": 6.1}, {"trade_seq": 1846, "trade_id": "217015259", "timestamp": 1654585891050, "tick_direction": 1, "price": 0.0075, "mark_price": 0.00741731, "iv": 72.6, "instrument_name": "BTC-30DEC22-90000-C", "index_price": 29517.45, "direction": "buy", "amount": 1.8}, {"trade_seq": 1845, "trade_id": "217015258", "timestamp": 1654585891050, "tick_direction": 0, "price": 0.0075, "mark_price": 0.00741731, "iv": 72.6, "instrument_name": "BTC-30DEC22-90000-C", "index_price": 29517.45, "direction": "buy", "amount": 2.1}, {"trade_seq": 1844, "trade_id": "217014727", "timestamp": 1654584849436, "tick_direction": 3, "price": 0.007, "mark_price": 0.00734636, "iv": 71.87, "instrument_name": "BTC-30DEC22-90000-C", "index_price": 29501.62, "direction": "sell", "amount": 0.1}, {"trade_seq": 1843, "trade_id": "217014700", "timestamp": 1654584824039, "tick_direction": 3, "price": 0.007, "mark_price": 0.00734126, "iv": 71.87, "instrument_name": "BTC-30DEC22-90000-C", "index_price": 29496.76, "direction": "sell", "amount": 0.1}, {"trade_seq": 1842, "trade_id": "217014698", "timestamp": 1654584811920, "tick_direction": 3, "price": 0.007, "mark_price": 0.00733839, "iv": 71.87, "instrument_name": "BTC-30DEC22-90000-C", "index_price": 29496.76, "direction": "sell", "amount": 0.1}, {"trade_seq": 1841, "trade_id": "217014697", "timestamp": 1654584788190, "tick_direction": 3, "price": 0.007, "mark_price": 0.00733437, "iv": 71.87, "instrument_name": "BTC-30DEC22-90000-C", "index_price": 29501.52, "direction": "sell", "amount": 0.1}, {"trade_seq": 1840, "trade_id": "217014696", "timestamp": 1654584788178, "tick_direction": 3, "price": 0.007, "mark_price": 0.00733437, "iv": 71.87, "instrument_name": "BTC-30DEC22-90000-C", "index_price": 29501.52, "direction": "sell", "amount": 0.1}, {"trade_seq": 1839, "trade_id": "217014695", "timestamp": 1654584788164, "tick_direction": 3, "price": 0.007, "mark_price": 0.00733437, "iv": 71.87, "instrument_name": "BTC-30DEC22-90000-C", "index_price": 29501.52, "direction": "sell", "amount": 0.1}, {"trade_seq": 1838, "trade_id": "217014693", "timestamp": 1654584783192, "tick_direction": 3, "price": 0.007, "mark_price": 0.00733607, "iv": 71.87, "instrument_name": "BTC-30DEC22-90000-C", "index_price": 29504.5, "direction": "sell", "amount": 0.1}, {"trade_seq": 1837, "trade_id": "217014692", "timestamp": 1654584782616, "tick_direction": 3, "price": 0.007, "mark_price": 0.00733584, "iv": 71.87, "instrument_name": "BTC-30DEC22-90000-C", "index_price": 29504.5, "direction": "sell", "amount": 0.1}, {"trade_seq": 1836, "trade_id": "217014686", "timestamp": 1654584777609, "tick_direction": 3, "price": 0.007, "mark_price": 0.00733686, "iv": 71.87, "instrument_name": "BTC-30DEC22-90000-C", "index_price": 29504.67, "direction": "sell", "amount": 0.1}, {"trade_seq": 1835, "trade_id": "217014685", "timestamp": 1654584775576, "tick_direction": 3, "price": 0.007, "mark_price": 0.00733672, "iv": 71.87, "instrument_name": "BTC-30DEC22-90000-C", "index_price": 29506.47, "direction": "sell", "amount": 0.1}, {"trade_seq": 1834, "trade_id": "217014684", "timestamp": 1654584773554, "tick_direction": 3, "price": 0.007, "mark_price": 0.00733658, "iv": 71.87, "instrument_name": "BTC-30DEC22-90000-C", "index_price": 29506.49, "direction": "sell", "amount": 0.1}, {"trade_seq": 1833, "trade_id": "217014682", "timestamp": 1654584767496, "tick_direction": 3, "price": 0.007, "mark_price": 0.00733665, "iv": 71.87, "instrument_name": "BTC-30DEC22-90000-C", "index_price": 29506.63, "direction": "sell", "amount": 0.1}, {"trade_seq": 1832, "trade_id": "217014679", "timestamp": 1654584765476, "tick_direction": 3, "price": 0.007, "mark_price": 0.0073368, "iv": 71.87, "instrument_name": "BTC-30DEC22-90000-C", "index_price": 29506.86, "direction": "sell", "amount": 0.1}, {"trade_seq": 1831, "trade_id": "217014678", "timestamp": 1654584761459, "tick_direction": 3, "price": 0.007, "mark_price": 0.00733603, "iv": 71.87, "instrument_name": "BTC-30DEC22-90000-C", "index_price": 29507.18, "direction": "sell", "amount": 0.1}, {"trade_seq": 1830, "trade_id": "217014677", "timestamp": 1654584761440, "tick_direction": 3, "price": 0.007, "mark_price": 0.00733603, "iv": 71.87, "instrument_name": "BTC-30DEC22-90000-C", "index_price": 29507.18, "direction": "sell", "amount": 0.1}, {"trade_seq": 1829, "trade_id": "217014676", "timestamp": 1654584753351, "tick_direction": 3, "price": 0.007, "mark_price": 0.00733068, "iv": 71.87, "instrument_name": "BTC-30DEC22-90000-C", "index_price": 29503.51, "direction": "sell", "amount": 0.1}, {"trade_seq": 1828, "trade_id": "217014675", "timestamp": 1654584751330, "tick_direction": 3, "price": 0.007, "mark_price": 0.00733043, "iv": 71.87, "instrument_name": "BTC-30DEC22-90000-C", "index_price": 29503.39, "direction": "sell", "amount": 0.1}, {"trade_seq": 1827, "trade_id": "217014674", "timestamp": 1654584747316, "tick_direction": 3, "price": 0.007, "mark_price": 0.0073297, "iv": 71.87, "instrument_name": "BTC-30DEC22-90000-C", "index_price": 29503.03, "direction": "sell", "amount": 0.1}, {"trade_seq": 1826, "trade_id": "217014673", "timestamp": 1654584743249, "tick_direction": 3, "price": 0.007, "mark_price": 0.00732868, "iv": 71.87, "instrument_name": "BTC-30DEC22-90000-C", "index_price": 29503.99, "direction": "sell", "amount": 0.1}, {"trade_seq": 1825, "trade_id": "216983844", "timestamp": 1654567147912, "tick_direction": 3, "price": 0.007, "mark_price": 0.00745281, "iv": 71.73, "instrument_name": "BTC-30DEC22-90000-C", "index_price": 29568.41, "direction": "sell", "amount": 0.1}, {"trade_seq": 1824, "trade_id": "216983843", "timestamp": 1654567147887, "tick_direction": 3, "price": 0.007, "mark_price": 0.00745281, "iv": 71.73, "instrument_name": "BTC-30DEC22-90000-C", "index_price": 29568.41, "direction": "sell", "amount": 0.1}, {"trade_seq": 1823, "trade_id": "216983842", "timestamp": 1654567147836, "tick_direction": 3, "price": 0.007, "mark_price": 0.00745281, "iv": 71.73, "instrument_name": "BTC-30DEC22-90000-C", "index_price": 29568.41, "direction": "sell", "amount": 0.1}, {"trade_seq": 1822, "trade_id": "216983841", "timestamp": 1654567147804, "tick_direction": 3, "price": 0.007, "mark_price": 0.00745281, "iv": 71.73, "instrument_name": "BTC-30DEC22-90000-C", "index_price": 29568.41, "direction": "sell", "amount": 0.1}, {"trade_seq": 1821, "trade_id": "216983838", "timestamp": 1654567147771, "tick_direction": 3, "price": 0.007, "mark_price": 0.00745281, "iv": 71.73, "instrument_name": "BTC-30DEC22-90000-C", "index_price": 29568.41, "direction": "sell", "amount": 0.1}, {"trade_seq": 1820, "trade_id": "216983820", "timestamp": 1654567147107, "tick_direction": 3, "price": 0.007, "mark_price": 0.0074455, "iv": 71.72, "instrument_name": "BTC-30DEC22-90000-C", "index_price": 29572.43, "direction": "sell", "amount": 0.1}, {"trade_seq": 1819, "trade_id": "216983796", "timestamp": 1654567143635, "tick_direction": 3, "price": 0.007, "mark_price": 0.00743662, "iv": 71.74, "instrument_name": "BTC-30DEC22-90000-C", "index_price": 29558.88, "direction": "sell", "amount": 0.1}, {"trade_seq": 1818, "trade_id": "216983794", "timestamp": 1654567140854, "tick_direction": 3, "price": 0.007, "mark_price": 0.00743895, "iv": 71.74, "instrument_name": "BTC-30DEC22-90000-C", "index_price": 29558.4, "direction": "sell", "amount": 0.1}, {"trade_seq": 1817, "trade_id": "216983793", "timestamp": 1654567140819, "tick_direction": 3, "price": 0.007, "mark_price": 0.00743895, "iv": 71.74, "instrument_name": "BTC-30DEC22-90000-C", "index_price": 29558.4, "direction": "sell", "amount": 0.1}, {"trade_seq": 1816, "trade_id": "216983792", "timestamp": 1654567139320, "tick_direction": 3, "price": 0.007, "mark_price": 0.00743973, "iv": 71.74, "instrument_name": "BTC-30DEC22-90000-C", "index_price": 29559.45, "direction": "sell", "amount": 0.1}, {"trade_seq": 1815, "trade_id": "216983790", "timestamp": 1654567139255, "tick_direction": 3, "price": 0.007, "mark_price": 0.00743973, "iv": 71.74, "instrument_name": "BTC-30DEC22-90000-C", "index_price": 29559.45, "direction": "sell", "amount": 0.1}, {"trade_seq": 1814, "trade_id": "216983789", "timestamp": 1654567137376, "tick_direction": 3, "price": 0.007, "mark_price": 0.00743852, "iv": 71.74, "instrument_name": "BTC-30DEC22-90000-C", "index_price": 29559.67, "direction": "sell", "amount": 0.1}, {"trade_seq": 1813, "trade_id": "216983788", "timestamp": 1654567137334, "tick_direction": 3, "price": 0.007, "mark_price": 0.00743852, "iv": 71.74, "instrument_name": "BTC-30DEC22-90000-C", "index_price": 29559.67, "direction": "sell", "amount": 0.1}, {"trade_seq": 1812, "trade_id": "216983779", "timestamp": 1654567132799, "tick_direction": 3, "price": 0.007, "mark_price": 0.00743947, "iv": 71.74, "instrument_name": "BTC-30DEC22-90000-C", "index_price": 29555.18, "direction": "sell", "amount": 0.1}, {"trade_seq": 1811, "trade_id": "216983778", "timestamp": 1654567132792, "tick_direction": 3, "price": 0.007, "mark_price": 0.00743947, "iv": 71.74, "instrument_name": "BTC-30DEC22-90000-C", "index_price": 29555.18, "direction": "sell", "amount": 0.1}, {"trade_seq": 1810, "trade_id": "216983777", "timestamp": 1654567132786, "tick_direction": 3, "price": 0.007, "mark_price": 0.00743947, "iv": 71.74, "instrument_name": "BTC-30DEC22-90000-C", "index_price": 29555.18, "direction": "sell", "amount": 0.1}, {"trade_seq": 1809, "trade_id": "216983776", "timestamp": 1654567132779, "tick_direction": 3, "price": 0.007, "mark_price": 0.00743947, "iv": 71.74, "instrument_name": "BTC-30DEC22-90000-C", "index_price": 29555.18, "direction": "sell", "amount": 0.1}, {"trade_seq": 1808, "trade_id": "216983772", "timestamp": 1654567130300, "tick_direction": 3, "price": 0.007, "mark_price": 0.00744275, "iv": 71.74, "instrument_name": "BTC-30DEC22-90000-C", "index_price": 29555.94, "direction": "sell", "amount": 0.1}, {"trade_seq": 1807, "trade_id": "216983771", "timestamp": 1654567130290, "tick_direction": 3, "price": 0.007, "mark_price": 0.00744275, "iv": 71.74, "instrument_name": "BTC-30DEC22-90000-C", "index_price": 29555.94, "direction": "sell", "amount": 0.1}, {"trade_seq": 1806, "trade_id": "216983769", "timestamp": 1654567129938, "tick_direction": 3, "price": 0.007, "mark_price": 0.00744512, "iv": 71.73, "instrument_name": "BTC-30DEC22-90000-C", "index_price": 29556.46, "direction": "sell", "amount": 0.1}, {"trade_seq": 1805, "trade_id": "216983768", "timestamp": 1654567129911, "tick_direction": 3, "price": 0.007, "mark_price": 0.00744512, "iv": 71.73, "instrument_name": "BTC-30DEC22-90000-C", "index_price": 29556.46, "direction": "sell", "amount": 0.1}, {"trade_seq": 1804, "trade_id": "216983735", "timestamp": 1654567124717, "tick_direction": 3, "price": 0.007, "mark_price": 0.00744344, "iv": 71.74, "instrument_name": "BTC-30DEC22-90000-C", "index_price": 29551.57, "direction": "sell", "amount": 0.1}, {"trade_seq": 1803, "trade_id": "216983732", "timestamp": 1654567123929, "tick_direction": 3, "price": 0.007, "mark_price": 0.00744381, "iv": 71.74, "instrument_name": "BTC-30DEC22-90000-C", "index_price": 29551.86, "direction": "sell", "amount": 0.1}, {"trade_seq": 1802, "trade_id": "216983731", "timestamp": 1654567123919, "tick_direction": 3, "price": 0.007, "mark_price": 0.00744381, "iv": 71.74, "instrument_name": "BTC-30DEC22-90000-C", "index_price": 29551.86, "direction": "sell", "amount": 0.1}, {"trade_seq": 1801, "trade_id": "216983725", "timestamp": 1654567122694, "tick_direction": 3, "price": 0.007, "mark_price": 0.00743921, "iv": 71.73, "instrument_name": "BTC-30DEC22-90000-C", "index_price": 29556.99, "direction": "sell", "amount": 0.1}, {"trade_seq": 1800, "trade_id": "216983705", "timestamp": 1654567117325, "tick_direction": 3, "price": 0.007, "mark_price": 0.00743835, "iv": 71.74, "instrument_name": "BTC-30DEC22-90000-C", "index_price": 29555.94, "direction": "sell", "amount": 0.1}, {"trade_seq": 1799, "trade_id": "216983687", "timestamp": 1654567115468, "tick_direction": 3, "price": 0.007, "mark_price": 0.00745446, "iv": 71.73, "instrument_name": "BTC-30DEC22-90000-C", "index_price": 29557.91, "direction": "sell", "amount": 0.1}, {"trade_seq": 1798, "trade_id": "216983682", "timestamp": 1654567115025, "tick_direction": 3, "price": 0.007, "mark_price": 0.00745699, "iv": 71.71, "instrument_name": "BTC-30DEC22-90000-C", "index_price": 29571.52, "direction": "sell", "amount": 0.1}, {"trade_seq": 1797, "trade_id": "216983679", "timestamp": 1654567114856, "tick_direction": 2, "price": 0.007, "mark_price": 0.00745699, "iv": 71.71, "instrument_name": "BTC-30DEC22-90000-C", "index_price": 29571.52, "direction": "sell", "amount": 0.1}, {"trade_seq": 1796, "trade_id": "216873374", "timestamp": 1654503493762, "tick_direction": 1, "price": 0.009, "mark_price": 0.00878909, "iv": 71.39, "instrument_name": "BTC-30DEC22-90000-C", "index_price": 31330.12, "direction": "buy", "amount": 0.2}, {"trade_seq": 1795, "trade_id": "216872700", "timestamp": 1654503136793, "tick_direction": 0, "price": 0.009, "mark_price": 0.00896311, "iv": 71.36, "instrument_name": "BTC-30DEC22-90000-C", "index_price": 31362.15, "direction": "buy", "amount": 0.4}, {"trade_seq": 1794, "trade_id": "216853722", "timestamp": 1654488256362, "tick_direction": 1, "price": 0.0085, "mark_price": 0.00876911, "iv": 70.87, "instrument_name": "BTC-30DEC22-90000-C", "index_price": 31267.76, "direction": "buy", "amount": 0.2}