{"trades": [{"trade_seq": 4709, "trade_id": "138989357", "timestamp": 1616720291775, "tick_direction": 3, "price": 0.0005, "mark_price": 0.0, "iv": 237.04, "instrument_name": "BTC-26MAR21-60000-C", "index_price": 52167.83, "direction": "buy", "amount": 1.5}, {"trade_seq": 4708, "trade_id": "138989356", "timestamp": 1616720291775, "tick_direction": 3, "price": 0.0005, "mark_price": 0.0, "iv": 237.04, "instrument_name": "BTC-26MAR21-60000-C", "index_price": 52167.83, "direction": "buy", "amount": 0.1}, {"trade_seq": 4707, "trade_id": "138989355", "timestamp": 1616720291775, "tick_direction": 3, "price": 0.0005, "mark_price": 0.0, "iv": 237.04, "instrument_name": "BTC-26MAR21-60000-C", "index_price": 52167.83, "direction": "buy", "amount": 0.1}, {"trade_seq": 4706, "trade_id": "138989354", "timestamp": 1616720291775, "tick_direction": 3, "price": 0.0005, "mark_price": 0.0, "iv": 237.04, "instrument_name": "BTC-26MAR21-60000-C", "index_price": 52167.83, "direction": "buy", "amount": 1.0}, {"trade_seq": 4705, "trade_id": "138975577", "timestamp": 1616716920060, "tick_direction": 3, "price": 0.0005, "mark_price": 0.0, "iv": 239.47, "instrument_name": "BTC-26MAR21-60000-C", "index_price": 51480.18, "direction": "buy", "amount": 0.9}, {"trade_seq": 4704, "trade_id": "138780914", "timestamp": 1616681994344, "tick_direction": 3, "price": 0.0005, "mark_price": 3.38e-06, "iv": 155.17, "instrument_name": "BTC-26MAR21-60000-C", "index_price": 51828.2, "direction": "buy", "amount": 0.1}, {"trade_seq": 4703, "trade_id": "138747670", "timestamp": 1616677925561, "tick_direction": 3, "price": 0.0005, "mark_price": 9.6e-07, "iv": 169.0, "instrument_name": "BTC-26MAR21-60000-C", "index_price": 50737.17, "direction": "buy", "amount": 3.0}, {"trade_seq": 4702, "trade_id": "138687418", "timestamp": 1616672148498, "tick_direction": 3, "price": 0.0005, "mark_price": 3.395e-05, "iv": 130.74, "instrument_name": "BTC-26MAR21-60000-C", "index_price": 52688.65, "direction": "buy", "amount": 0.2}, {"trade_seq": 4701, "trade_id": "138687375", "timestamp": 1616672123000, "tick_direction": 3, "price": 0.0005, "mark_price": 3.336e-05, "iv": 130.83, "instrument_name": "BTC-26MAR21-60000-C", "index_price": 52678.32, "direction": "buy", "amount": 3.1}, {"trade_seq": 4700, "trade_id": "138681992", "timestamp": 1616670426399, "tick_direction": 3, "price": 0.0005, "mark_price": 1.848e-05, "iv": 124.48, "instrument_name": "BTC-26MAR21-60000-C", "index_price": 53008.29, "direction": "buy", "amount": 1.6}, {"trade_seq": 4699, "trade_id": "138681991", "timestamp": 1616670426382, "tick_direction": 3, "price": 0.0005, "mark_price": 1.848e-05, "iv": 124.48, "instrument_name": "BTC-26MAR21-60000-C", "index_price": 53008.29, "direction": "sell", "amount": 37.4}, {"trade_seq": 4698, "trade_id": "138681929", "timestamp": 1616670405585, "tick_direction": 3, "price": 0.0005, "mark_price": 1.784e-05, "iv": 124.66, "instrument_name": "BTC-26MAR21-60000-C", "index_price": 52993.4, "direction": "sell", "amount": 50.0}, {"trade_seq": 4697, "trade_id": "138680188", "timestamp": 1616669988464, "tick_direction": 3, "price": 0.0005, "mark_price": 1.187e-05, "iv": 125.16, "instrument_name": "BTC-26MAR21-60000-C", "index_price": 52946.81, "direction": "buy", "amount": 1.0}, {"trade_seq": 4696, "trade_id": "138680187", "timestamp": 1616669988464, "tick_direction": 3, "price": 0.0005, "mark_price": 1.187e-05, "iv": 125.16, "instrument_name": "BTC-26MAR21-60000-C", "index_price": 52946.81, "direction": "buy", "amount": 0.5}, {"trade_seq": 4695, "trade_id": "138680186", "timestamp": 1616669988464, "tick_direction": 3, "price": 0.0005, "mark_price": 1.187e-05, "iv": 125.16, "instrument_name": "BTC-26MAR21-60000-C", "index_price": 52946.81, "direction": "buy", "amount": 5.0}, {"trade_seq": 4694, "trade_id": "138680185", "timestamp": 1616669988464, "tick_direction": 3, "price": 0.0005, "mark_price": 1.187e-05, "iv": 125.16, "instrument_name": "BTC-26MAR21-60000-C", "index_price": 52946.81, "direction": "buy", "amount": 6.1}, {"trade_seq": 4693, "trade_id": "138620848", "timestamp": 1616654053689, "tick_direction": 3, "price": 0.0005, "mark_price": 9.374e-05, "iv": 115.49, "instrument_name": "BTC-26MAR21-60000-C", "index_price": 52813.14, "direction": "sell", "amount": 43.9}, {"trade_seq": 4692, "trade_id": "138620817", "timestamp": 1616654048084, "tick_direction": 3, "price": 0.0005, "mark_price": 8.942e-05, "iv": 116.04, "instrument_name": "BTC-26MAR21-60000-C", "index_price": 52776.71, "direction": "sell", "amount": 3.1}, {"trade_seq": 4691, "trade_id": "138620816", "timestamp": 1616654048057, "tick_direction": 3, "price": 0.0005, "mark_price": 8.942e-05, "iv": 116.04, "instrument_name": "BTC-26MAR21-60000-C", "index_price": 52776.71, "direction": "buy", "amount": 3.0}, {"trade_seq": 4690, "trade_id": "138620815", "timestamp": 1616654048057, "tick_direction": 3, "price": 0.0005, "mark_price": 8.942e-05, "iv": 116.04, "instrument_name": "BTC-26MAR21-60000-C", "index_price": 52776.71, "direction": "buy", "amount": 50.0}, {"trade_seq": 4689, "trade_id": "138587493", "timestamp": 1616640793027, "tick_direction": 3, "price": 0.0005, "mark_price": 0.0002543, "iv": 114.7, "instrument_name": "BTC-26MAR21-60000-C", "index_price": 52307.84, "direction": "sell", "amount": 0.1}, {"trade_seq": 4688, "trade_id": "138587492", "timestamp": 1616640792220, "tick_direction": 3, "price": 0.0005, "mark_price": 0.00025407, "iv": 114.72, "instrument_name": "BTC-26MAR21-60000-C", "index_price": 52306.21, "direction": "buy", "amount": 1.0}, {"trade_seq": 4687, "trade_id": "138587488", "timestamp": 1616640788508, "tick_direction": 3, "price": 0.0005, "mark_price": 0.00025491, "iv": 114.68, "instrument_name": "BTC-26MAR21-60000-C", "index_price": 52308.05, "direction": "buy", "amount": 0.1}, {"trade_seq": 4686, "trade_id": "138587487", "timestamp": 1616640788508, "tick_direction": 3, "price": 0.0005, "mark_price": 0.00025491, "iv": 114.68, "instrument_name": "BTC-26MAR21-60000-C", "index_price": 52308.05, "direction": "buy", "amount": 0.1}, {"trade_seq": 4685, "trade_id": "138587486", "timestamp": 1616640788508, "tick_direction": 3, "price": 0.0005, "mark_price": 0.00025491, "iv": 114.68, "instrument_name": "BTC-26MAR21-60000-C", "index_price": 52308.05, "direction": "buy", "amount": 0.1}, {"trade_seq": 4684, "trade_id": "138587485", "timestamp": 1616640788508, "tick_direction": 3, "price": 0.0005, "mark_price": 0.00025491, "iv": 114.68, "instrument_name": "BTC-26MAR21-60000-C", "index_price": 52308.05, "direction": "buy", "amount": 0.1}, {"trade_seq": 4683, "trade_id": "138587484", "timestamp": 1616640788508, "tick_direction": 3, "price": 0.0005, "mark_price": 0.00025491, "iv": 114.68, "instrument_name": "BTC-26MAR21-60000-C", "index_price": 52308.05, "direction": "buy", "amount": 0.1}, {"trade_seq": 4682, "trade_id": "138587483", "timestamp": 1616640788508, "tick_direction": 3, "price": 0.0005, "mark_price": 0.00025491, "iv": 114.68, "instrument_name": "BTC-26MAR21-60000-C", "index_price": 52308.05, "direction": "buy", "amount": 0.1}, {"trade_seq": 4681, "trade_id": "138587482", "timestamp": 1616640788508, "tick_direction": 3, "price": 0.0005, "mark_price": 0.00025491, "iv": 114.68, "instrument_name": "BTC-26MAR21-60000-C", "index_price": 52308.05, "direction": "buy", "amount": 59.1}, {"trade_seq": 4680, "trade_id": "138576842", "timestamp": 1616638826614, "tick_direction": 3, "price": 0.0005, "mark_price": 7.791e-05, "iv": 118.24, "instrument_name": "BTC-26MAR21-60000-C", "index_price": 51949.41, "direction": "buy", "amount": 58.1}, {"trade_seq": 4679, "trade_id": "138576301", "timestamp": 1616638743094, "tick_direction": 3, "price": 0.0005, "mark_price": 7.343e-05, "iv": 118.32, "instrument_name": "BTC-26MAR21-60000-C", "index_price": 51982.7, "direction": "buy", "amount": 12.7}, {"trade_seq": 4678, "trade_id": "138576299", "timestamp": 1616638742941, "tick_direction": 3, "price": 0.0005, "mark_price": 7.343e-05, "iv": 118.32, "instrument_name": "BTC-26MAR21-60000-C", "index_price": 51982.7, "direction": "buy", "amount": 12.7}, {"trade_seq": 4677, "trade_id": "138575258", "timestamp": 1616638669844, "tick_direction": 3, "price": 0.0005, "mark_price": 8.158e-05, "iv": 116.59, "instrument_name": "BTC-26MAR21-60000-C", "index_price": 52051.77, "direction": "buy", "amount": 0.1}, {"trade_seq": 4676, "trade_id": "138575256", "timestamp": 1616638669680, "tick_direction": 3, "price": 0.0005, "mark_price": 7.901e-05, "iv": 116.59, "instrument_name": "BTC-26MAR21-60000-C", "index_price": 52051.77, "direction": "buy", "amount": 0.1}, {"trade_seq": 4675, "trade_id": "138575248", "timestamp": 1616638669323, "tick_direction": 3, "price": 0.0005, "mark_price": 7.901e-05, "iv": 116.59, "instrument_name": "BTC-26MAR21-60000-C", "index_price": 52051.77, "direction": "buy", "amount": 0.2}, {"trade_seq": 4674, "trade_id": "138575203", "timestamp": 1616638667656, "tick_direction": 3, "price": 0.0005, "mark_price": 7.668e-05, "iv": 117.11, "instrument_name": "BTC-26MAR21-60000-C", "index_price": 52031.19, "direction": "buy", "amount": 0.1}, {"trade_seq": 4673, "trade_id": "138575189", "timestamp": 1616638667218, "tick_direction": 3, "price": 0.0005, "mark_price": 7.668e-05, "iv": 117.3, "instrument_name": "BTC-26MAR21-60000-C", "index_price": 52020.44, "direction": "buy", "amount": 0.1}, {"trade_seq": 4672, "trade_id": "138570788", "timestamp": 1616638345839, "tick_direction": 3, "price": 0.0005, "mark_price": 6.049e-05, "iv": 117.72, "instrument_name": "BTC-26MAR21-60000-C", "index_price": 51915.89, "direction": "buy", "amount": 10.4}, {"trade_seq": 4671, "trade_id": "138570787", "timestamp": 1616638345837, "tick_direction": 3, "price": 0.0005, "mark_price": 6.049e-05, "iv": 117.72, "instrument_name": "BTC-26MAR21-60000-C", "index_price": 51915.89, "direction": "buy", "amount": 12.7}, {"trade_seq": 4670, "trade_id": "138570781", "timestamp": 1616638345244, "tick_direction": 3, "price": 0.0005, "mark_price": 6.027e-05, "iv": 117.72, "instrument_name": "BTC-26MAR21-60000-C", "index_price": 51915.89, "direction": "buy", "amount": 12.7}, {"trade_seq": 4669, "trade_id": "138570769", "timestamp": 1616638345071, "tick_direction": 3, "price": 0.0005, "mark_price": 6.027e-05, "iv": 117.72, "instrument_name": "BTC-26MAR21-60000-C", "index_price": 51915.89, "direction": "buy", "amount": 12.7}, {"trade_seq": 4668, "trade_id": "138570763", "timestamp": 1616638344750, "tick_direction": 3, "price": 0.0005, "mark_price": 6.027e-05, "iv": 117.72, "instrument_name": "BTC-26MAR21-60000-C", "index_price": 51923.7, "direction": "buy", "amount": 58.1}, {"trade_seq": 4667, "trade_id": "138570761", "timestamp": 1616638344703, "tick_direction": 3, "price": 0.0005, "mark_price": 6.027e-05, "iv": 117.72, "instrument_name": "BTC-26MAR21-60000-C", "index_price": 51923.7, "direction": "buy", "amount": 12.7}, {"trade_seq": 4666, "trade_id": "138570753", "timestamp": 1616638344596, "tick_direction": 3, "price": 0.0005, "mark_price": 6.027e-05, "iv": 117.72, "instrument_name": "BTC-26MAR21-60000-C", "index_price": 51923.7, "direction": "buy", "amount": 12.7}, {"trade_seq": 4665, "trade_id": "138570745", "timestamp": 1616638344342, "tick_direction": 3, "price": 0.0005, "mark_price": 6.027e-05, "iv": 117.75, "instrument_name": "BTC-26MAR21-60000-C", "index_price": 51923.7, "direction": "buy", "amount": 12.7}, {"trade_seq": 4664, "trade_id": "138570743", "timestamp": 1616638344318, "tick_direction": 3, "price": 0.0005, "mark_price": 6.027e-05, "iv": 117.75, "instrument_name": "BTC-26MAR21-60000-C", "index_price": 51923.7, "direction": "buy", "amount": 12.1}, {"trade_seq": 4663, "trade_id": "138570742", "timestamp": 1616638344318, "tick_direction": 3, "price": 0.0005, "mark_price": 6.027e-05, "iv": 117.75, "instrument_name": "BTC-26MAR21-60000-C", "index_price": 51923.7, "direction": "buy", "amount": 0.6}, {"trade_seq": 4662, "trade_id": "138498903", "timestamp": 1616626076650, "tick_direction": 3, "price": 0.0005, "mark_price": 0.00070749, "iv": 101.56, "instrument_name": "BTC-26MAR21-60000-C", "index_price": 52550.94, "direction": "sell", "amount": 1.8}, {"trade_seq": 4661, "trade_id": "138498902", "timestamp": 1616626076619, "tick_direction": 3, "price": 0.0005, "mark_price": 0.00070749, "iv": 101.56, "instrument_name": "BTC-26MAR21-60000-C", "index_price": 52550.94, "direction": "buy", "amount": 3.2}, {"trade_seq": 4660, "trade_id": "138498522", "timestamp": 1616626014118, "tick_direction": 3, "price": 0.0005, "mark_price": 0.00074164, "iv": 101.84, "instrument_name": "BTC-26MAR21-60000-C", "index_price": 52533.24, "direction": "sell", "amount": 5.0}, {"trade_seq": 4659, "trade_id": "138498521", "timestamp": 1616626014118, "tick_direction": 3, "price": 0.0005, "mark_price": 0.00074164, "iv": 101.84, "instrument_name": "BTC-26MAR21-60000-C", "index_price": 52533.24, "direction": "sell", "amount": 5.0}, {"trade_seq": 4658, "trade_id": "138498520", "timestamp": 1616626014118, "tick_direction": 3, "price": 0.0005, "mark_price": 0.00074164, "iv": 101.84, "instrument_name": "BTC-26MAR21-60000-C", "index_price": 52533.24, "direction": "sell", "amount": 5.0}, {"trade_seq": 4657, "trade_id": "138498519", "timestamp": 1616626014118, "tick_direction": 3, "price": 0.0005, "mark_price": 0.00074164, "iv": 101.84, "instrument_name": "BTC-26MAR21-60000-C", "index_price": 52533.24, "direction": "sell", "amount": 1.4}, {"trade_seq": 4656, "trade_id": "138496528", "timestamp": 1616625730823, "tick_direction": 3, "price": 0.0005, "mark_price": 0.00090637, "iv": 99.51, "instrument_name": "BTC-26MAR21-60000-C", "index_price": 52702.64, "direction": "sell", "amount": 0.1}, {"trade_seq": 4655, "trade_id": "138496527", "timestamp": 1616625730816, "tick_direction": 3, "price": 0.0005, "mark_price": 0.00090637, "iv": 99.51, "instrument_name": "BTC-26MAR21-60000-C", "index_price": 52702.64, "direction": "sell", "amount": 0.2}, {"trade_seq": 4654, "trade_id": "138496525", "timestamp": 1616625730645, "tick_direction": 3, "price": 0.0005, "mark_price": 0.00090637, "iv": 99.51, "instrument_name": "BTC-26MAR21-60000-C", "index_price": 52702.64, "direction": "sell", "amount": 0.1}, {"trade_seq": 4653, "trade_id": "138496505", "timestamp": 1616625730222, "tick_direction": 3, "price": 0.0005, "mark_price": 0.00090826, "iv": 99.51, "instrument_name": "BTC-26MAR21-60000-C", "index_price": 52702.64, "direction": "sell", "amount": 0.1}, {"trade_seq": 4652, "trade_id": "138496334", "timestamp": 1616625715425, "tick_direction": 3, "price": 0.0005, "mark_price": 0.00089485, "iv": 99.74, "instrument_name": "BTC-26MAR21-60000-C", "index_price": 52695.4, "direction": "sell", "amount": 0.1}, {"trade_seq": 4651, "trade_id": "138496318", "timestamp": 1616625714939, "tick_direction": 3, "price": 0.0005, "mark_price": 0.00089854, "iv": 99.74, "instrument_name": "BTC-26MAR21-60000-C", "index_price": 52695.4, "direction": "sell", "amount": 0.1}, {"trade_seq": 4650, "trade_id": "138496296", "timestamp": 1616625712539, "tick_direction": 3, "price": 0.0005, "mark_price": 0.00090122, "iv": 99.61, "instrument_name": "BTC-26MAR21-60000-C", "index_price": 52698.71, "direction": "sell", "amount": 0.2}, {"trade_seq": 4649, "trade_id": "138496274", "timestamp": 1616625710208, "tick_direction": 3, "price": 0.0005, "mark_price": 0.0009077, "iv": 99.54, "instrument_name": "BTC-26MAR21-60000-C", "index_price": 52705.72, "direction": "sell", "amount": 0.2}, {"trade_seq": 4648, "trade_id": "138494607", "timestamp": 1616625551025, "tick_direction": 3, "price": 0.0005, "mark_price": 0.0008818, "iv": 100.17, "instrument_name": "BTC-26MAR21-60000-C", "index_price": 52615.67, "direction": "sell", "amount": 0.6}, {"trade_seq": 4647, "trade_id": "138494605", "timestamp": 1616625550991, "tick_direction": 3, "price": 0.0005, "mark_price": 0.0008818, "iv": 100.17, "instrument_name": "BTC-26MAR21-60000-C", "index_price": 52615.67, "direction": "sell", "amount": 0.5}, {"trade_seq": 4646, "trade_id": "138494595", "timestamp": 1616625549515, "tick_direction": 3, "price": 0.0005, "mark_price": 0.00088302, "iv": 100.14, "instrument_name": "BTC-26MAR21-60000-C", "index_price": 52617.7, "direction": "sell", "amount": 0.5}, {"trade_seq": 4645, "trade_id": "138474439", "timestamp": 1616624435476, "tick_direction": 3, "price": 0.0005, "mark_price": 0.00058499, "iv": 101.78, "instrument_name": "BTC-26MAR21-60000-C", "index_price": 52519.81, "direction": "sell", "amount": 0.9}, {"trade_seq": 4644, "trade_id": "138474438", "timestamp": 1616624435476, "tick_direction": 3, "price": 0.0005, "mark_price": 0.00058499, "iv": 101.78, "instrument_name": "BTC-26MAR21-60000-C", "index_price": 52519.81, "direction": "sell", "amount": 0.1}, {"trade_seq": 4643, "trade_id": "138474437", "timestamp": 1616624435476, "tick_direction": 3, "price": 0.0005, "mark_price": 0.00058499, "iv": 101.78, "instrument_name": "BTC-26MAR21-60000-C", "index_price": 52519.81, "direction": "sell", "amount": 0.1}, {"trade_seq": 4642, "trade_id": "138474436", "timestamp": 1616624435476, "tick_direction": 3, "price": 0.0005, "mark_price": 0.00058499, "iv": 101.78, "instrument_name": "BTC-26MAR21-60000-C", "index_price": 52519.81, "direction": "sell", "amount": 0.1}, {"trade_seq": 4641, "trade_id": "138474435", "timestamp": 1616624435476, "tick_direction": 3, "price": 0.0005, "mark_price": 0.00058499, "iv": 101.78, "instrument_name": "BTC-26MAR21-60000-C", "index_price": 52519.81, "direction": "sell", "amount": 0.1}, {"trade_seq": 4640, "trade_id": "138474434", "timestamp": 1616624435476, "tick_direction": 3, "price": 0.0005, "mark_price": 0.00058499, "iv": 101.78, "instrument_name": "BTC-26MAR21-60000-C", "index_price": 52519.81, "direction": "sell", "amount": 0.1}, {"trade_seq": 4639, "trade_id": "138474433", "timestamp": 1616624435476, "tick_direction": 2, "price": 0.0005, "mark_price": 0.00058499, "iv": 101.78, "instrument_name": "BTC-26MAR21-60000-C", "index_price": 52519.81, "direction": "sell", "amount": 0.1}, {"trade_seq": 4638, "trade_id": "138423439", "timestamp": 1616618805140, "tick_direction": 0, "price": 0.0015, "mark_price": 0.00110663, "iv": 102.25, "instrument_name": "BTC-26MAR21-60000-C", "index_price": 53819.75, "direction": "sell", "amount": 1.1}, {"trade_seq": 4637, "trade_id": "138408866", "timestamp": 1616618042978, "tick_direction": 3, "price": 0.001, "mark_price": 0.00065071, "iv": 99.05, "instrument_name": "BTC-26MAR21-60000-C", "index_price": 53474.3, "direction": "sell", "amount": 0.1}, {"trade_seq": 4636, "trade_id": "138408865", "timestamp": 1616618042976, "tick_direction": 3, "price": 0.001, "mark_price": 0.00065071, "iv": 99.05, "instrument_name": "BTC-26MAR21-60000-C", "index_price": 53474.3, "direction": "sell", "amount": 0.3}, {"trade_seq": 4635, "trade_id": "138408626", "timestamp": 1616618036057, "tick_direction": 3, "price": 0.001, "mark_price": 0.00066047, "iv": 98.7, "instrument_name": "BTC-26MAR21-60000-C", "index_price": 53504.03, "direction": "sell", "amount": 0.4}, {"trade_seq": 4634, "trade_id": "138408237", "timestamp": 1616618015599, "tick_direction": 3, "price": 0.001, "mark_price": 0.00066751, "iv": 98.44, "instrument_name": "BTC-26MAR21-60000-C", "index_price": 53534.35, "direction": "sell", "amount": 0.3}, {"trade_seq": 4633, "trade_id": "138408187", "timestamp": 1616618010399, "tick_direction": 3, "price": 0.001, "mark_price": 0.0006985, "iv": 97.81, "instrument_name": "BTC-26MAR21-60000-C", "index_price": 53573.51, "direction": "sell", "amount": 0.4}, {"trade_seq": 4632, "trade_id": "138407920", "timestamp": 1616617999536, "tick_direction": 3, "price": 0.001, "mark_price": 0.00069264, "iv": 97.85, "instrument_name": "BTC-26MAR21-60000-C", "index_price": 53575.08, "direction": "sell", "amount": 0.1}, {"trade_seq": 4631, "trade_id": "138407915", "timestamp": 1616617999524, "tick_direction": 3, "price": 0.001, "mark_price": 0.00069264, "iv": 97.85, "instrument_name": "BTC-26MAR21-60000-C", "index_price": 53575.08, "direction": "sell", "amount": 0.3}, {"trade_seq": 4630, "trade_id": "138382056", "timestamp": 1616616701329, "tick_direction": 3, "price": 0.001, "mark_price": 0.00103252, "iv": 87.63, "instrument_name": "BTC-26MAR21-60000-C", "index_price": 54304.96, "direction": "sell", "amount": 0.3}, {"trade_seq": 4629, "trade_id": "138381982", "timestamp": 1616616700238, "tick_direction": 3, "price": 0.001, "mark_price": 0.00104615, "iv": 87.46, "instrument_name": "BTC-26MAR21-60000-C", "index_price": 54316.65, "direction": "sell", "amount": 0.2}, {"trade_seq": 4628, "trade_id": "138381980", "timestamp": 1616616700227, "tick_direction": 3, "price": 0.001, "mark_price": 0.00104615, "iv": 87.46, "instrument_name": "BTC-26MAR21-60000-C", "index_price": 54316.65, "direction": "sell", "amount": 0.4}, {"trade_seq": 4627, "trade_id": "138375341", "timestamp": 1616616310707, "tick_direction": 3, "price": 0.001, "mark_price": 0.00118838, "iv": 85.18, "instrument_name": "BTC-26MAR21-60000-C", "index_price": 54459.15, "direction": "buy", "amount": 1.2}, {"trade_seq": 4626, "trade_id": "138375340", "timestamp": 1616616310705, "tick_direction": 2, "price": 0.001, "mark_price": 0.00118838, "iv": 85.18, "instrument_name": "BTC-26MAR21-60000-C", "index_price": 54459.15, "direction": "sell", "amount": 0.1}, {"trade_seq": 4625, "trade_id": "138367006", "timestamp": 1616615044535, "tick_direction": 3, "price": 0.0015, "mark_price": 0.00109706, "iv": 90.13, "instrument_name": "BTC-26MAR21-60000-C", "index_price": 54633.07, "direction": "sell", "amount": 0.1}, {"trade_seq": 4624, "trade_id": "138360481", "timestamp": 1616614512484, "tick_direction": 3, "price": 0.0015, "mark_price": 0.00128069, "iv": 84.49, "instrument_name": "BTC-26MAR21-60000-C", "index_price": 54996.49, "direction": "buy", "amount": 0.1}, {"trade_seq": 4623, "trade_id": "138354016", "timestamp": 1616613526541, "tick_direction": 3, "price": 0.0015, "mark_price": 0.00175784, "iv": 78.86, "instrument_name": "BTC-26MAR21-60000-C", "index_price": 55408.4, "direction": "buy", "amount": 0.5}, {"trade_seq": 4622, "trade_id": "138353835", "timestamp": 1616613499627, "tick_direction": 3, "price": 0.0015, "mark_price": 0.00174203, "iv": 79.04, "instrument_name": "BTC-26MAR21-60000-C", "index_price": 55385.06, "direction": "buy", "amount": 0.3}, {"trade_seq": 4621, "trade_id": "138353834", "timestamp": 1616613499625, "tick_direction": 3, "price": 0.0015, "mark_price": 0.00174203, "iv": 79.04, "instrument_name": "BTC-26MAR21-60000-C", "index_price": 55385.06, "direction": "sell", "amount": 0.6}, {"trade_seq": 4620, "trade_id": "138353833", "timestamp": 1616613499625, "tick_direction": 2, "price": 0.0015, "mark_price": 0.00174203, "iv": 79.04, "instrument_name": "BTC-26MAR21-60000-C", "index_price": 55385.06, "direction": "sell", "amount": 0.1}, {"trade_seq": 4619, "trade_id": "138353073", "timestamp": 1616613302935, "tick_direction": 3, "price": 0.002, "mark_price": 0.0017837, "iv": 83.63, "instrument_name": "BTC-26MAR21-60000-C", "index_price": 55425.42, "direction": "sell", "amount": 0.1}, {"trade_seq": 4618, "trade_id": "138333225", "timestamp": 1616609899619, "tick_direction": 3, "price": 0.002, "mark_price": 0.00230973, "iv": 74.1, "instrument_name": "BTC-26MAR21-60000-C", "index_price": 56064.71, "direction": "sell", "amount": 0.3}, {"trade_seq": 4617, "trade_id": "138333205", "timestamp": 1616609892288, "tick_direction": 3, "price": 0.002, "mark_price": 0.00231536, "iv": 74.03, "instrument_name": "BTC-26MAR21-60000-C", "index_price": 56065.16, "direction": "sell", "amount": 0.1}, {"trade_seq": 4616, "trade_id": "138333204", "timestamp": 1616609892288, "tick_direction": 3, "price": 0.002, "mark_price": 0.00231536, "iv": 74.03, "instrument_name": "BTC-26MAR21-60000-C", "index_price": 56065.16, "direction": "sell", "amount": 0.6}, {"trade_seq": 4615, "trade_id": "138312551", "timestamp": 1616605820291, "tick_direction": 3, "price": 0.002, "mark_price": 0.00223249, "iv": 75.95, "instrument_name": "BTC-26MAR21-60000-C", "index_price": 55862.41, "direction": "sell", "amount": 0.5}, {"trade_seq": 4614, "trade_id": "138312549", "timestamp": 1616605816817, "tick_direction": 3, "price": 0.002, "mark_price": 0.0022338, "iv": 75.93, "instrument_name": "BTC-26MAR21-60000-C", "index_price": 55864.84, "direction": "sell", "amount": 0.9}, {"trade_seq": 4613, "trade_id": "138312547", "timestamp": 1616605814203, "tick_direction": 3, "price": 0.002, "mark_price": 0.00223461, "iv": 75.94, "instrument_name": "BTC-26MAR21-60000-C", "index_price": 55867.03, "direction": "sell", "amount": 0.5}, {"trade_seq": 4612, "trade_id": "138312546", "timestamp": 1616605814203, "tick_direction": 2, "price": 0.002, "mark_price": 0.00223461, "iv": 75.94, "instrument_name": "BTC-26MAR21-60000-C", "index_price": 55867.03, "direction": "sell", "amount": 0.1}, {"trade_seq": 4611, "trade_id": "138309873", "timestamp": 1616604883978, "tick_direction": 1, "price": 0.0025, "mark_price": 0.00207041, "iv": 79.01, "instrument_name": "BTC-26MAR21-60000-C", "index_price": 55933.14, "direction": "buy", "amount": 0.1}, {"trade_seq": 4610, "trade_id": "138309872", "timestamp": 1616604883888, "tick_direction": 1, "price": 0.0025, "mark_price": 0.00207041, "iv": 79.01, "instrument_name": "BTC-26MAR21-60000-C", "index_price": 55933.14, "direction": "buy", "amount": 0.1}, {"trade_seq": 4609, "trade_id": "138309863", "timestamp": 1616604878843, "tick_direction": 1, "price": 0.0025, "mark_price": 0.00206313, "iv": 79.04, "instrument_name": "BTC-26MAR21-60000-C", "index_price": 55928.9, "direction": "buy", "amount": 0.7}, {"trade_seq": 4608, "trade_id": "138309860", "timestamp": 1616604875054, "tick_direction": 1, "price": 0.0025, "mark_price": 0.0020642, "iv": 79.06, "instrument_name": "BTC-26MAR21-60000-C", "index_price": 55932.42, "direction": "buy", "amount": 0.1}, {"trade_seq": 4607, "trade_id": "138309859", "timestamp": 1616604875005, "tick_direction": 0, "price": 0.0025, "mark_price": 0.0020642, "iv": 79.06, "instrument_name": "BTC-26MAR21-60000-C", "index_price": 55932.42, "direction": "buy", "amount": 0.3}, {"trade_seq": 4606, "trade_id": "138306298", "timestamp": 1616603463229, "tick_direction": 3, "price": 0.002, "mark_price": 0.00216033, "iv": 75.19, "instrument_name": "BTC-26MAR21-60000-C", "index_price": 55863.76, "direction": "buy", "amount": 0.1}, {"trade_seq": 4605, "trade_id": "138306297", "timestamp": 1616603463213, "tick_direction": 3, "price": 0.002, "mark_price": 0.00216033, "iv": 75.19, "instrument_name": "BTC-26MAR21-60000-C", "index_price": 55863.76, "direction": "buy", "amount": 0.1}, {"trade_seq": 4604, "trade_id": "138306296", "timestamp": 1616603463213, "tick_direction": 3, "price": 0.002, "mark_price": 0.00216033, "iv": 75.19, "instrument_name": "BTC-26MAR21-60000-C", "index_price": 55863.76, "direction": "buy", "amount": 0.5}, {"trade_seq": 4603, "trade_id": "138306292", "timestamp": 1616603460527, "tick_direction": 3, "price": 0.002, "mark_price": 0.00215542, "iv": 75.23, "instrument_name": "BTC-26MAR21-60000-C", "index_price": 55863.02, "direction": "buy", "amount": 0.2}, {"trade_seq": 4602, "trade_id": "138306289", "timestamp": 1616603458795, "tick_direction": 3, "price": 0.002, "mark_price": 0.0021498, "iv": 75.29, "instrument_name": "BTC-26MAR21-60000-C", "index_price": 55860.76, "direction": "sell", "amount": 0.7}, {"trade_seq": 4601, "trade_id": "138306288", "timestamp": 1616603456549, "tick_direction": 3, "price": 0.002, "mark_price": 0.00215162, "iv": 75.29, "instrument_name": "BTC-26MAR21-60000-C", "index_price": 55861.12, "direction": "sell", "amount": 0.7}, {"trade_seq": 4600, "trade_id": "138306287", "timestamp": 1616603455283, "tick_direction": 3, "price": 0.002, "mark_price": 0.00215852, "iv": 75.29, "instrument_name": "BTC-26MAR21-60000-C", "index_price": 55864.63, "direction": "sell", "amount": 0.7}, {"trade_seq": 4599, "trade_id": "138302660", "timestamp": 1616602659782, "tick_direction": 3, "price": 0.002, "mark_price": 0.00240735, "iv": 72.11, "instrument_name": "BTC-26MAR21-60000-C", "index_price": 56075.91, "direction": "sell", "amount": 2.7}, {"trade_seq": 4598, "trade_id": "138302659", "timestamp": 1616602659782, "tick_direction": 3, "price": 0.002, "mark_price": 0.00240735, "iv": 72.11, "instrument_name": "BTC-26MAR21-60000-C", "index_price": 56075.91, "direction": "sell", "amount": 1.3}, {"trade_seq": 4597, "trade_id": "138302658", "timestamp": 1616602659782, "tick_direction": 2, "price": 0.002, "mark_price": 0.00240735, "iv": 72.11, "instrument_name": "BTC-26MAR21-60000-C", "index_price": 56075.91, "direction": "sell", "amount": 1.0}, {"trade_seq": 4596, "trade_id": "138296520", "timestamp": 1616600748254, "tick_direction": 3, "price": 0.0025, "mark_price": 0.00252647, "iv": 76.49, "instrument_name": "BTC-26MAR21-60000-C", "index_price": 56054.05, "direction": "buy", "amount": 0.1}, {"trade_seq": 4595, "trade_id": "138296500", "timestamp": 1616600740503, "tick_direction": 3, "price": 0.0025, "mark_price": 0.00254404, "iv": 76.43, "instrument_name": "BTC-26MAR21-60000-C", "index_price": 56056.66, "direction": "buy", "amount": 0.2}, {"trade_seq": 4594, "trade_id": "138296499", "timestamp": 1616600740229, "tick_direction": 3, "price": 0.0025, "mark_price": 0.00254404, "iv": 76.43, "instrument_name": "BTC-26MAR21-60000-C", "index_price": 56056.66, "direction": "buy", "amount": 0.1}, {"trade_seq": 4593, "trade_id": "138296095", "timestamp": 1616600683126, "tick_direction": 2, "price": 0.0025, "mark_price": 0.00262614, "iv": 76.09, "instrument_name": "BTC-26MAR21-60000-C", "index_price": 56072.67, "direction": "sell", "amount": 0.6}, {"trade_seq": 4592, "trade_id": "138290864", "timestamp": 1616599508390, "tick_direction": 3, "price": 0.003, "mark_price": 0.00313729, "iv": 74.39, "instrument_name": "BTC-26MAR21-60000-C", "index_price": 56423.77, "direction": "sell", "amount": 0.8}, {"trade_seq": 4591, "trade_id": "138290863", "timestamp": 1616599508390, "tick_direction": 3, "price": 0.003, "mark_price": 0.00313729, "iv": 74.39, "instrument_name": "BTC-26MAR21-60000-C", "index_price": 56423.77, "direction": "sell", "amount": 30.0}, {"trade_seq": 4590, "trade_id": "138290862", "timestamp": 1616599508390, "tick_direction": 2, "price": 0.003, "mark_price": 0.00313729, "iv": 74.39, "instrument_name": "BTC-26MAR21-60000-C", "index_price": 56423.77, "direction": "sell", "amount": 0.2}, {"trade_seq": 4589, "trade_id": "138290320", "timestamp": 1616599444777, "tick_direction": 3, "price": 0.0035, "mark_price": 0.00334945, "iv": 76.27, "instrument_name": "BTC-26MAR21-60000-C", "index_price": 56529.41, "direction": "buy", "amount": 1.2}, {"trade_seq": 4588, "trade_id": "138290319", "timestamp": 1616599444608, "tick_direction": 2, "price": 0.0035, "mark_price": 0.00334945, "iv": 76.25, "instrument_name": "BTC-26MAR21-60000-C", "index_price": 56529.62, "direction": "buy", "amount": 8.8}, {"trade_seq": 4587, "trade_id": "138273936", "timestamp": 1616594642431, "tick_direction": 0, "price": 0.0045, "mark_price": 0.00362593, "iv": 79.17, "instrument_name": "BTC-26MAR21-60000-C", "index_price": 56663.23, "direction": "buy", "amount": 0.6}, {"trade_seq": 4586, "trade_id": "138273935", "timestamp": 1616594642431, "tick_direction": 0, "price": 0.004, "mark_price": 0.00362593, "iv": 76.14, "instrument_name": "BTC-26MAR21-60000-C", "index_price": 56663.23, "direction": "buy", "amount": 0.1}, {"trade_seq": 4585, "trade_id": "138265483", "timestamp": 1616593448911, "tick_direction": 3, "price": 0.0035, "mark_price": 0.00390633, "iv": 70.13, "instrument_name": "BTC-26MAR21-60000-C", "index_price": 56842.96, "direction": "sell", "amount": 4.2}, {"trade_seq": 4584, "trade_id": "138265482", "timestamp": 1616593448911, "tick_direction": 3, "price": 0.0035, "mark_price": 0.00390633, "iv": 70.13, "instrument_name": "BTC-26MAR21-60000-C", "index_price": 56842.96, "direction": "sell", "amount": 0.8}, {"trade_seq": 4583, "trade_id": "138258756", "timestamp": 1616591840694, "tick_direction": 2, "price": 0.0035, "mark_price": 0.00398555, "iv": 69.02, "instrument_name": "BTC-26MAR21-60000-C", "index_price": 56913.22, "direction": "sell", "amount": 0.1}, {"trade_seq": 4582, "trade_id": "138258479", "timestamp": 1616591801509, "tick_direction": 0, "price": 0.0038, "mark_price": 0.00406686, "iv": 70.41, "instrument_name": "BTC-26MAR21-60000-C", "index_price": 56927.31, "direction": "sell", "block_trade_id": "9771", "amount": 10.0}, {"trade_seq": 4581, "trade_id": "138254956", "timestamp": 1616590527771, "tick_direction": 3, "price": 0.0035, "mark_price": 0.00384764, "iv": 69.34, "instrument_name": "BTC-26MAR21-60000-C", "index_price": 56883.8, "direction": "sell", "amount": 2.3}, {"trade_seq": 4580, "trade_id": "138254955", "timestamp": 1616590527771, "tick_direction": 2, "price": 0.0035, "mark_price": 0.00384764, "iv": 69.34, "instrument_name": "BTC-26MAR21-60000-C", "index_price": 56883.8, "direction": "sell", "amount": 0.7}, {"trade_seq": 4579, "trade_id": "138246041", "timestamp": 1616587760208, "tick_direction": 1, "price": 0.004, "mark_price": 0.00424845, "iv": 69.6, "instrument_name": "BTC-26MAR21-60000-C", "index_price": 57018.27, "direction": "buy", "amount": 1.0}, {"trade_seq": 4578, "trade_id": "138246040", "timestamp": 1616587760208, "tick_direction": 0, "price": 0.004, "mark_price": 0.00424845, "iv": 69.6, "instrument_name": "BTC-26MAR21-60000-C", "index_price": 57018.27, "direction": "buy", "amount": 0.1}, {"trade_seq": 4577, "trade_id": "138242540", "timestamp": 1616587230995, "tick_direction": 1, "price": 0.0035, "mark_price": 0.00369586, "iv": 71.42, "instrument_name": "BTC-26MAR21-60000-C", "index_price": 56672.31, "direction": "buy", "amount": 0.3}, {"trade_seq": 4576, "trade_id": "138236953", "timestamp": 1616584665482, "tick_direction": 1, "price": 0.0035, "mark_price": 0.00337585, "iv": 72.36, "instrument_name": "BTC-26MAR21-60000-C", "index_price": 56565.06, "direction": "buy", "amount": 0.3}, {"trade_seq": 4575, "trade_id": "138236898", "timestamp": 1616584663432, "tick_direction": 0, "price": 0.0035, "mark_price": 0.00336786, "iv": 72.65, "instrument_name": "BTC-26MAR21-60000-C", "index_price": 56543.55, "direction": "buy", "amount": 0.4}, {"trade_seq": 4574, "trade_id": "138230197", "timestamp": 1616582179466, "tick_direction": 1, "price": 0.003, "mark_price": 0.00308576, "iv": 70.62, "instrument_name": "BTC-26MAR21-60000-C", "index_price": 56408.74, "direction": "buy", "amount": 0.5}, {"trade_seq": 4573, "trade_id": "138230195", "timestamp": 1616582178778, "tick_direction": 1, "price": 0.003, "mark_price": 0.00308558, "iv": 70.62, "instrument_name": "BTC-26MAR21-60000-C", "index_price": 56409.42, "direction": "buy", "amount": 0.1}, {"trade_seq": 4572, "trade_id": "138230143", "timestamp": 1616582163804, "tick_direction": 1, "price": 0.003, "mark_price": 0.00305843, "iv": 70.81, "instrument_name": "BTC-26MAR21-60000-C", "index_price": 56396.97, "direction": "buy", "amount": 0.1}, {"trade_seq": 4571, "trade_id": "138229546", "timestamp": 1616582096211, "tick_direction": 1, "price": 0.003, "mark_price": 0.0031333, "iv": 70.57, "instrument_name": "BTC-26MAR21-60000-C", "index_price": 56428.24, "direction": "buy", "amount": 0.3}, {"trade_seq": 4570, "trade_id": "138229536", "timestamp": 1616582089459, "tick_direction": 1, "price": 0.003, "mark_price": 0.00308645, "iv": 70.92, "instrument_name": "BTC-26MAR21-60000-C", "index_price": 56408.13, "direction": "buy", "amount": 0.3}, {"trade_seq": 4569, "trade_id": "138229035", "timestamp": 1616581932295, "tick_direction": 1, "price": 0.003, "mark_price": 0.00297272, "iv": 72.19, "instrument_name": "BTC-26MAR21-60000-C", "index_price": 56291.75, "direction": "buy", "amount": 0.3}, {"trade_seq": 4568, "trade_id": "138229016", "timestamp": 1616581929456, "tick_direction": 1, "price": 0.003, "mark_price": 0.00292556, "iv": 72.53, "instrument_name": "BTC-26MAR21-60000-C", "index_price": 56288.68, "direction": "buy", "amount": 0.1}, {"trade_seq": 4567, "trade_id": "138229015", "timestamp": 1616581929451, "tick_direction": 0, "price": 0.003, "mark_price": 0.00292556, "iv": 72.53, "instrument_name": "BTC-26MAR21-60000-C", "index_price": 56288.68, "direction": "buy", "amount": 0.3}, {"trade_seq": 4566, "trade_id": "138226252", "timestamp": 1616581123136, "tick_direction": 2, "price": 0.0025, "mark_price": 0.00272099, "iv": 70.55, "instrument_name": "BTC-26MAR21-60000-C", "index_price": 56174.31, "direction": "sell", "amount": 1.0}, {"trade_seq": 4565, "trade_id": "138215678", "timestamp": 1616577507323, "tick_direction": 1, "price": 0.004, "mark_price": 0.00346355, "iv": 76.18, "instrument_name": "BTC-26MAR21-60000-C", "index_price": 56478.62, "direction": "buy", "amount": 0.9}, {"trade_seq": 4564, "trade_id": "138215677", "timestamp": 1616577507323, "tick_direction": 1, "price": 0.004, "mark_price": 0.00346355, "iv": 76.18, "instrument_name": "BTC-26MAR21-60000-C", "index_price": 56478.62, "direction": "buy", "amount": 5.0}, {"trade_seq": 4563, "trade_id": "138215676", "timestamp": 1616577507323, "tick_direction": 1, "price": 0.004, "mark_price": 0.00346355, "iv": 76.18, "instrument_name": "BTC-26MAR21-60000-C", "index_price": 56478.62, "direction": "buy", "amount": 3.0}, {"trade_seq": 4562, "trade_id": "138214567", "timestamp": 1616577321585, "tick_direction": 1, "price": 0.004, "mark_price": 0.00373545, "iv": 74.03, "instrument_name": "BTC-26MAR21-60000-C", "index_price": 56633.87, "direction": "buy", "amount": 5.0}, {"trade_seq": 4561, "trade_id": "138211216", "timestamp": 1616576658821, "tick_direction": 0, "price": 0.004, "mark_price": 0.00381522, "iv": 74.52, "instrument_name": "BTC-26MAR21-60000-C", "index_price": 56583.22, "direction": "buy", "amount": 0.2}, {"trade_seq": 4560, "trade_id": "138206203", "timestamp": 1616575637729, "tick_direction": 3, "price": 0.003, "mark_price": 0.00319055, "iv": 72.59, "instrument_name": "BTC-26MAR21-60000-C", "index_price": 56279.89, "direction": "buy", "amount": 1.2}, {"trade_seq": 4559, "trade_id": "138203759", "timestamp": 1616575178459, "tick_direction": 2, "price": 0.003, "mark_price": 0.00303985, "iv": 73.66, "instrument_name": "BTC-26MAR21-60000-C", "index_price": 56166.78, "direction": "buy", "amount": 1.0}, {"trade_seq": 4558, "trade_id": "138202599", "timestamp": 1616574876710, "tick_direction": 1, "price": 0.0035, "mark_price": 0.00285611, "iv": 78.37, "instrument_name": "BTC-26MAR21-60000-C", "index_price": 56084.09, "direction": "buy", "amount": 0.1}, {"trade_seq": 4557, "trade_id": "138202598", "timestamp": 1616574876710, "tick_direction": 0, "price": 0.0035, "mark_price": 0.00285611, "iv": 78.37, "instrument_name": "BTC-26MAR21-60000-C", "index_price": 56084.09, "direction": "buy", "amount": 1.3}, {"trade_seq": 4556, "trade_id": "138201395", "timestamp": 1616574587576, "tick_direction": 2, "price": 0.003, "mark_price": 0.00298606, "iv": 73.73, "instrument_name": "BTC-26MAR21-60000-C", "index_price": 56172.25, "direction": "sell", "amount": 0.2}, {"trade_seq": 4555, "trade_id": "138200059", "timestamp": 1616574394911, "tick_direction": 1, "price": 0.0035, "mark_price": 0.00277612, "iv": 77.74, "instrument_name": "BTC-26MAR21-60000-C", "index_price": 56125.7, "direction": "buy", "amount": 12.5}, {"trade_seq": 4554, "trade_id": "138200058", "timestamp": 1616574394911, "tick_direction": 1, "price": 0.0035, "mark_price": 0.00277612, "iv": 77.74, "instrument_name": "BTC-26MAR21-60000-C", "index_price": 56125.7, "direction": "buy", "amount": 0.2}, {"trade_seq": 4553, "trade_id": "138200057", "timestamp": 1616574394911, "tick_direction": 1, "price": 0.0035, "mark_price": 0.00277612, "iv": 77.74, "instrument_name": "BTC-26MAR21-60000-C", "index_price": 56125.7, "direction": "buy", "amount": 0.1}, {"trade_seq": 4552, "trade_id": "138200056", "timestamp": 1616574394911, "tick_direction": 1, "price": 0.0035, "mark_price": 0.00277612, "iv": 77.74, "instrument_name": "BTC-26MAR21-60000-C", "index_price": 56125.7, "direction": "buy", "amount": 25.0}, {"trade_seq": 4551, "trade_id": "138200055", "timestamp": 1616574394911, "tick_direction": 1, "price": 0.0035, "mark_price": 0.00277612, "iv": 77.74, "instrument_name": "BTC-26MAR21-60000-C", "index_price": 56125.7, "direction": "buy", "amount": 0.5}, {"trade_seq": 4550, "trade_id": "138200054", "timestamp": 1616574394911, "tick_direction": 0, "price": 0.0035, "mark_price": 0.00277612, "iv": 77.74, "instrument_name": "BTC-26MAR21-60000-C", "index_price": 56125.7, "direction": "buy", "amount": 1.7}, {"trade_seq": 4549, "trade_id": "138187154", "timestamp": 1616572618736, "tick_direction": 2, "price": 0.0015, "mark_price": 0.00223351, "iv": 68.78, "instrument_name": "BTC-26MAR21-60000-C", "index_price": 55513.96, "direction": "sell", "amount": 0.1}, {"trade_seq": 4548, "trade_id": "138184834", "timestamp": 1616571973598, "tick_direction": 2, "price": 0.002, "mark_price": 0.00207837, "iv": 75.62, "instrument_name": "BTC-26MAR21-60000-C", "index_price": 55369.29, "direction": "sell", "amount": 0.1}, {"trade_seq": 4547, "trade_id": "138183874", "timestamp": 1616571534781, "tick_direction": 1, "price": 0.0025, "mark_price": 0.00199957, "iv": 81.05, "instrument_name": "BTC-26MAR21-60000-C", "index_price": 55259.97, "direction": "buy", "amount": 0.7}, {"trade_seq": 4546, "trade_id": "138183873", "timestamp": 1616571534781, "tick_direction": 0, "price": 0.0025, "mark_price": 0.00199957, "iv": 81.05, "instrument_name": "BTC-26MAR21-60000-C", "index_price": 55259.97, "direction": "buy", "amount": 0.3}, {"trade_seq": 4545, "trade_id": "138172270", "timestamp": 1616569496721, "tick_direction": 0, "price": 0.002, "mark_price": 0.00206959, "iv": 73.39, "instrument_name": "BTC-26MAR21-60000-C", "index_price": 55489.55, "direction": "buy", "amount": 0.5}, {"trade_seq": 4544, "trade_id": "138158463", "timestamp": 1616567765516, "tick_direction": 3, "price": 0.001, "mark_price": 0.0016025, "iv": 71.39, "instrument_name": "BTC-26MAR21-60000-C", "index_price": 54665.68, "direction": "buy", "amount": 0.1}, {"trade_seq": 4543, "trade_id": "138158454", "timestamp": 1616567765360, "tick_direction": 3, "price": 0.001, "mark_price": 0.00159847, "iv": 71.39, "instrument_name": "BTC-26MAR21-60000-C", "index_price": 54665.68, "direction": "buy", "amount": 0.1}, {"trade_seq": 4542, "trade_id": "138158453", "timestamp": 1616567765360, "tick_direction": 3, "price": 0.001, "mark_price": 0.00159847, "iv": 71.39, "instrument_name": "BTC-26MAR21-60000-C", "index_price": 54665.68, "direction": "buy", "amount": 0.1}, {"trade_seq": 4541, "trade_id": "138158403", "timestamp": 1616567764161, "tick_direction": 3, "price": 0.001, "mark_price": 0.00159816, "iv": 71.43, "instrument_name": "BTC-26MAR21-60000-C", "index_price": 54657.24, "direction": "buy", "amount": 0.1}, {"trade_seq": 4540, "trade_id": "138158388", "timestamp": 1616567763791, "tick_direction": 3, "price": 0.001, "mark_price": 0.00159816, "iv": 71.44, "instrument_name": "BTC-26MAR21-60000-C", "index_price": 54654.39, "direction": "buy", "amount": 0.1}, {"trade_seq": 4539, "trade_id": "138158385", "timestamp": 1616567762863, "tick_direction": 3, "price": 0.001, "mark_price": 0.00159509, "iv": 71.48, "instrument_name": "BTC-26MAR21-60000-C", "index_price": 54650.87, "direction": "buy", "amount": 0.2}, {"trade_seq": 4538, "trade_id": "138158368", "timestamp": 1616567761455, "tick_direction": 3, "price": 0.001, "mark_price": 0.00158877, "iv": 71.55, "instrument_name": "BTC-26MAR21-60000-C", "index_price": 54644.94, "direction": "buy", "amount": 0.3}, {"trade_seq": 4537, "trade_id": "138158340", "timestamp": 1616567758994, "tick_direction": 3, "price": 0.001, "mark_price": 0.00156793, "iv": 71.77, "instrument_name": "BTC-26MAR21-60000-C", "index_price": 54633.97, "direction": "buy", "amount": 0.2}, {"trade_seq": 4536, "trade_id": "138158338", "timestamp": 1616567758949, "tick_direction": 3, "price": 0.001, "mark_price": 0.00156793, "iv": 71.77, "instrument_name": "BTC-26MAR21-60000-C", "index_price": 54633.97, "direction": "buy", "amount": 0.1}, {"trade_seq": 4535, "trade_id": "138158337", "timestamp": 1616567758866, "tick_direction": 3, "price": 0.001, "mark_price": 0.00156793, "iv": 71.77, "instrument_name": "BTC-26MAR21-60000-C", "index_price": 54633.97, "direction": "buy", "amount": 0.1}, {"trade_seq": 4534, "trade_id": "138158336", "timestamp": 1616567758687, "tick_direction": 3, "price": 0.001, "mark_price": 0.00156793, "iv": 71.77, "instrument_name": "BTC-26MAR21-60000-C", "index_price": 54633.97, "direction": "buy", "amount": 0.3}, {"trade_seq": 4533, "trade_id": "138158317", "timestamp": 1616567756164, "tick_direction": 3, "price": 0.001, "mark_price": 0.00155344, "iv": 71.91, "instrument_name": "BTC-26MAR21-60000-C", "index_price": 54624.88, "direction": "buy", "amount": 0.1}, {"trade_seq": 4532, "trade_id": "138158309", "timestamp": 1616567754992, "tick_direction": 3, "price": 0.001, "mark_price": 0.0015516, "iv": 71.94, "instrument_name": "BTC-26MAR21-60000-C", "index_price": 54615.63, "direction": "buy", "amount": 0.1}, {"trade_seq": 4531, "trade_id": "138158308", "timestamp": 1616567754962, "tick_direction": 3, "price": 0.001, "mark_price": 0.0015516, "iv": 71.94, "instrument_name": "BTC-26MAR21-60000-C", "index_price": 54615.63, "direction": "buy", "amount": 0.3}, {"trade_seq": 4530, "trade_id": "138158268", "timestamp": 1616567752785, "tick_direction": 3, "price": 0.001, "mark_price": 0.00153424, "iv": 72.15, "instrument_name": "BTC-26MAR21-60000-C", "index_price": 54599.13, "direction": "buy", "amount": 0.1}, {"trade_seq": 4529, "trade_id": "138158260", "timestamp": 1616567752661, "tick_direction": 3, "price": 0.001, "mark_price": 0.00153424, "iv": 72.15, "instrument_name": "BTC-26MAR21-60000-C", "index_price": 54599.13, "direction": "buy", "amount": 0.4}, {"trade_seq": 4528, "trade_id": "138158235", "timestamp": 1616567752240, "tick_direction": 3, "price": 0.001, "mark_price": 0.001534, "iv": 72.15, "instrument_name": "BTC-26MAR21-60000-C", "index_price": 54599.13, "direction": "buy", "amount": 0.1}, {"trade_seq": 4527, "trade_id": "138158195", "timestamp": 1616567752023, "tick_direction": 3, "price": 0.001, "mark_price": 0.001534, "iv": 72.15, "instrument_name": "BTC-26MAR21-60000-C", "index_price": 54600.58, "direction": "buy", "amount": 0.1}, {"trade_seq": 4526, "trade_id": "138158193", "timestamp": 1616567751959, "tick_direction": 3, "price": 0.001, "mark_price": 0.001534, "iv": 72.15, "instrument_name": "BTC-26MAR21-60000-C", "index_price": 54600.58, "direction": "buy", "amount": 0.2}, {"trade_seq": 4525, "trade_id": "138158184", "timestamp": 1616567749754, "tick_direction": 3, "price": 0.001, "mark_price": 0.00151531, "iv": 72.37, "instrument_name": "BTC-26MAR21-60000-C", "index_price": 54589.86, "direction": "buy", "amount": 0.1}, {"trade_seq": 4524, "trade_id": "138158136", "timestamp": 1616567744915, "tick_direction": 3, "price": 0.001, "mark_price": 0.00148724, "iv": 72.69, "instrument_name": "BTC-26MAR21-60000-C", "index_price": 54563.11, "direction": "buy", "amount": 0.1}, {"trade_seq": 4523, "trade_id": "138158135", "timestamp": 1616567744634, "tick_direction": 3, "price": 0.001, "mark_price": 0.00148724, "iv": 72.69, "instrument_name": "BTC-26MAR21-60000-C", "index_price": 54563.11, "direction": "buy", "amount": 0.1}, {"trade_seq": 4522, "trade_id": "138153293", "timestamp": 1616566865144, "tick_direction": 2, "price": 0.001, "mark_price": 0.00132988, "iv": 79.46, "instrument_name": "BTC-26MAR21-60000-C", "index_price": 53971.02, "direction": "sell", "amount": 0.8}, {"trade_seq": 4521, "trade_id": "138146559", "timestamp": 1616564110428, "tick_direction": 3, "price": 0.0015, "mark_price": 0.00143271, "iv": 81.69, "instrument_name": "BTC-26MAR21-60000-C", "index_price": 54286.26, "direction": "buy", "amount": 0.1}, {"trade_seq": 4520, "trade_id": "138146551", "timestamp": 1616564105959, "tick_direction": 3, "price": 0.0015, "mark_price": 0.00142898, "iv": 81.76, "instrument_name": "BTC-26MAR21-60000-C", "index_price": 54282.18, "direction": "buy", "amount": 0.1}, {"trade_seq": 4519, "trade_id": "138146539", "timestamp": 1616564101354, "tick_direction": 3, "price": 0.0015, "mark_price": 0.00143297, "iv": 81.73, "instrument_name": "BTC-26MAR21-60000-C", "index_price": 54282.53, "direction": "buy", "amount": 0.2}, {"trade_seq": 4518, "trade_id": "138127071", "timestamp": 1616557636462, "tick_direction": 3, "price": 0.0015, "mark_price": 0.00162588, "iv": 77.14, "instrument_name": "BTC-26MAR21-60000-C", "index_price": 54534.87, "direction": "buy", "amount": 1.5}, {"trade_seq": 4517, "trade_id": "138126597", "timestamp": 1616557219811, "tick_direction": 3, "price": 0.0015, "mark_price": 0.00189849, "iv": 75.86, "instrument_name": "BTC-26MAR21-60000-C", "index_price": 54632.37, "direction": "sell", "amount": 1.4}, {"trade_seq": 4516, "trade_id": "138126596", "timestamp": 1616557219811, "tick_direction": 2, "price": 0.0015, "mark_price": 0.00189849, "iv": 75.86, "instrument_name": "BTC-26MAR21-60000-C", "index_price": 54632.37, "direction": "sell", "amount": 0.1}, {"trade_seq": 4515, "trade_id": "138093008", "timestamp": 1616545769468, "tick_direction": 1, "price": 0.002, "mark_price": 0.00133034, "iv": 87.56, "instrument_name": "BTC-26MAR21-60000-C", "index_price": 53809.24, "direction": "buy", "amount": 13.3}, {"trade_seq": 4514, "trade_id": "138093007", "timestamp": 1616545769468, "tick_direction": 1, "price": 0.002, "mark_price": 0.00133034, "iv": 87.56, "instrument_name": "BTC-26MAR21-60000-C", "index_price": 53809.24, "direction": "buy", "amount": 0.1}, {"trade_seq": 4513, "trade_id": "138069511", "timestamp": 1616537135676, "tick_direction": 0, "price": 0.002, "mark_price": 0.00210086, "iv": 75.49, "instrument_name": "BTC-26MAR21-60000-C", "index_price": 54758.43, "direction": "sell", "amount": 0.1}, {"trade_seq": 4512, "trade_id": "138063985", "timestamp": 1616535593258, "tick_direction": 3, "price": 0.0015, "mark_price": 0.00161241, "iv": 73.89, "instrument_name": "BTC-26MAR21-60000-C", "index_price": 54417.29, "direction": "buy", "amount": 0.1}, {"trade_seq": 4511, "trade_id": "138060750", "timestamp": 1616535052821, "tick_direction": 2, "price": 0.0015, "mark_price": 0.00168318, "iv": 75.54, "instrument_name": "BTC-26MAR21-60000-C", "index_price": 54275.52, "direction": "sell", "amount": 0.1}, {"trade_seq": 4510, "trade_id": "138053291", "timestamp": 1616532257465, "tick_direction": 3, "price": 0.002, "mark_price": 0.00195188, "iv": 73.58, "instrument_name": "BTC-26MAR21-60000-C", "index_price": 54861.6, "direction": "sell", "amount": 0.1}, {"trade_seq": 4509, "trade_id": "138053277", "timestamp": 1616532251243, "tick_direction": 3, "price": 0.002, "mark_price": 0.00194515, "iv": 73.61, "instrument_name": "BTC-26MAR21-60000-C", "index_price": 54859.84, "direction": "sell", "amount": 0.1}, {"trade_seq": 4508, "trade_id": "138053273", "timestamp": 1616532249473, "tick_direction": 3, "price": 0.002, "mark_price": 0.00196213, "iv": 73.45, "instrument_name": "BTC-26MAR21-60000-C", "index_price": 54861.12, "direction": "sell", "amount": 0.1}, {"trade_seq": 4507, "trade_id": "138053272", "timestamp": 1616532249463, "tick_direction": 3, "price": 0.002, "mark_price": 0.00196213, "iv": 73.45, "instrument_name": "BTC-26MAR21-60000-C", "index_price": 54861.12, "direction": "sell", "amount": 0.1}, {"trade_seq": 4506, "trade_id": "138053271", "timestamp": 1616532249425, "tick_direction": 3, "price": 0.002, "mark_price": 0.00196213, "iv": 73.45, "instrument_name": "BTC-26MAR21-60000-C", "index_price": 54861.12, "direction": "sell", "amount": 0.4}, {"trade_seq": 4505, "trade_id": "138053265", "timestamp": 1616532248354, "tick_direction": 3, "price": 0.002, "mark_price": 0.00197468, "iv": 73.34, "instrument_name": "BTC-26MAR21-60000-C", "index_price": 54873.22, "direction": "sell", "amount": 0.1}, {"trade_seq": 4504, "trade_id": "138036253", "timestamp": 1616527707614, "tick_direction": 2, "price": 0.002, "mark_price": 0.00194228, "iv": 71.41, "instrument_name": "BTC-26MAR21-60000-C", "index_price": 54962.9, "direction": "sell", "amount": 0.1}, {"trade_seq": 4503, "trade_id": "138030471", "timestamp": 1616526683823, "tick_direction": 1, "price": 0.003, "mark_price": 0.00240388, "iv": 73.02, "instrument_name": "BTC-26MAR21-60000-C", "index_price": 55472.6, "direction": "buy", "amount": 0.1}, {"trade_seq": 4502, "trade_id": "138025660", "timestamp": 1616523931721, "tick_direction": 0, "price": 0.003, "mark_price": 0.00265943, "iv": 69.39, "instrument_name": "BTC-26MAR21-60000-C", "index_price": 55729.32, "direction": "buy", "amount": 1.3}, {"trade_seq": 4501, "trade_id": "138023982", "timestamp": 1616522825803, "tick_direction": 3, "price": 0.0025, "mark_price": 0.00282801, "iv": 66.96, "instrument_name": "BTC-26MAR21-60000-C", "index_price": 55636.13, "direction": "sell", "amount": 19.0}, {"trade_seq": 4500, "trade_id": "138023981", "timestamp": 1616522825803, "tick_direction": 2, "price": 0.0025, "mark_price": 0.00282801, "iv": 66.96, "instrument_name": "BTC-26MAR21-60000-C", "index_price": 55636.13, "direction": "sell", "amount": 0.1}, {"trade_seq": 4499, "trade_id": "138019080", "timestamp": 1616520376583, "tick_direction": 2, "price": 0.0029, "mark_price": 0.00277288, "iv": 69.54, "instrument_name": "BTC-26MAR21-60000-C", "index_price": 55625.85, "direction": "buy", "block_trade_id": "9705", "amount": 50.0}, {"trade_seq": 4498, "trade_id": "138019033", "timestamp": 1616520350887, "tick_direction": 0, "price": 0.003, "mark_price": 0.00275798, "iv": 70.21, "instrument_name": "BTC-26MAR21-60000-C", "index_price": 55629.44, "direction": "buy", "amount": 2.0}, {"trade_seq": 4497, "trade_id": "138018584", "timestamp": 1616520176160, "tick_direction": 1, "price": 0.0025, "mark_price": 0.00284631, "iv": 66.48, "instrument_name": "BTC-26MAR21-60000-C", "index_price": 55679.13, "direction": "sell", "amount": 2.1}, {"trade_seq": 4496, "trade_id": "138018583", "timestamp": 1616520176160, "tick_direction": 1, "price": 0.0025, "mark_price": 0.00284631, "iv": 66.48, "instrument_name": "BTC-26MAR21-60000-C", "index_price": 55679.13, "direction": "sell", "amount": 0.8}, {"trade_seq": 4495, "trade_id": "138018582", "timestamp": 1616520176160, "tick_direction": 1, "price": 0.0025, "mark_price": 0.00284631, "iv": 66.48, "instrument_name": "BTC-26MAR21-60000-C", "index_price": 55679.13, "direction": "sell", "amount": 0.1}, {"trade_seq": 4494, "trade_id": "138012410", "timestamp": 1616517743848, "tick_direction": 1, "price": 0.0025, "mark_price": 0.00261856, "iv": 68.42, "instrument_name": "BTC-26MAR21-60000-C", "index_price": 55450.11, "direction": "sell", "amount": 1.2}, {"trade_seq": 4493, "trade_id": "137995080", "timestamp": 1616512881370, "tick_direction": 1, "price": 0.0025, "mark_price": 0.00248617, "iv": 71.49, "instrument_name": "BTC-26MAR21-60000-C", "index_price": 55099.36, "direction": "sell", "amount": 0.1}, {"trade_seq": 4492, "trade_id": "137994767", "timestamp": 1616512710026, "tick_direction": 1, "price": 0.0025, "mark_price": 0.00242773, "iv": 71.84, "instrument_name": "BTC-26MAR21-60000-C", "index_price": 55059.67, "direction": "buy", "amount": 2.6}, {"trade_seq": 4491, "trade_id": "137994507", "timestamp": 1616512622729, "tick_direction": 0, "price": 0.0025, "mark_price": 0.00240709, "iv": 72.03, "instrument_name": "BTC-26MAR21-60000-C", "index_price": 55040.31, "direction": "buy", "amount": 3.0}, {"trade_seq": 4490, "trade_id": "137994501", "timestamp": 1616512617317, "tick_direction": 3, "price": 0.002, "mark_price": 0.00239744, "iv": 68.32, "instrument_name": "BTC-26MAR21-60000-C", "index_price": 55042.87, "direction": "sell", "amount": 1.3}, {"trade_seq": 4489, "trade_id": "137994500", "timestamp": 1616512617317, "tick_direction": 3, "price": 0.002, "mark_price": 0.00239744, "iv": 68.32, "instrument_name": "BTC-26MAR21-60000-C", "index_price": 55042.87, "direction": "sell", "amount": 0.1}, {"trade_seq": 4488, "trade_id": "137994499", "timestamp": 1616512617317, "tick_direction": 2, "price": 0.002, "mark_price": 0.00239744, "iv": 68.32, "instrument_name": "BTC-26MAR21-60000-C", "index_price": 55042.87, "direction": "sell", "amount": 1.6}, {"trade_seq": 4487, "trade_id": "137980391", "timestamp": 1616508051899, "tick_direction": 1, "price": 0.003, "mark_price": 0.0030037, "iv": 71.94, "instrument_name": "BTC-26MAR21-60000-C", "index_price": 55332.97, "direction": "sell", "amount": 0.1}, {"trade_seq": 4486, "trade_id": "137978387", "timestamp": 1616507300620, "tick_direction": 1, "price": 0.003, "mark_price": 0.00259597, "iv": 72.46, "instrument_name": "BTC-26MAR21-60000-C", "index_price": 55276.96, "direction": "sell", "amount": 1.9}, {"trade_seq": 4485, "trade_id": "137978386", "timestamp": 1616507300617, "tick_direction": 0, "price": 0.003, "mark_price": 0.00259597, "iv": 72.46, "instrument_name": "BTC-26MAR21-60000-C", "index_price": 55276.96, "direction": "buy", "amount": 0.1}, {"trade_seq": 4484, "trade_id": "137962118", "timestamp": 1616501826507, "tick_direction": 1, "price": 0.0025, "mark_price": 0.00271633, "iv": 71.86, "instrument_name": "BTC-26MAR21-60000-C", "index_price": 54926.4, "direction": "sell", "amount": 30.0}, {"trade_seq": 4483, "trade_id": "137958929", "timestamp": 1616501414156, "tick_direction": 1, "price": 0.0025, "mark_price": 0.00262992, "iv": 73.25, "instrument_name": "BTC-26MAR21-60000-C", "index_price": 54792.1, "direction": "buy", "amount": 0.6}, {"trade_seq": 4482, "trade_id": "137958835", "timestamp": 1616501402619, "tick_direction": 0, "price": 0.0025, "mark_price": 0.00255441, "iv": 73.89, "instrument_name": "BTC-26MAR21-60000-C", "index_price": 54739.75, "direction": "buy", "amount": 3.0}, {"trade_seq": 4481, "trade_id": "137953420", "timestamp": 1616500115651, "tick_direction": 3, "price": 0.002, "mark_price": 0.00207359, "iv": 73.47, "instrument_name": "BTC-26MAR21-60000-C", "index_price": 54417.07, "direction": "sell", "amount": 0.8}, {"trade_seq": 4480, "trade_id": "137948295", "timestamp": 1616497594071, "tick_direction": 3, "price": 0.002, "mark_price": 0.00256726, "iv": 69.08, "instrument_name": "BTC-26MAR21-60000-C", "index_price": 54782.12, "direction": "sell", "amount": 0.3}, {"trade_seq": 4479, "trade_id": "137945188", "timestamp": 1616495413265, "tick_direction": 3, "price": 0.002, "mark_price": 0.00242742, "iv": 71.55, "instrument_name": "BTC-26MAR21-60000-C", "index_price": 54524.75, "direction": "sell", "amount": 18.6}, {"trade_seq": 4478, "trade_id": "137945187", "timestamp": 1616495413265, "tick_direction": 3, "price": 0.002, "mark_price": 0.00242742, "iv": 71.55, "instrument_name": "BTC-26MAR21-60000-C", "index_price": 54524.75, "direction": "sell", "amount": 1.4}, {"trade_seq": 4477, "trade_id": "137945078", "timestamp": 1616495267832, "tick_direction": 2, "price": 0.002, "mark_price": 0.00242592, "iv": 71.44, "instrument_name": "BTC-26MAR21-60000-C", "index_price": 54522.15, "direction": "sell", "amount": 20.0}, {"trade_seq": 4476, "trade_id": "137936985", "timestamp": 1616491077183, "tick_direction": 1, "price": 0.0025, "mark_price": 0.00259412, "iv": 76.02, "instrument_name": "BTC-26MAR21-60000-C", "index_price": 54396.47, "direction": "sell", "amount": 30.0}, {"trade_seq": 4475, "trade_id": "137936947", "timestamp": 1616491058210, "tick_direction": 1, "price": 0.0025, "mark_price": 0.00263579, "iv": 75.7, "instrument_name": "BTC-26MAR21-60000-C", "index_price": 54424.57, "direction": "sell", "amount": 2.0}, {"trade_seq": 4474, "trade_id": "137934939", "timestamp": 1616489918236, "tick_direction": 1, "price": 0.0025, "mark_price": 0.00254728, "iv": 75.94, "instrument_name": "BTC-26MAR21-60000-C", "index_price": 54389.74, "direction": "sell", "amount": 30.0}, {"trade_seq": 4473, "trade_id": "137931719", "timestamp": 1616488700636, "tick_direction": 0, "price": 0.0025, "mark_price": 0.00255241, "iv": 76.04, "instrument_name": "BTC-26MAR21-60000-C", "index_price": 54364.7, "direction": "buy", "amount": 2.0}, {"trade_seq": 4472, "trade_id": "137930035", "timestamp": 1616488318171, "tick_direction": 2, "price": 0.0015, "mark_price": 0.00224559, "iv": 71.11, "instrument_name": "BTC-26MAR21-60000-C", "index_price": 54032.46, "direction": "sell", "block_trade_id": "9683", "amount": 210.0}, {"trade_seq": 4471, "trade_id": "137929574", "timestamp": 1616488171675, "tick_direction": 2, "price": 0.0018, "mark_price": 0.00204798, "iv": 75.38, "instrument_name": "BTC-26MAR21-60000-C", "index_price": 53880.18, "direction": "sell", "block_trade_id": "9682", "amount": 105.0}, {"trade_seq": 4470, "trade_id": "137929204", "timestamp": 1616488109475, "tick_direction": 0, "price": 0.002, "mark_price": 0.00207595, "iv": 76.7, "instrument_name": "BTC-26MAR21-60000-C", "index_price": 53928.34, "direction": "sell", "block_trade_id": "9681", "amount": 210.0}, {"trade_seq": 4469, "trade_id": "137928558", "timestamp": 1616487873181, "tick_direction": 3, "price": 0.0015, "mark_price": 0.00230393, "iv": 70.05, "instrument_name": "BTC-26MAR21-60000-C", "index_price": 54124.11, "direction": "sell", "block_trade_id": "9680", "amount": 210.0}, {"trade_seq": 4468, "trade_id": "137928019", "timestamp": 1616487645905, "tick_direction": 3, "price": 0.0015, "mark_price": 0.00226506, "iv": 70.9, "instrument_name": "BTC-26MAR21-60000-C", "index_price": 54047.02, "direction": "sell", "amount": 11.1}, {"trade_seq": 4467, "trade_id": "137928018", "timestamp": 1616487645905, "tick_direction": 2, "price": 0.0015, "mark_price": 0.00226506, "iv": 70.9, "instrument_name": "BTC-26MAR21-60000-C", "index_price": 54047.02, "direction": "sell", "amount": 1.3}, {"trade_seq": 4466, "trade_id": "137927965", "timestamp": 1616487618337, "tick_direction": 0, "price": 0.002, "mark_price": 0.00222673, "iv": 75.75, "instrument_name": "BTC-26MAR21-60000-C", "index_price": 54012.3, "direction": "sell", "amount": 2.2}, {"trade_seq": 4465, "trade_id": "137914064", "timestamp": 1616484428104, "tick_direction": 3, "price": 0.0015, "mark_price": 0.00198471, "iv": 73.6, "instrument_name": "BTC-26MAR21-60000-C", "index_price": 53739.63, "direction": "sell", "amount": 0.2}, {"trade_seq": 4464, "trade_id": "137914063", "timestamp": 1616484428104, "tick_direction": 2, "price": 0.0015, "mark_price": 0.00198471, "iv": 73.6, "instrument_name": "BTC-26MAR21-60000-C", "index_price": 53739.63, "direction": "sell", "amount": 0.8}, {"trade_seq": 4463, "trade_id": "137886236", "timestamp": 1616479456058, "tick_direction": 0, "price": 0.002, "mark_price": 0.00170969, "iv": 79.19, "instrument_name": "BTC-26MAR21-60000-C", "index_price": 53596.8, "direction": "sell", "amount": 2.0}, {"trade_seq": 4462, "trade_id": "137878599", "timestamp": 1616478072002, "tick_direction": 2, "price": 0.0015, "mark_price": 0.00184983, "iv": 76.51, "instrument_name": "BTC-26MAR21-60000-C", "index_price": 53365.2, "direction": "sell", "amount": 0.1}, {"trade_seq": 4461, "trade_id": "137858927", "timestamp": 1616476594021, "tick_direction": 2, "price": 0.0025, "mark_price": 0.0024038, "iv": 78.1, "instrument_name": "BTC-26MAR21-60000-C", "index_price": 54012.1, "direction": "sell", "amount": 0.1}, {"trade_seq": 4460, "trade_id": "137839304", "timestamp": 1616468799517, "tick_direction": 3, "price": 0.003, "mark_price": 0.00329811, "iv": 73.86, "instrument_name": "BTC-26MAR21-60000-C", "index_price": 54640.44, "direction": "buy", "amount": 2.0}, {"trade_seq": 4459, "trade_id": "137838597", "timestamp": 1616468475843, "tick_direction": 2, "price": 0.003, "mark_price": 0.00321824, "iv": 74.13, "instrument_name": "BTC-26MAR21-60000-C", "index_price": 54600.76, "direction": "sell", "amount": 0.6}, {"trade_seq": 4458, "trade_id": "137833406", "timestamp": 1616466987717, "tick_direction": 3, "price": 0.0035, "mark_price": 0.00402415, "iv": 72.21, "instrument_name": "BTC-26MAR21-60000-C", "index_price": 55021.83, "direction": "sell", "amount": 18.2}, {"trade_seq": 4457, "trade_id": "137833405", "timestamp": 1616466987717, "tick_direction": 3, "price": 0.0035, "mark_price": 0.00402415, "iv": 72.21, "instrument_name": "BTC-26MAR21-60000-C", "index_price": 55021.83, "direction": "sell", "amount": 25.0}, {"trade_seq": 4456, "trade_id": "137833404", "timestamp": 1616466987717, "tick_direction": 3, "price": 0.0035, "mark_price": 0.00402415, "iv": 72.21, "instrument_name": "BTC-26MAR21-60000-C", "index_price": 55021.83, "direction": "sell", "amount": 20.2}, {"trade_seq": 4455, "trade_id": "137833403", "timestamp": 1616466987717, "tick_direction": 2, "price": 0.0035, "mark_price": 0.00402415, "iv": 72.21, "instrument_name": "BTC-26MAR21-60000-C", "index_price": 55021.83, "direction": "sell", "amount": 0.6}, {"trade_seq": 4454, "trade_id": "137833234", "timestamp": 1616466887989, "tick_direction": 3, "price": 0.004, "mark_price": 0.00397205, "iv": 75.54, "instrument_name": "BTC-26MAR21-60000-C", "index_price": 54966.21, "direction": "buy", "amount": 0.1}, {"trade_seq": 4453, "trade_id": "137831138", "timestamp": 1616465755689, "tick_direction": 3, "price": 0.004, "mark_price": 0.00483289, "iv": 75.33, "instrument_name": "BTC-26MAR21-60000-C", "index_price": 54955.99, "direction": "buy", "amount": 25.6}, {"trade_seq": 4452, "trade_id": "137831137", "timestamp": 1616465755685, "tick_direction": 3, "price": 0.004, "mark_price": 0.00483289, "iv": 75.33, "instrument_name": "BTC-26MAR21-60000-C", "index_price": 54955.99, "direction": "sell", "amount": 0.1}, {"trade_seq": 4451, "trade_id": "137831136", "timestamp": 1616465755685, "tick_direction": 3, "price": 0.004, "mark_price": 0.00483289, "iv": 75.33, "instrument_name": "BTC-26MAR21-60000-C", "index_price": 54955.99, "direction": "sell", "amount": 4.8}, {"trade_seq": 4450, "trade_id": "137831135", "timestamp": 1616465755685, "tick_direction": 3, "price": 0.004, "mark_price": 0.00483289, "iv": 75.33, "instrument_name": "BTC-26MAR21-60000-C", "index_price": 54955.99, "direction": "sell", "amount": 22.2}, {"trade_seq": 4449, "trade_id": "137831134", "timestamp": 1616465755685, "tick_direction": 3, "price": 0.004, "mark_price": 0.00483289, "iv": 75.33, "instrument_name": "BTC-26MAR21-60000-C", "index_price": 54955.99, "direction": "sell", "amount": 21.0}, {"trade_seq": 4448, "trade_id": "137831133", "timestamp": 1616465755685, "tick_direction": 3, "price": 0.004, "mark_price": 0.00483289, "iv": 75.33, "instrument_name": "BTC-26MAR21-60000-C", "index_price": 54955.99, "direction": "sell", "amount": 1.2}, {"trade_seq": 4447, "trade_id": "137831132", "timestamp": 1616465755685, "tick_direction": 3, "price": 0.004, "mark_price": 0.00483289, "iv": 75.33, "instrument_name": "BTC-26MAR21-60000-C", "index_price": 54955.99, "direction": "sell", "amount": 22.0}, {"trade_seq": 4446, "trade_id": "137831131", "timestamp": 1616465755685, "tick_direction": 2, "price": 0.004, "mark_price": 0.00483289, "iv": 75.33, "instrument_name": "BTC-26MAR21-60000-C", "index_price": 54955.99, "direction": "sell", "amount": 3.1}, {"trade_seq": 4445, "trade_id": "137830888", "timestamp": 1616465478260, "tick_direction": 2, "price": 0.0045, "mark_price": 0.0050809, "iv": 77.37, "instrument_name": "BTC-26MAR21-60000-C", "index_price": 54991.21, "direction": "sell", "amount": 1.0}, {"trade_seq": 4444, "trade_id": "137829928", "timestamp": 1616465114710, "tick_direction": 3, "price": 0.005, "mark_price": 0.00536191, "iv": 79.01, "instrument_name": "BTC-26MAR21-60000-C", "index_price": 55075.87, "direction": "buy", "amount": 1.0}, {"trade_seq": 4443, "trade_id": "137829890", "timestamp": 1616465058974, "tick_direction": 2, "price": 0.005, "mark_price": 0.00547426, "iv": 78.84, "instrument_name": "BTC-26MAR21-60000-C", "index_price": 55075.91, "direction": "sell", "amount": 1.0}, {"trade_seq": 4442, "trade_id": "137825854", "timestamp": 1616463617989, "tick_direction": 1, "price": 0.0055, "mark_price": 0.00536435, "iv": 84.03, "instrument_name": "BTC-26MAR21-60000-C", "index_price": 54866.49, "direction": "buy", "amount": 0.4}, {"trade_seq": 4441, "trade_id": "137823707", "timestamp": 1616462350400, "tick_direction": 1, "price": 0.0055, "mark_price": 0.0055803, "iv": 84.04, "instrument_name": "BTC-26MAR21-60000-C", "index_price": 54813.95, "direction": "buy", "amount": 0.1}, {"trade_seq": 4440, "trade_id": "137823706", "timestamp": 1616462350331, "tick_direction": 1, "price": 0.0055, "mark_price": 0.0055803, "iv": 84.04, "instrument_name": "BTC-26MAR21-60000-C", "index_price": 54813.95, "direction": "buy", "amount": 0.3}, {"trade_seq": 4439, "trade_id": "137820393", "timestamp": 1616460393560, "tick_direction": 1, "price": 0.0055, "mark_price": 0.0053675, "iv": 85.15, "instrument_name": "BTC-26MAR21-60000-C", "index_price": 54679.09, "direction": "buy", "amount": 0.9}, {"trade_seq": 4438, "trade_id": "137818686", "timestamp": 1616459635205, "tick_direction": 1, "price": 0.0055, "mark_price": 0.00548007, "iv": 84.72, "instrument_name": "BTC-26MAR21-60000-C", "index_price": 54731.48, "direction": "buy", "amount": 0.1}, {"trade_seq": 4437, "trade_id": "137818683", "timestamp": 1616459634262, "tick_direction": 1, "price": 0.0055, "mark_price": 0.00547415, "iv": 84.79, "instrument_name": "BTC-26MAR21-60000-C", "index_price": 54728.3, "direction": "buy", "amount": 0.1}, {"trade_seq": 4436, "trade_id": "137818678", "timestamp": 1616459633852, "tick_direction": 1, "price": 0.0055, "mark_price": 0.00547415, "iv": 84.82, "instrument_name": "BTC-26MAR21-60000-C", "index_price": 54722.25, "direction": "buy", "amount": 0.2}, {"trade_seq": 4435, "trade_id": "137818677", "timestamp": 1616459633714, "tick_direction": 1, "price": 0.0055, "mark_price": 0.00547415, "iv": 84.82, "instrument_name": "BTC-26MAR21-60000-C", "index_price": 54722.25, "direction": "buy", "amount": 0.4}, {"trade_seq": 4434, "trade_id": "137818669", "timestamp": 1616459633100, "tick_direction": 1, "price": 0.0055, "mark_price": 0.0054756, "iv": 84.82, "instrument_name": "BTC-26MAR21-60000-C", "index_price": 54722.25, "direction": "buy", "amount": 0.1}, {"trade_seq": 4433, "trade_id": "137818668", "timestamp": 1616459632961, "tick_direction": 1, "price": 0.0055, "mark_price": 0.0054756, "iv": 84.81, "instrument_name": "BTC-26MAR21-60000-C", "index_price": 54719.19, "direction": "buy", "amount": 0.1}, {"trade_seq": 4432, "trade_id": "137818666", "timestamp": 1616459632737, "tick_direction": 1, "price": 0.0055, "mark_price": 0.0054756, "iv": 84.81, "instrument_name": "BTC-26MAR21-60000-C", "index_price": 54719.19, "direction": "buy", "amount": 0.1}, {"trade_seq": 4431, "trade_id": "137818660", "timestamp": 1616459632054, "tick_direction": 1, "price": 0.0055, "mark_price": 0.00544911, "iv": 84.83, "instrument_name": "BTC-26MAR21-60000-C", "index_price": 54717.75, "direction": "buy", "amount": 0.1}, {"trade_seq": 4430, "trade_id": "137818659", "timestamp": 1616459631260, "tick_direction": 1, "price": 0.0055, "mark_price": 0.00545066, "iv": 84.94, "instrument_name": "BTC-26MAR21-60000-C", "index_price": 54717.75, "direction": "buy", "amount": 0.1}, {"trade_seq": 4429, "trade_id": "137818658", "timestamp": 1616459631069, "tick_direction": 1, "price": 0.0055, "mark_price": 0.00545066, "iv": 84.94, "instrument_name": "BTC-26MAR21-60000-C", "index_price": 54707.4, "direction": "buy", "amount": 0.1}, {"trade_seq": 4428, "trade_id": "137818657", "timestamp": 1616459630958, "tick_direction": 1, "price": 0.0055, "mark_price": 0.00545066, "iv": 84.94, "instrument_name": "BTC-26MAR21-60000-C", "index_price": 54707.4, "direction": "buy", "amount": 0.2}, {"trade_seq": 4427, "trade_id": "137818654", "timestamp": 1616459630374, "tick_direction": 1, "price": 0.0055, "mark_price": 0.00544343, "iv": 84.94, "instrument_name": "BTC-26MAR21-60000-C", "index_price": 54707.4, "direction": "buy", "amount": 0.1}, {"trade_seq": 4426, "trade_id": "137818653", "timestamp": 1616459630255, "tick_direction": 1, "price": 0.0055, "mark_price": 0.00544343, "iv": 84.94, "instrument_name": "BTC-26MAR21-60000-C", "index_price": 54707.4, "direction": "buy", "amount": 0.2}, {"trade_seq": 4425, "trade_id": "137818642", "timestamp": 1616459627542, "tick_direction": 1, "price": 0.0055, "mark_price": 0.00540736, "iv": 85.06, "instrument_name": "BTC-26MAR21-60000-C", "index_price": 54697.33, "direction": "buy", "amount": 0.1}, {"trade_seq": 4424, "trade_id": "137818628", "timestamp": 1616459627351, "tick_direction": 1, "price": 0.0055, "mark_price": 0.00540736, "iv": 85.06, "instrument_name": "BTC-26MAR21-60000-C", "index_price": 54697.33, "direction": "buy", "amount": 0.2}, {"trade_seq": 4423, "trade_id": "137818627", "timestamp": 1616459627178, "tick_direction": 1, "price": 0.0055, "mark_price": 0.00540736, "iv": 85.06, "instrument_name": "BTC-26MAR21-60000-C", "index_price": 54697.33, "direction": "buy", "amount": 0.3}, {"trade_seq": 4422, "trade_id": "137818626", "timestamp": 1616459627117, "tick_direction": 1, "price": 0.0055, "mark_price": 0.00540736, "iv": 85.06, "instrument_name": "BTC-26MAR21-60000-C", "index_price": 54697.33, "direction": "buy", "amount": 0.1}, {"trade_seq": 4421, "trade_id": "137818618", "timestamp": 1616459626935, "tick_direction": 1, "price": 0.0055, "mark_price": 0.00540736, "iv": 85.15, "instrument_name": "BTC-26MAR21-60000-C", "index_price": 54696.57, "direction": "buy", "amount": 0.1}, {"trade_seq": 4420, "trade_id": "137817751", "timestamp": 1616459360295, "tick_direction": 1, "price": 0.0055, "mark_price": 0.00508047, "iv": 86.39, "instrument_name": "BTC-26MAR21-60000-C", "index_price": 54565.88, "direction": "buy", "amount": 0.3}, {"trade_seq": 4419, "trade_id": "137816816", "timestamp": 1616459068400, "tick_direction": 1, "price": 0.0055, "mark_price": 0.00489414, "iv": 86.37, "instrument_name": "BTC-26MAR21-60000-C", "index_price": 54551.1, "direction": "buy", "amount": 0.3}, {"trade_seq": 4418, "trade_id": "137816814", "timestamp": 1616459066994, "tick_direction": 1, "price": 0.0055, "mark_price": 0.0048942, "iv": 86.47, "instrument_name": "BTC-26MAR21-60000-C", "index_price": 54538.74, "direction": "buy", "amount": 0.3}, {"trade_seq": 4417, "trade_id": "137816807", "timestamp": 1616459062472, "tick_direction": 1, "price": 0.0055, "mark_price": 0.00489561, "iv": 86.47, "instrument_name": "BTC-26MAR21-60000-C", "index_price": 54541.03, "direction": "buy", "amount": 0.3}, {"trade_seq": 4416, "trade_id": "137816805", "timestamp": 1616459061369, "tick_direction": 1, "price": 0.0055, "mark_price": 0.00490604, "iv": 86.45, "instrument_name": "BTC-26MAR21-60000-C", "index_price": 54543.24, "direction": "buy", "amount": 0.4}, {"trade_seq": 4415, "trade_id": "137816608", "timestamp": 1616459036472, "tick_direction": 1, "price": 0.0055, "mark_price": 0.0050414, "iv": 85.69, "instrument_name": "BTC-26MAR21-60000-C", "index_price": 54613.35, "direction": "buy", "amount": 0.1}, {"trade_seq": 4414, "trade_id": "137816607", "timestamp": 1616459036388, "tick_direction": 1, "price": 0.0055, "mark_price": 0.0050414, "iv": 85.69, "instrument_name": "BTC-26MAR21-60000-C", "index_price": 54613.35, "direction": "buy", "amount": 0.2}, {"trade_seq": 4413, "trade_id": "137816606", "timestamp": 1616459036263, "tick_direction": 1, "price": 0.0055, "mark_price": 0.0050414, "iv": 85.69, "instrument_name": "BTC-26MAR21-60000-C", "index_price": 54613.35, "direction": "buy", "amount": 0.8}, {"trade_seq": 4412, "trade_id": "137816596", "timestamp": 1616459029619, "tick_direction": 1, "price": 0.0055, "mark_price": 0.00502658, "iv": 85.73, "instrument_name": "BTC-26MAR21-60000-C", "index_price": 54608.39, "direction": "buy", "amount": 0.3}, {"trade_seq": 4411, "trade_id": "137816595", "timestamp": 1616459029385, "tick_direction": 1, "price": 0.0055, "mark_price": 0.00502658, "iv": 85.73, "instrument_name": "BTC-26MAR21-60000-C", "index_price": 54608.39, "direction": "buy", "amount": 0.1}, {"trade_seq": 4410, "trade_id": "137816580", "timestamp": 1616459027465, "tick_direction": 1, "price": 0.0055, "mark_price": 0.00504694, "iv": 85.61, "instrument_name": "BTC-26MAR21-60000-C", "index_price": 54610.94, "direction": "buy", "amount": 0.1}, {"trade_seq": 4409, "trade_id": "137816579", "timestamp": 1616459027360, "tick_direction": 1, "price": 0.0055, "mark_price": 0.00504694, "iv": 85.61, "instrument_name": "BTC-26MAR21-60000-C", "index_price": 54610.94, "direction": "buy", "amount": 0.4}, {"trade_seq": 4408, "trade_id": "137816561", "timestamp": 1616459021124, "tick_direction": 1, "price": 0.0055, "mark_price": 0.00504209, "iv": 85.59, "instrument_name": "BTC-26MAR21-60000-C", "index_price": 54617.77, "direction": "buy", "amount": 0.2}, {"trade_seq": 4407, "trade_id": "137816560", "timestamp": 1616459021078, "tick_direction": 1, "price": 0.0055, "mark_price": 0.00504209, "iv": 85.59, "instrument_name": "BTC-26MAR21-60000-C", "index_price": 54617.77, "direction": "buy", "amount": 0.6}, {"trade_seq": 4406, "trade_id": "137815235", "timestamp": 1616458578681, "tick_direction": 0, "price": 0.0055, "mark_price": 0.00528691, "iv": 84.84, "instrument_name": "BTC-26MAR21-60000-C", "index_price": 54694.71, "direction": "buy", "amount": 4.3}, {"trade_seq": 4405, "trade_id": "137815205", "timestamp": 1616458558502, "tick_direction": 3, "price": 0.005, "mark_price": 0.00537841, "iv": 81.97, "instrument_name": "BTC-26MAR21-60000-C", "index_price": 54726.4, "direction": "sell", "amount": 0.3}, {"trade_seq": 4404, "trade_id": "137815187", "timestamp": 1616458557746, "tick_direction": 2, "price": 0.005, "mark_price": 0.00538051, "iv": 81.97, "instrument_name": "BTC-26MAR21-60000-C", "index_price": 54747.66, "direction": "sell", "amount": 0.4}, {"trade_seq": 4403, "trade_id": "137807979", "timestamp": 1616456570822, "tick_direction": 0, "price": 0.0055, "mark_price": 0.00515332, "iv": 85.65, "instrument_name": "BTC-26MAR21-60000-C", "index_price": 54605.38, "direction": "buy", "amount": 2.0}, {"trade_seq": 4402, "trade_id": "137807535", "timestamp": 1616456320828, "tick_direction": 3, "price": 0.0045, "mark_price": 0.00485773, "iv": 82.53, "instrument_name": "BTC-26MAR21-60000-C", "index_price": 54427.9, "direction": "buy", "amount": 0.2}, {"trade_seq": 4401, "trade_id": "137807534", "timestamp": 1616456320827, "tick_direction": 3, "price": 0.0045, "mark_price": 0.00485773, "iv": 82.53, "instrument_name": "BTC-26MAR21-60000-C", "index_price": 54427.9, "direction": "buy", "amount": 1.6}, {"trade_seq": 4400, "trade_id": "137807533", "timestamp": 1616456320825, "tick_direction": 3, "price": 0.0045, "mark_price": 0.00485773, "iv": 82.53, "instrument_name": "BTC-26MAR21-60000-C", "index_price": 54427.9, "direction": "buy", "amount": 0.7}, {"trade_seq": 4399, "trade_id": "137807532", "timestamp": 1616456320822, "tick_direction": 3, "price": 0.0045, "mark_price": 0.00485773, "iv": 82.53, "instrument_name": "BTC-26MAR21-60000-C", "index_price": 54427.9, "direction": "sell", "amount": 26.7}, {"trade_seq": 4398, "trade_id": "137807531", "timestamp": 1616456320822, "tick_direction": 2, "price": 0.0045, "mark_price": 0.00485773, "iv": 82.53, "instrument_name": "BTC-26MAR21-60000-C", "index_price": 54427.9, "direction": "sell", "amount": 0.8}, {"trade_seq": 4397, "trade_id": "137807489", "timestamp": 1616456297102, "tick_direction": 1, "price": 0.005, "mark_price": 0.00490575, "iv": 84.66, "instrument_name": "BTC-26MAR21-60000-C", "index_price": 54467.28, "direction": "sell", "amount": 3.0}, {"trade_seq": 4396, "trade_id": "137806808", "timestamp": 1616456062488, "tick_direction": 1, "price": 0.005, "mark_price": 0.00482086, "iv": 84.65, "instrument_name": "BTC-26MAR21-60000-C", "index_price": 54466.61, "direction": "sell", "amount": 0.6}, {"trade_seq": 4395, "trade_id": "137806807", "timestamp": 1616456062488, "tick_direction": 0, "price": 0.005, "mark_price": 0.00482086, "iv": 84.65, "instrument_name": "BTC-26MAR21-60000-C", "index_price": 54466.61, "direction": "sell", "amount": 0.6}, {"trade_seq": 4394, "trade_id": "137789278", "timestamp": 1616450754863, "tick_direction": 2, "price": 0.004, "mark_price": 0.00365509, "iv": 84.38, "instrument_name": "BTC-26MAR21-60000-C", "index_price": 53906.78, "direction": "buy", "amount": 5.0}, {"trade_seq": 4393, "trade_id": "137779387", "timestamp": 1616449485481, "tick_direction": 3, "price": 0.005, "mark_price": 0.004951, "iv": 81.94, "instrument_name": "BTC-26MAR21-60000-C", "index_price": 54602.9, "direction": "buy", "amount": 0.1}, {"trade_seq": 4392, "trade_id": "137776508", "timestamp": 1616448500613, "tick_direction": 2, "price": 0.005, "mark_price": 0.0048149, "iv": 82.29, "instrument_name": "BTC-26MAR21-60000-C", "index_price": 54515.66, "direction": "buy", "amount": 0.1}, {"trade_seq": 4391, "trade_id": "137773510", "timestamp": 1616447518943, "tick_direction": 1, "price": 0.006, "mark_price": 0.00528945, "iv": 82.82, "instrument_name": "BTC-26MAR21-60000-C", "index_price": 54930.35, "direction": "sell", "amount": 1.0}, {"trade_seq": 4390, "trade_id": "137773509", "timestamp": 1616447518942, "tick_direction": 1, "price": 0.006, "mark_price": 0.00528945, "iv": 82.82, "instrument_name": "BTC-26MAR21-60000-C", "index_price": 54930.35, "direction": "sell", "amount": 2.6}, {"trade_seq": 4389, "trade_id": "137773508", "timestamp": 1616447518934, "tick_direction": 1, "price": 0.006, "mark_price": 0.00528945, "iv": 82.82, "instrument_name": "BTC-26MAR21-60000-C", "index_price": 54930.35, "direction": "sell", "amount": 9.4}, {"trade_seq": 4388, "trade_id": "137773507", "timestamp": 1616447518924, "tick_direction": 1, "price": 0.006, "mark_price": 0.00528945, "iv": 82.82, "instrument_name": "BTC-26MAR21-60000-C", "index_price": 54930.35, "direction": "buy", "amount": 2.6}, {"trade_seq": 4387, "trade_id": "137773506", "timestamp": 1616447518924, "tick_direction": 1, "price": 0.006, "mark_price": 0.00528945, "iv": 82.82, "instrument_name": "BTC-26MAR21-60000-C", "index_price": 54930.35, "direction": "buy", "amount": 25.0}, {"trade_seq": 4386, "trade_id": "137773505", "timestamp": 1616447518924, "tick_direction": 0, "price": 0.006, "mark_price": 0.00528945, "iv": 82.82, "instrument_name": "BTC-26MAR21-60000-C", "index_price": 54930.35, "direction": "buy", "amount": 0.9}, {"trade_seq": 4385, "trade_id": "137773342", "timestamp": 1616447426774, "tick_direction": 1, "price": 0.0055, "mark_price": 0.00503288, "iv": 81.35, "instrument_name": "BTC-26MAR21-60000-C", "index_price": 54837.69, "direction": "sell", "amount": 0.1}, {"trade_seq": 4384, "trade_id": "137773332", "timestamp": 1616447407975, "tick_direction": 1, "price": 0.0055, "mark_price": 0.00498447, "iv": 81.47, "instrument_name": "BTC-26MAR21-60000-C", "index_price": 54830.22, "direction": "sell", "amount": 0.4}, {"trade_seq": 4383, "trade_id": "137773331", "timestamp": 1616447407734, "tick_direction": 1, "price": 0.0055, "mark_price": 0.00498447, "iv": 81.47, "instrument_name": "BTC-26MAR21-60000-C", "index_price": 54830.22, "direction": "sell", "amount": 0.4}, {"trade_seq": 4382, "trade_id": "137773330", "timestamp": 1616447407718, "tick_direction": 1, "price": 0.0055, "mark_price": 0.00498447, "iv": 81.47, "instrument_name": "BTC-26MAR21-60000-C", "index_price": 54830.22, "direction": "sell", "amount": 0.4}, {"trade_seq": 4381, "trade_id": "137773329", "timestamp": 1616447407655, "tick_direction": 1, "price": 0.0055, "mark_price": 0.00498447, "iv": 81.47, "instrument_name": "BTC-26MAR21-60000-C", "index_price": 54830.22, "direction": "sell", "amount": 0.4}, {"trade_seq": 4380, "trade_id": "137773328", "timestamp": 1616447407616, "tick_direction": 1, "price": 0.0055, "mark_price": 0.00498447, "iv": 81.47, "instrument_name": "BTC-26MAR21-60000-C", "index_price": 54830.22, "direction": "sell", "amount": 3.3}, {"trade_seq": 4379, "trade_id": "137773327", "timestamp": 1616447407552, "tick_direction": 1, "price": 0.0055, "mark_price": 0.00498447, "iv": 81.47, "instrument_name": "BTC-26MAR21-60000-C", "index_price": 54830.22, "direction": "buy", "amount": 0.1}, {"trade_seq": 4378, "trade_id": "137773326", "timestamp": 1616447407552, "tick_direction": 1, "price": 0.0055, "mark_price": 0.00498447, "iv": 81.47, "instrument_name": "BTC-26MAR21-60000-C", "index_price": 54830.22, "direction": "buy", "amount": 0.5}, {"trade_seq": 4377, "trade_id": "137773325", "timestamp": 1616447407552, "tick_direction": 0, "price": 0.0055, "mark_price": 0.00498447, "iv": 81.47, "instrument_name": "BTC-26MAR21-60000-C", "index_price": 54830.22, "direction": "buy", "amount": 2.9}, {"trade_seq": 4376, "trade_id": "137772075", "timestamp": 1616447022889, "tick_direction": 1, "price": 0.005, "mark_price": 0.00488087, "iv": 79.64, "instrument_name": "BTC-26MAR21-60000-C", "index_price": 54798.73, "direction": "buy", "amount": 0.8}, {"trade_seq": 4375, "trade_id": "137772066", "timestamp": 1616447020613, "tick_direction": 1, "price": 0.005, "mark_price": 0.00488102, "iv": 79.64, "instrument_name": "BTC-26MAR21-60000-C", "index_price": 54798.52, "direction": "buy", "amount": 0.8}, {"trade_seq": 4374, "trade_id": "137771963", "timestamp": 1616446984940, "tick_direction": 1, "price": 0.005, "mark_price": 0.00474718, "iv": 80.32, "instrument_name": "BTC-26MAR21-60000-C", "index_price": 54724.06, "direction": "buy", "amount": 2.0}, {"trade_seq": 4373, "trade_id": "137771825", "timestamp": 1616446942188, "tick_direction": 0, "price": 0.005, "mark_price": 0.00459622, "iv": 81.05, "instrument_name": "BTC-26MAR21-60000-C", "index_price": 54654.07, "direction": "buy", "amount": 1.0}, {"trade_seq": 4372, "trade_id": "137770797", "timestamp": 1616446823279, "tick_direction": 2, "price": 0.0045, "mark_price": 0.00394192, "iv": 81.56, "instrument_name": "BTC-26MAR21-60000-C", "index_price": 54390.93, "direction": "sell", "amount": 0.1}, {"trade_seq": 4371, "trade_id": "137768453", "timestamp": 1616446415295, "tick_direction": 3, "price": 0.005, "mark_price": 0.00468196, "iv": 79.7, "instrument_name": "BTC-26MAR21-60000-C", "index_price": 54800.49, "direction": "buy", "amount": 4.5}, {"trade_seq": 4370, "trade_id": "137757730", "timestamp": 1616445939962, "tick_direction": 3, "price": 0.005, "mark_price": 0.00439728, "iv": 79.69, "instrument_name": "BTC-26MAR21-60000-C", "index_price": 54795.89, "direction": "sell", "amount": 0.1}, {"trade_seq": 4369, "trade_id": "137757675", "timestamp": 1616445939424, "tick_direction": 3, "price": 0.005, "mark_price": 0.00439728, "iv": 79.61, "instrument_name": "BTC-26MAR21-60000-C", "index_price": 54806.24, "direction": "sell", "amount": 0.3}, {"trade_seq": 4368, "trade_id": "137757615", "timestamp": 1616445938208, "tick_direction": 3, "price": 0.005, "mark_price": 0.00439786, "iv": 79.6, "instrument_name": "BTC-26MAR21-60000-C", "index_price": 54812.39, "direction": "sell", "amount": 0.3}, {"trade_seq": 4367, "trade_id": "137757580", "timestamp": 1616445937579, "tick_direction": 2, "price": 0.005, "mark_price": 0.00451982, "iv": 78.97, "instrument_name": "BTC-26MAR21-60000-C", "index_price": 54864.35, "direction": "sell", "amount": 0.3}, {"trade_seq": 4366, "trade_id": "137752505", "timestamp": 1616445720577, "tick_direction": 2, "price": 0.0065, "mark_price": 0.00565036, "iv": 79.43, "instrument_name": "BTC-26MAR21-60000-C", "index_price": 55393.45, "direction": "buy", "amount": 0.1}, {"trade_seq": 4365, "trade_id": "137740579", "timestamp": 1616442679421, "tick_direction": 1, "price": 0.007, "mark_price": 0.00728031, "iv": 72.42, "instrument_name": "BTC-26MAR21-60000-C", "index_price": 56082.2, "direction": "buy", "amount": 1.0}, {"trade_seq": 4364, "trade_id": "137739150", "timestamp": 1616441975218, "tick_direction": 0, "price": 0.007, "mark_price": 0.0069992, "iv": 73.69, "instrument_name": "BTC-26MAR21-60000-C", "index_price": 55968.22, "direction": "buy", "amount": 9.7}, {"trade_seq": 4363, "trade_id": "137738706", "timestamp": 1616441767420, "tick_direction": 3, "price": 0.0065, "mark_price": 0.00653948, "iv": 73.96, "instrument_name": "BTC-26MAR21-60000-C", "index_price": 55789.31, "direction": "buy", "amount": 0.3}, {"trade_seq": 4362, "trade_id": "137732488", "timestamp": 1616440452099, "tick_direction": 3, "price": 0.0065, "mark_price": 0.00662648, "iv": 70.93, "instrument_name": "BTC-26MAR21-60000-C", "index_price": 56036.3, "direction": "sell", "amount": 7.9}, {"trade_seq": 4361, "trade_id": "137732487", "timestamp": 1616440452099, "tick_direction": 3, "price": 0.0065, "mark_price": 0.00662648, "iv": 70.93, "instrument_name": "BTC-26MAR21-60000-C", "index_price": 56036.3, "direction": "sell", "amount": 1.1}, {"trade_seq": 4360, "trade_id": "137731457", "timestamp": 1616440184405, "tick_direction": 3, "price": 0.0065, "mark_price": 0.00681353, "iv": 70.0, "instrument_name": "BTC-26MAR21-60000-C", "index_price": 56094.96, "direction": "sell", "amount": 0.1}, {"trade_seq": 4359, "trade_id": "137731456", "timestamp": 1616440184405, "tick_direction": 2, "price": 0.0065, "mark_price": 0.00681353, "iv": 70.0, "instrument_name": "BTC-26MAR21-60000-C", "index_price": 56094.96, "direction": "sell", "amount": 0.9}, {"trade_seq": 4358, "trade_id": "137723966", "timestamp": 1616438503456, "tick_direction": 2, "price": 0.008, "mark_price": 0.00776807, "iv": 70.46, "instrument_name": "BTC-26MAR21-60000-C", "index_price": 56495.3, "direction": "buy", "amount": 0.8}, {"trade_seq": 4357, "trade_id": "137716137", "timestamp": 1616434614965, "tick_direction": 0, "price": 0.01, "mark_price": 0.01013807, "iv": 67.89, "instrument_name": "BTC-26MAR21-60000-C", "index_price": 57184.38, "direction": "buy", "amount": 1.0}, {"trade_seq": 4356, "trade_id": "137712916", "timestamp": 1616432822980, "tick_direction": 3, "price": 0.0085, "mark_price": 0.0083464, "iv": 70.07, "instrument_name": "BTC-26MAR21-60000-C", "index_price": 56600.12, "direction": "buy", "amount": 0.1}, {"trade_seq": 4355, "trade_id": "137712650", "timestamp": 1616432633262, "tick_direction": 3, "price": 0.0085, "mark_price": 0.00873988, "iv": 69.02, "instrument_name": "BTC-26MAR21-60000-C", "index_price": 56687.7, "direction": "buy", "amount": 0.1}, {"trade_seq": 4354, "trade_id": "137712649", "timestamp": 1616432633123, "tick_direction": 3, "price": 0.0085, "mark_price": 0.00873988, "iv": 69.02, "instrument_name": "BTC-26MAR21-60000-C", "index_price": 56687.7, "direction": "buy", "amount": 0.1}, {"trade_seq": 4353, "trade_id": "137712641", "timestamp": 1616432626307, "tick_direction": 3, "price": 0.0085, "mark_price": 0.00875557, "iv": 69.08, "instrument_name": "BTC-26MAR21-60000-C", "index_price": 56682.31, "direction": "buy", "amount": 0.1}, {"trade_seq": 4352, "trade_id": "137712640", "timestamp": 1616432612783, "tick_direction": 3, "price": 0.0085, "mark_price": 0.00877555, "iv": 69.0, "instrument_name": "BTC-26MAR21-60000-C", "index_price": 56692.88, "direction": "buy", "amount": 0.1}, {"trade_seq": 4351, "trade_id": "137712639", "timestamp": 1616432611931, "tick_direction": 3, "price": 0.0085, "mark_price": 0.00877661, "iv": 69.03, "instrument_name": "BTC-26MAR21-60000-C", "index_price": 56689.38, "direction": "buy", "amount": 0.1}, {"trade_seq": 4350, "trade_id": "137712614", "timestamp": 1616432587070, "tick_direction": 2, "price": 0.0085, "mark_price": 0.00878637, "iv": 69.16, "instrument_name": "BTC-26MAR21-60000-C", "index_price": 56685.55, "direction": "buy", "amount": 0.4}, {"trade_seq": 4349, "trade_id": "137711085", "timestamp": 1616431773244, "tick_direction": 1, "price": 0.009, "mark_price": 0.00905864, "iv": 70.76, "instrument_name": "BTC-26MAR21-60000-C", "index_price": 56675.06, "direction": "sell", "amount": 0.2}, {"trade_seq": 4348, "trade_id": "137704488", "timestamp": 1616430813147, "tick_direction": 1, "price": 0.009, "mark_price": 0.00867017, "iv": 72.44, "instrument_name": "BTC-26MAR21-60000-C", "index_price": 56581.97, "direction": "sell", "amount": 0.3}, {"trade_seq": 4347, "trade_id": "137704356", "timestamp": 1616430811952, "tick_direction": 1, "price": 0.009, "mark_price": 0.00867491, "iv": 72.12, "instrument_name": "BTC-26MAR21-60000-C", "index_price": 56598.97, "direction": "sell", "amount": 0.4}, {"trade_seq": 4346, "trade_id": "137704276", "timestamp": 1616430811155, "tick_direction": 0, "price": 0.009, "mark_price": 0.00868969, "iv": 72.1, "instrument_name": "BTC-26MAR21-60000-C", "index_price": 56603.88, "direction": "sell", "amount": 0.3}, {"trade_seq": 4345, "trade_id": "137703621", "timestamp": 1616430764061, "tick_direction": 2, "price": 0.0089, "mark_price": 0.00953983, "iv": 68.84, "instrument_name": "BTC-26MAR21-60000-C", "index_price": 56807.15, "direction": "sell", "block_trade_id": "9633", "amount": 100.0}, {"trade_seq": 4344, "trade_id": "137692703", "timestamp": 1616425392909, "tick_direction": 0, "price": 0.011, "mark_price": 0.01056388, "iv": 70.93, "instrument_name": "BTC-26MAR21-60000-C", "index_price": 57118.04, "direction": "buy", "amount": 0.1}, {"trade_seq": 4343, "trade_id": "137692030", "timestamp": 1616425212453, "tick_direction": 2, "price": 0.01, "mark_price": 0.00982086, "iv": 70.02, "instrument_name": "BTC-26MAR21-60000-C", "index_price": 56951.86, "direction": "sell", "amount": 5.0}, {"trade_seq": 4342, "trade_id": "137685000", "timestamp": 1616422367969, "tick_direction": 2, "price": 0.011, "mark_price": 0.011106, "iv": 69.4, "instrument_name": "BTC-26MAR21-60000-C", "index_price": 57220.61, "direction": "sell", "amount": 0.1}, {"trade_seq": 4341, "trade_id": "137674971", "timestamp": 1616419637404, "tick_direction": 1, "price": 0.0115, "mark_price": 0.01171274, "iv": 68.26, "instrument_name": "BTC-26MAR21-60000-C", "index_price": 57329.09, "direction": "buy", "amount": 0.1}, {"trade_seq": 4340, "trade_id": "137674970", "timestamp": 1616419637309, "tick_direction": 1, "price": 0.0115, "mark_price": 0.01171274, "iv": 68.26, "instrument_name": "BTC-26MAR21-60000-C", "index_price": 57329.09, "direction": "buy", "amount": 0.1}, {"trade_seq": 4339, "trade_id": "137674969", "timestamp": 1616419635328, "tick_direction": 1, "price": 0.0115, "mark_price": 0.01168513, "iv": 68.35, "instrument_name": "BTC-26MAR21-60000-C", "index_price": 57322.55, "direction": "buy", "amount": 0.1}, {"trade_seq": 4338, "trade_id": "137674920", "timestamp": 1616419606987, "tick_direction": 1, "price": 0.0115, "mark_price": 0.01170524, "iv": 68.35, "instrument_name": "BTC-26MAR21-60000-C", "index_price": 57332.77, "direction": "buy", "amount": 0.1}, {"trade_seq": 4337, "trade_id": "137674917", "timestamp": 1616419602223, "tick_direction": 0, "price": 0.0115, "mark_price": 0.01170427, "iv": 68.37, "instrument_name": "BTC-26MAR21-60000-C", "index_price": 57331.65, "direction": "buy", "amount": 0.2}, {"trade_seq": 4336, "trade_id": "137668190", "timestamp": 1616417219264, "tick_direction": 2, "price": 0.01, "mark_price": 0.01041923, "iv": 67.49, "instrument_name": "BTC-26MAR21-60000-C", "index_price": 57053.83, "direction": "sell", "amount": 0.1}, {"trade_seq": 4335, "trade_id": "137665384", "timestamp": 1616416423926, "tick_direction": 3, "price": 0.011, "mark_price": 0.01134316, "iv": 67.3, "instrument_name": "BTC-26MAR21-60000-C", "index_price": 57260.17, "direction": "buy", "amount": 0.1}, {"trade_seq": 4334, "trade_id": "137665383", "timestamp": 1616416423919, "tick_direction": 2, "price": 0.011, "mark_price": 0.01134316, "iv": 67.3, "instrument_name": "BTC-26MAR21-60000-C", "index_price": 57260.17, "direction": "sell", "amount": 0.8}, {"trade_seq": 4333, "trade_id": "137663559", "timestamp": 1616415534227, "tick_direction": 3, "price": 0.012, "mark_price": 0.01236954, "iv": 66.8, "instrument_name": "BTC-26MAR21-60000-C", "index_price": 57495.86, "direction": "sell", "amount": 0.3}, {"trade_seq": 4332, "trade_id": "137663558", "timestamp": 1616415534227, "tick_direction": 2, "price": 0.012, "mark_price": 0.01236954, "iv": 66.8, "instrument_name": "BTC-26MAR21-60000-C", "index_price": 57495.86, "direction": "sell", "amount": 0.4}, {"trade_seq": 4331, "trade_id": "137663499", "timestamp": 1616415451762, "tick_direction": 2, "price": 0.0125, "mark_price": 0.01255655, "iv": 67.77, "instrument_name": "BTC-26MAR21-60000-C", "index_price": 57543.11, "direction": "buy", "amount": 0.3}, {"trade_seq": 4330, "trade_id": "137657031", "timestamp": 1616412346874, "tick_direction": 2, "price": 0.0135, "mark_price": 0.01394991, "iv": 65.3, "instrument_name": "BTC-26MAR21-60000-C", "index_price": 57838.91, "direction": "sell", "amount": 0.1}, {"trade_seq": 4329, "trade_id": "137653101", "timestamp": 1616410183062, "tick_direction": 0, "price": 0.015, "mark_price": 0.01487035, "iv": 66.53, "instrument_name": "BTC-26MAR21-60000-C", "index_price": 58076.92, "direction": "buy", "amount": 1.0}, {"trade_seq": 4328, "trade_id": "137652977", "timestamp": 1616410077443, "tick_direction": 3, "price": 0.0145, "mark_price": 0.01490538, "iv": 65.32, "instrument_name": "BTC-26MAR21-60000-C", "index_price": 58058.99, "direction": "buy", "amount": 0.3}, {"trade_seq": 4327, "trade_id": "137652976", "timestamp": 1616410070854, "tick_direction": 3, "price": 0.0145, "mark_price": 0.01488086, "iv": 65.3, "instrument_name": "BTC-26MAR21-60000-C", "index_price": 58059.38, "direction": "buy", "amount": 0.1}, {"trade_seq": 4326, "trade_id": "137652975", "timestamp": 1616410070758, "tick_direction": 3, "price": 0.0145, "mark_price": 0.01488086, "iv": 65.4, "instrument_name": "BTC-26MAR21-60000-C", "index_price": 58052.25, "direction": "buy", "amount": 0.2}, {"trade_seq": 4325, "trade_id": "137652974", "timestamp": 1616410070694, "tick_direction": 3, "price": 0.0145, "mark_price": 0.01488086, "iv": 65.4, "instrument_name": "BTC-26MAR21-60000-C", "index_price": 58052.25, "direction": "buy", "amount": 0.7}, {"trade_seq": 4324, "trade_id": "137652973", "timestamp": 1616410070648, "tick_direction": 3, "price": 0.0145, "mark_price": 0.01488086, "iv": 65.4, "instrument_name": "BTC-26MAR21-60000-C", "index_price": 58052.25, "direction": "buy", "amount": 1.7}, {"trade_seq": 4323, "trade_id": "137652735", "timestamp": 1616409897089, "tick_direction": 2, "price": 0.0145, "mark_price": 0.01474638, "iv": 65.82, "instrument_name": "BTC-26MAR21-60000-C", "index_price": 58023.19, "direction": "buy", "amount": 0.1}, {"trade_seq": 4322, "trade_id": "137651678", "timestamp": 1616409327767, "tick_direction": 1, "price": 0.0155, "mark_price": 0.0153187, "iv": 67.4, "instrument_name": "BTC-26MAR21-60000-C", "index_price": 58103.87, "direction": "sell", "amount": 0.3}, {"trade_seq": 4321, "trade_id": "137651651", "timestamp": 1616409318577, "tick_direction": 1, "price": 0.0155, "mark_price": 0.01546264, "iv": 67.01, "instrument_name": "BTC-26MAR21-60000-C", "index_price": 58124.4, "direction": "sell", "amount": 0.3}, {"trade_seq": 4320, "trade_id": "137650646", "timestamp": 1616408938277, "tick_direction": 1, "price": 0.0155, "mark_price": 0.01500941, "iv": 67.98, "instrument_name": "BTC-26MAR21-60000-C", "index_price": 58075.35, "direction": "sell", "amount": 0.1}, {"trade_seq": 4319, "trade_id": "137650645", "timestamp": 1616408938199, "tick_direction": 0, "price": 0.0155, "mark_price": 0.01500941, "iv": 67.98, "instrument_name": "BTC-26MAR21-60000-C", "index_price": 58075.35, "direction": "sell", "amount": 0.3}, {"trade_seq": 4318, "trade_id": "137642132", "timestamp": 1616407638516, "tick_direction": 0, "price": 0.0135, "mark_price": 0.01339465, "iv": 67.47, "instrument_name": "BTC-26MAR21-60000-C", "index_price": 57698.75, "direction": "buy", "amount": 0.8}, {"trade_seq": 4317, "trade_id": "137641818", "timestamp": 1616407565953, "tick_direction": 0, "price": 0.013, "mark_price": 0.01295514, "iv": 67.47, "instrument_name": "BTC-26MAR21-60000-C", "index_price": 57616.9, "direction": "buy", "amount": 0.2}, {"trade_seq": 4316, "trade_id": "137639882", "timestamp": 1616406807526, "tick_direction": 3, "price": 0.011, "mark_price": 0.01105925, "iv": 67.32, "instrument_name": "BTC-26MAR21-60000-C", "index_price": 57195.05, "direction": "sell", "amount": 0.3}