{"trades": [{"trade_seq": 83, "trade_id": "137264297", "timestamp": 1616219784752, "tick_direction": 0, "price": 0.2185, "mark_price": 0.21595826, "iv": 130.55, "instrument_name": "BTC-26MAR21-46000-C", "index_price": 58255.46, "direction": "buy", "amount": 2.0}, {"trade_seq": 82, "trade_id": "136258477", "timestamp": 1615848744451, "tick_direction": 0, "price": 0.193, "mark_price": 0.19367871, "iv": 101.84, "instrument_name": "BTC-26MAR21-46000-C", "index_price": 56107.21, "direction": "sell", "amount": 0.5}, {"trade_seq": 81, "trade_id": "134670462", "timestamp": 1615347921511, "tick_direction": 3, "price": 0.17, "mark_price": 0.17017906, "iv": 94.7, "instrument_name": "BTC-26MAR21-46000-C", "index_price": 53488.18, "direction": "buy", "amount": 0.3}, {"trade_seq": 80, "trade_id": "134670461", "timestamp": 1615347921365, "tick_direction": 3, "price": 0.17, "mark_price": 0.17017906, "iv": 94.81, "instrument_name": "BTC-26MAR21-46000-C", "index_price": 53488.18, "direction": "buy", "amount": 0.1}, {"trade_seq": 79, "trade_id": "134670452", "timestamp": 1615347921037, "tick_direction": 3, "price": 0.17, "mark_price": 0.17017906, "iv": 94.81, "instrument_name": "BTC-26MAR21-46000-C", "index_price": 53488.18, "direction": "buy", "amount": 0.1}, {"trade_seq": 78, "trade_id": "134670451", "timestamp": 1615347920677, "tick_direction": 3, "price": 0.17, "mark_price": 0.17017906, "iv": 94.96, "instrument_name": "BTC-26MAR21-46000-C", "index_price": 53483.01, "direction": "buy", "amount": 0.1}, {"trade_seq": 77, "trade_id": "134670450", "timestamp": 1615347920614, "tick_direction": 3, "price": 0.17, "mark_price": 0.17017906, "iv": 94.96, "instrument_name": "BTC-26MAR21-46000-C", "index_price": 53483.01, "direction": "buy", "amount": 0.1}, {"trade_seq": 76, "trade_id": "134670448", "timestamp": 1615347920481, "tick_direction": 2, "price": 0.17, "mark_price": 0.17012676, "iv": 94.96, "instrument_name": "BTC-26MAR21-46000-C", "index_price": 53483.01, "direction": "buy", "amount": 0.3}, {"trade_seq": 75, "trade_id": "134596579", "timestamp": 1615322650516, "tick_direction": 1, "price": 0.183, "mark_price": 0.18423075, "iv": 95.62, "instrument_name": "BTC-26MAR21-46000-C", "index_price": 54428.02, "direction": "sell", "amount": 2.0}, {"trade_seq": 74, "trade_id": "134596578", "timestamp": 1615322650516, "tick_direction": 0, "price": 0.183, "mark_price": 0.18423075, "iv": 95.62, "instrument_name": "BTC-26MAR21-46000-C", "index_price": 54428.02, "direction": "sell", "amount": 2.0}, {"trade_seq": 73, "trade_id": "134593338", "timestamp": 1615321323445, "tick_direction": 3, "price": 0.1805, "mark_price": 0.17993395, "iv": 96.88, "instrument_name": "BTC-26MAR21-46000-C", "index_price": 54174.01, "direction": "sell", "amount": 0.1}, {"trade_seq": 72, "trade_id": "134593295", "timestamp": 1615321284447, "tick_direction": 3, "price": 0.1805, "mark_price": 0.17990382, "iv": 97.17, "instrument_name": "BTC-26MAR21-46000-C", "index_price": 54152.0, "direction": "sell", "amount": 0.2}, {"trade_seq": 71, "trade_id": "134593294", "timestamp": 1615321283911, "tick_direction": 3, "price": 0.1805, "mark_price": 0.17990382, "iv": 96.99, "instrument_name": "BTC-26MAR21-46000-C", "index_price": 54155.07, "direction": "sell", "amount": 0.1}, {"trade_seq": 70, "trade_id": "134593293", "timestamp": 1615321283821, "tick_direction": 3, "price": 0.1805, "mark_price": 0.17990382, "iv": 96.99, "instrument_name": "BTC-26MAR21-46000-C", "index_price": 54155.07, "direction": "sell", "amount": 0.2}, {"trade_seq": 69, "trade_id": "134593292", "timestamp": 1615321283791, "tick_direction": 3, "price": 0.1805, "mark_price": 0.17990382, "iv": 96.99, "instrument_name": "BTC-26MAR21-46000-C", "index_price": 54155.07, "direction": "sell", "amount": 0.1}, {"trade_seq": 68, "trade_id": "134593291", "timestamp": 1615321283589, "tick_direction": 2, "price": 0.1805, "mark_price": 0.17990421, "iv": 96.99, "instrument_name": "BTC-26MAR21-46000-C", "index_price": 54155.07, "direction": "sell", "amount": 0.1}, {"trade_seq": 67, "trade_id": "134593249", "timestamp": 1615321224995, "tick_direction": 1, "price": 0.181, "mark_price": 0.18042771, "iv": 96.98, "instrument_name": "BTC-26MAR21-46000-C", "index_price": 54198.32, "direction": "sell", "amount": 0.1}, {"trade_seq": 66, "trade_id": "134593248", "timestamp": 1615321224938, "tick_direction": 1, "price": 0.181, "mark_price": 0.18042771, "iv": 96.98, "instrument_name": "BTC-26MAR21-46000-C", "index_price": 54198.32, "direction": "sell", "amount": 0.3}, {"trade_seq": 65, "trade_id": "134593247", "timestamp": 1615321224887, "tick_direction": 1, "price": 0.181, "mark_price": 0.18042771, "iv": 96.98, "instrument_name": "BTC-26MAR21-46000-C", "index_price": 54198.32, "direction": "sell", "amount": 0.8}, {"trade_seq": 64, "trade_id": "134593223", "timestamp": 1615321214236, "tick_direction": 1, "price": 0.181, "mark_price": 0.1803295, "iv": 97.14, "instrument_name": "BTC-26MAR21-46000-C", "index_price": 54189.41, "direction": "sell", "amount": 0.4}, {"trade_seq": 63, "trade_id": "134593222", "timestamp": 1615321214190, "tick_direction": 0, "price": 0.181, "mark_price": 0.1803295, "iv": 97.14, "instrument_name": "BTC-26MAR21-46000-C", "index_price": 54189.41, "direction": "sell", "amount": 1.6}, {"trade_seq": 62, "trade_id": "134593031", "timestamp": 1615321103554, "tick_direction": 1, "price": 0.18, "mark_price": 0.17971897, "iv": 96.46, "instrument_name": "BTC-26MAR21-46000-C", "index_price": 54141.61, "direction": "sell", "amount": 0.3}, {"trade_seq": 61, "trade_id": "134593030", "timestamp": 1615321100127, "tick_direction": 1, "price": 0.18, "mark_price": 0.17969104, "iv": 96.51, "instrument_name": "BTC-26MAR21-46000-C", "index_price": 54137.25, "direction": "sell", "amount": 0.2}, {"trade_seq": 60, "trade_id": "134593029", "timestamp": 1615321100056, "tick_direction": 1, "price": 0.18, "mark_price": 0.17969104, "iv": 96.51, "instrument_name": "BTC-26MAR21-46000-C", "index_price": 54137.25, "direction": "sell", "amount": 0.5}, {"trade_seq": 59, "trade_id": "134592971", "timestamp": 1615321061395, "tick_direction": 1, "price": 0.18, "mark_price": 0.17967349, "iv": 96.54, "instrument_name": "BTC-26MAR21-46000-C", "index_price": 54128.88, "direction": "sell", "amount": 0.2}, {"trade_seq": 58, "trade_id": "134592970", "timestamp": 1615321061334, "tick_direction": 1, "price": 0.18, "mark_price": 0.17967727, "iv": 96.54, "instrument_name": "BTC-26MAR21-46000-C", "index_price": 54128.88, "direction": "sell", "amount": 0.1}, {"trade_seq": 57, "trade_id": "134592969", "timestamp": 1615321061317, "tick_direction": 0, "price": 0.18, "mark_price": 0.17967727, "iv": 96.54, "instrument_name": "BTC-26MAR21-46000-C", "index_price": 54128.88, "direction": "sell", "amount": 0.7}, {"trade_seq": 56, "trade_id": "134212516", "timestamp": 1615161150463, "tick_direction": 0, "price": 0.152, "mark_price": 0.15157789, "iv": 96.78, "instrument_name": "BTC-26MAR21-46000-C", "index_price": 51357.56, "direction": "buy", "amount": 0.2}, {"trade_seq": 55, "trade_id": "133752016", "timestamp": 1614932606676, "tick_direction": 2, "price": 0.103, "mark_price": 0.10620203, "iv": 93.84, "instrument_name": "BTC-26MAR21-46000-C", "index_price": 47003.96, "direction": "sell", "amount": 0.1}, {"trade_seq": 54, "trade_id": "133737176", "timestamp": 1614928493772, "tick_direction": 1, "price": 0.111, "mark_price": 0.11056016, "iv": 97.21, "instrument_name": "BTC-26MAR21-46000-C", "index_price": 47416.14, "direction": "buy", "amount": 0.4}, {"trade_seq": 53, "trade_id": "133737167", "timestamp": 1614928488778, "tick_direction": 0, "price": 0.111, "mark_price": 0.11056805, "iv": 97.19, "instrument_name": "BTC-26MAR21-46000-C", "index_price": 47417.67, "direction": "buy", "amount": 0.1}, {"trade_seq": 52, "trade_id": "133685743", "timestamp": 1614907264597, "tick_direction": 2, "price": 0.1005, "mark_price": 0.10110098, "iv": 94.4, "instrument_name": "BTC-26MAR21-46000-C", "index_price": 46555.09, "direction": "sell", "amount": 1.0}, {"trade_seq": 51, "trade_id": "133683269", "timestamp": 1614906710080, "tick_direction": 2, "price": 0.1025, "mark_price": 0.10059065, "iv": 96.58, "instrument_name": "BTC-26MAR21-46000-C", "index_price": 46522.74, "direction": "buy", "amount": 1.0}, {"trade_seq": 50, "trade_id": "133639760", "timestamp": 1614896656287, "tick_direction": 0, "price": 0.122, "mark_price": 0.12038406, "iv": 98.91, "instrument_name": "BTC-26MAR21-46000-C", "index_price": 48137.84, "direction": "sell", "amount": 0.1}, {"trade_seq": 49, "trade_id": "133639699", "timestamp": 1614896568802, "tick_direction": 2, "price": 0.1205, "mark_price": 0.11941572, "iv": 98.33, "instrument_name": "BTC-26MAR21-46000-C", "index_price": 48055.81, "direction": "sell", "amount": 0.1}, {"trade_seq": 48, "trade_id": "133399501", "timestamp": 1614833666757, "tick_direction": 2, "price": 0.134, "mark_price": 0.13370885, "iv": 96.87, "instrument_name": "BTC-26MAR21-46000-C", "index_price": 49248.1, "direction": "sell", "amount": 1.0}, {"trade_seq": 47, "trade_id": "133392239", "timestamp": 1614832582801, "tick_direction": 0, "price": 0.137, "mark_price": 0.13743004, "iv": 95.43, "instrument_name": "BTC-26MAR21-46000-C", "index_price": 49592.37, "direction": "buy", "amount": 1.0}, {"trade_seq": 46, "trade_id": "133046134", "timestamp": 1614703681028, "tick_direction": 2, "price": 0.1215, "mark_price": 0.12161765, "iv": 95.48, "instrument_name": "BTC-26MAR21-46000-C", "index_price": 47869.52, "direction": "sell", "amount": 0.2}, {"trade_seq": 45, "trade_id": "132952409", "timestamp": 1614669215050, "tick_direction": 3, "price": 0.131, "mark_price": 0.13497403, "iv": 95.72, "instrument_name": "BTC-26MAR21-46000-C", "index_price": 48555.92, "direction": "sell", "amount": 0.1}, {"trade_seq": 44, "trade_id": "132952408", "timestamp": 1614669214882, "tick_direction": 3, "price": 0.131, "mark_price": 0.13497403, "iv": 95.72, "instrument_name": "BTC-26MAR21-46000-C", "index_price": 48555.92, "direction": "sell", "amount": 0.1}, {"trade_seq": 43, "trade_id": "132952395", "timestamp": 1614669213754, "tick_direction": 3, "price": 0.131, "mark_price": 0.13499407, "iv": 95.61, "instrument_name": "BTC-26MAR21-46000-C", "index_price": 48556.12, "direction": "sell", "amount": 0.1}, {"trade_seq": 42, "trade_id": "132952394", "timestamp": 1614669213530, "tick_direction": 2, "price": 0.131, "mark_price": 0.13499407, "iv": 95.59, "instrument_name": "BTC-26MAR21-46000-C", "index_price": 48564.47, "direction": "sell", "amount": 0.1}, {"trade_seq": 41, "trade_id": "132951695", "timestamp": 1614669133520, "tick_direction": 3, "price": 0.132, "mark_price": 0.13550995, "iv": 96.53, "instrument_name": "BTC-26MAR21-46000-C", "index_price": 48533.55, "direction": "buy", "amount": 23.4}, {"trade_seq": 40, "trade_id": "132951655", "timestamp": 1614669129446, "tick_direction": 3, "price": 0.132, "mark_price": 0.13555947, "iv": 96.49, "instrument_name": "BTC-26MAR21-46000-C", "index_price": 48532.42, "direction": "buy", "amount": 12.0}, {"trade_seq": 39, "trade_id": "132951654", "timestamp": 1614669129399, "tick_direction": 3, "price": 0.132, "mark_price": 0.13555947, "iv": 96.49, "instrument_name": "BTC-26MAR21-46000-C", "index_price": 48532.42, "direction": "buy", "amount": 12.0}, {"trade_seq": 38, "trade_id": "132951652", "timestamp": 1614669129327, "tick_direction": 3, "price": 0.132, "mark_price": 0.13555947, "iv": 96.49, "instrument_name": "BTC-26MAR21-46000-C", "index_price": 48532.42, "direction": "buy", "amount": 5.9}, {"trade_seq": 37, "trade_id": "132951650", "timestamp": 1614669129276, "tick_direction": 3, "price": 0.132, "mark_price": 0.13555947, "iv": 96.49, "instrument_name": "BTC-26MAR21-46000-C", "index_price": 48532.42, "direction": "buy", "amount": 5.9}, {"trade_seq": 36, "trade_id": "132951588", "timestamp": 1614669125557, "tick_direction": 3, "price": 0.132, "mark_price": 0.13548197, "iv": 96.6, "instrument_name": "BTC-26MAR21-46000-C", "index_price": 48531.08, "direction": "buy", "amount": 0.2}, {"trade_seq": 35, "trade_id": "132951586", "timestamp": 1614669125349, "tick_direction": 3, "price": 0.132, "mark_price": 0.13548197, "iv": 96.6, "instrument_name": "BTC-26MAR21-46000-C", "index_price": 48531.08, "direction": "buy", "amount": 0.1}, {"trade_seq": 34, "trade_id": "132951584", "timestamp": 1614669125226, "tick_direction": 3, "price": 0.132, "mark_price": 0.13548197, "iv": 96.6, "instrument_name": "BTC-26MAR21-46000-C", "index_price": 48531.08, "direction": "buy", "amount": 0.2}, {"trade_seq": 33, "trade_id": "132951581", "timestamp": 1614669125043, "tick_direction": 3, "price": 0.132, "mark_price": 0.13548797, "iv": 96.6, "instrument_name": "BTC-26MAR21-46000-C", "index_price": 48531.08, "direction": "buy", "amount": 0.2}, {"trade_seq": 32, "trade_id": "132951580", "timestamp": 1614669124990, "tick_direction": 3, "price": 0.132, "mark_price": 0.13548797, "iv": 96.6, "instrument_name": "BTC-26MAR21-46000-C", "index_price": 48518.97, "direction": "buy", "amount": 9.6}, {"trade_seq": 31, "trade_id": "132951560", "timestamp": 1614669124720, "tick_direction": 3, "price": 0.132, "mark_price": 0.13548797, "iv": 96.6, "instrument_name": "BTC-26MAR21-46000-C", "index_price": 48518.97, "direction": "buy", "amount": 0.1}, {"trade_seq": 30, "trade_id": "132951553", "timestamp": 1614669124604, "tick_direction": 3, "price": 0.132, "mark_price": 0.13548797, "iv": 96.6, "instrument_name": "BTC-26MAR21-46000-C", "index_price": 48518.97, "direction": "buy", "amount": 0.4}, {"trade_seq": 29, "trade_id": "132951522", "timestamp": 1614669123232, "tick_direction": 3, "price": 0.132, "mark_price": 0.13546101, "iv": 96.63, "instrument_name": "BTC-26MAR21-46000-C", "index_price": 48515.94, "direction": "buy", "amount": 0.2}, {"trade_seq": 28, "trade_id": "132951518", "timestamp": 1614669123079, "tick_direction": 3, "price": 0.132, "mark_price": 0.13546101, "iv": 96.63, "instrument_name": "BTC-26MAR21-46000-C", "index_price": 48515.94, "direction": "buy", "amount": 0.5}, {"trade_seq": 27, "trade_id": "132951516", "timestamp": 1614669122983, "tick_direction": 3, "price": 0.132, "mark_price": 0.13543472, "iv": 96.66, "instrument_name": "BTC-26MAR21-46000-C", "index_price": 48512.93, "direction": "buy", "amount": 0.3}, {"trade_seq": 26, "trade_id": "132951498", "timestamp": 1614669122600, "tick_direction": 3, "price": 0.132, "mark_price": 0.13543472, "iv": 96.66, "instrument_name": "BTC-26MAR21-46000-C", "index_price": 48512.93, "direction": "buy", "amount": 0.4}, {"trade_seq": 25, "trade_id": "132951493", "timestamp": 1614669122315, "tick_direction": 3, "price": 0.132, "mark_price": 0.13543472, "iv": 96.66, "instrument_name": "BTC-26MAR21-46000-C", "index_price": 48512.93, "direction": "buy", "amount": 0.5}, {"trade_seq": 24, "trade_id": "132951489", "timestamp": 1614669121965, "tick_direction": 3, "price": 0.132, "mark_price": 0.13541614, "iv": 96.68, "instrument_name": "BTC-26MAR21-46000-C", "index_price": 48511.36, "direction": "buy", "amount": 0.3}, {"trade_seq": 23, "trade_id": "132951484", "timestamp": 1614669121564, "tick_direction": 3, "price": 0.132, "mark_price": 0.13541614, "iv": 96.68, "instrument_name": "BTC-26MAR21-46000-C", "index_price": 48511.36, "direction": "buy", "amount": 0.2}, {"trade_seq": 22, "trade_id": "132951483", "timestamp": 1614669121356, "tick_direction": 3, "price": 0.132, "mark_price": 0.13541614, "iv": 96.68, "instrument_name": "BTC-26MAR21-46000-C", "index_price": 48511.36, "direction": "buy", "amount": 0.2}, {"trade_seq": 21, "trade_id": "132951478", "timestamp": 1614669121117, "tick_direction": 3, "price": 0.132, "mark_price": 0.13541614, "iv": 96.68, "instrument_name": "BTC-26MAR21-46000-C", "index_price": 48511.36, "direction": "buy", "amount": 0.3}, {"trade_seq": 20, "trade_id": "132951475", "timestamp": 1614669120809, "tick_direction": 3, "price": 0.132, "mark_price": 0.13542466, "iv": 96.68, "instrument_name": "BTC-26MAR21-46000-C", "index_price": 48510.64, "direction": "buy", "amount": 0.6}, {"trade_seq": 19, "trade_id": "132951471", "timestamp": 1614669120496, "tick_direction": 3, "price": 0.132, "mark_price": 0.13542466, "iv": 96.68, "instrument_name": "BTC-26MAR21-46000-C", "index_price": 48510.64, "direction": "buy", "amount": 0.9}, {"trade_seq": 18, "trade_id": "132951467", "timestamp": 1614669120008, "tick_direction": 3, "price": 0.132, "mark_price": 0.13526133, "iv": 96.68, "instrument_name": "BTC-26MAR21-46000-C", "index_price": 48510.64, "direction": "buy", "amount": 0.1}, {"trade_seq": 17, "trade_id": "132951465", "timestamp": 1614669119646, "tick_direction": 3, "price": 0.132, "mark_price": 0.13526133, "iv": 96.86, "instrument_name": "BTC-26MAR21-46000-C", "index_price": 48505.7, "direction": "buy", "amount": 0.1}, {"trade_seq": 16, "trade_id": "132951464", "timestamp": 1614669119455, "tick_direction": 3, "price": 0.132, "mark_price": 0.13526133, "iv": 96.86, "instrument_name": "BTC-26MAR21-46000-C", "index_price": 48505.7, "direction": "buy", "amount": 0.3}, {"trade_seq": 15, "trade_id": "132951463", "timestamp": 1614669119185, "tick_direction": 3, "price": 0.132, "mark_price": 0.13526133, "iv": 96.86, "instrument_name": "BTC-26MAR21-46000-C", "index_price": 48505.7, "direction": "buy", "amount": 0.5}, {"trade_seq": 14, "trade_id": "132951380", "timestamp": 1614669112598, "tick_direction": 3, "price": 0.132, "mark_price": 0.1353507, "iv": 96.81, "instrument_name": "BTC-26MAR21-46000-C", "index_price": 48493.94, "direction": "buy", "amount": 0.1}, {"trade_seq": 13, "trade_id": "132951377", "timestamp": 1614669112164, "tick_direction": 3, "price": 0.132, "mark_price": 0.1353507, "iv": 96.81, "instrument_name": "BTC-26MAR21-46000-C", "index_price": 48493.94, "direction": "buy", "amount": 0.1}, {"trade_seq": 12, "trade_id": "132951375", "timestamp": 1614669111998, "tick_direction": 3, "price": 0.132, "mark_price": 0.1353651, "iv": 96.81, "instrument_name": "BTC-26MAR21-46000-C", "index_price": 48493.94, "direction": "buy", "amount": 0.1}, {"trade_seq": 11, "trade_id": "132951371", "timestamp": 1614669111814, "tick_direction": 3, "price": 0.132, "mark_price": 0.1353651, "iv": 96.8, "instrument_name": "BTC-26MAR21-46000-C", "index_price": 48493.93, "direction": "buy", "amount": 0.3}, {"trade_seq": 10, "trade_id": "132951370", "timestamp": 1614669111596, "tick_direction": 3, "price": 0.132, "mark_price": 0.1353651, "iv": 96.8, "instrument_name": "BTC-26MAR21-46000-C", "index_price": 48493.93, "direction": "buy", "amount": 0.5}, {"trade_seq": 9, "trade_id": "132951369", "timestamp": 1614669111373, "tick_direction": 3, "price": 0.132, "mark_price": 0.1353651, "iv": 96.8, "instrument_name": "BTC-26MAR21-46000-C", "index_price": 48493.93, "direction": "buy", "amount": 0.8}, {"trade_seq": 8, "trade_id": "132951368", "timestamp": 1614669111356, "tick_direction": 3, "price": 0.132, "mark_price": 0.1353651, "iv": 96.8, "instrument_name": "BTC-26MAR21-46000-C", "index_price": 48493.93, "direction": "buy", "amount": 0.1}, {"trade_seq": 7, "trade_id": "132951367", "timestamp": 1614669111342, "tick_direction": 3, "price": 0.132, "mark_price": 0.1353651, "iv": 96.8, "instrument_name": "BTC-26MAR21-46000-C", "index_price": 48493.93, "direction": "buy", "amount": 1.8}, {"trade_seq": 6, "trade_id": "132951366", "timestamp": 1614669111318, "tick_direction": 2, "price": 0.132, "mark_price": 0.1353651, "iv": 96.8, "instrument_name": "BTC-26MAR21-46000-C", "index_price": 48493.93, "direction": "sell", "amount": 3.0}, {"trade_seq": 5, "trade_id": "132950676", "timestamp": 1614668999380, "tick_direction": 2, "price": 0.1345, "mark_price": 0.13505127, "iv": 99.94, "instrument_name": "BTC-26MAR21-46000-C", "index_price": 48448.02, "direction": "sell", "amount": 0.1}, {"trade_seq": 4, "trade_id": "132947004", "timestamp": 1614667186301, "tick_direction": 0, "price": 0.138, "mark_price": 0.13699386, "iv": 101.38, "instrument_name": "BTC-26MAR21-46000-C", "index_price": 48690.34, "direction": "sell", "amount": 0.8}, {"trade_seq": 3, "trade_id": "132946993", "timestamp": 1614667158741, "tick_direction": 3, "price": 0.1375, "mark_price": 0.13698836, "iv": 100.83, "instrument_name": "BTC-26MAR21-46000-C", "index_price": 48677.85, "direction": "sell", "amount": 0.1}, {"trade_seq": 2, "trade_id": "132946980", "timestamp": 1614667156412, "tick_direction": 2, "price": 0.1375, "mark_price": 0.13683369, "iv": 100.88, "instrument_name": "BTC-26MAR21-46000-C", "index_price": 48672.22, "direction": "sell", "amount": 0.1}, {"trade_seq": 1, "trade_id": "132870871", "timestamp": 1614644205296, "tick_direction": 1, "price": 0.1605, "mark_price": 0.15490717, "iv": 110.05, "instrument_name": "BTC-26MAR21-46000-C", "index_price": 49990.98, "direction": "sell", "amount": 0.1}], "has_more": false}